<?xml version="1.0" encoding="UTF-8"?>
<!DOCTYPE html PUBLIC "-//W3C//DTD XHTML 1.0 Transitional//EN"
    "http://www.w3.org/TR/xhtml1/DTD/xhtml1-transitional.dtd">
<html xmlns="http://www.w3.org/1999/xhtml" xml:lang="en" lang="en">
 <head>
  <title>
</title>
<meta http-equiv="Content-Type" content="text/html;charset=utf-8" />
  <meta name='ocr-system' content='tesseract 3.04.00' />
  <meta name='ocr-capabilities' content='ocr_page ocr_carea ocr_par ocr_line ocrx_word'/>
</head>
<body>
  <div class='ocr_page' id='page_1' title='image "./operaomniastudio02lupuuoft_0371.png"; bbox 0 0 2340 3736; ppageno 0'>
   <div class='ocr_carea' id='block_1_1' title="bbox 663 123 1699 182">
    <p class='ocr_par' dir='ltr' id='par_1_1' title="bbox 663 123 1699 182">
     <span class='ocr_line' id='line_1_1' title="bbox 663 123 1699 182; baseline 0.004 -13"><span class='ocrx_word' id='word_1_1' title='bbox 663 128 1118 182; x_wconf 67' lang='lat' dir='ltr'>RERUM‚ET</span> <span class='ocrx_word' id='word_1_2' title='bbox 1187 123 1699 175; x_wconf 71' lang='lat' dir='ltr'>Vaknonom.</span> 
     </span>
    </p>
   </div>
   <div class='ocr_carea' id='block_1_2' title="bbox 269 207 1159 957">
    <p class='ocr_par' dir='ltr' id='par_1_2' title="bbox 269 207 1159 957">
     <span class='ocr_line' id='line_1_2' title="bbox 300 207 1141 257; baseline -0.002 -11"><span class='ocrx_word' id='word_1_3' title='bbox 300 207 302 209; x_wconf 51' lang='grc'><strong><em>’</em></strong></span> <span class='ocrx_word' id='word_1_4' title='bbox 323 212 437 247; x_wconf 82' lang='lat' dir='ltr'>Leone</span> <span class='ocrx_word' id='word_1_5' title='bbox 457 212 591 257; x_wconf 79' lang='lat' dir='ltr'>probata</span> <span class='ocrx_word' id='word_1_6' title='bbox 609 233 619 249; x_wconf 91' lang='lat'>‚</span> <span class='ocrx_word' id='word_1_7' title='bbox 657 210 721 245; x_wconf 87' lang='lat' dir='ltr'>alia</span> <span class='ocrx_word' id='word_1_8' title='bbox 746 209 928 254; x_wconf 85' lang='lat' dir='ltr'>improbata</span> <span class='ocrx_word' id='word_1_9' title='bbox 941 234 953 251; x_wconf 91' lang='lat'>‚</span> <span class='ocrx_word' id='word_1_10' title='bbox 979 209 1043 244; x_wconf 80' lang='lat' dir='ltr'>alia</span> <span class='ocrx_word' id='word_1_11' title='bbox 1070 209 1141 244; x_wconf 91' lang='lat' dir='ltr'>indi</span> 
     </span>
     <span class='ocr_line' id='line_1_3' title="bbox 324 263 1152 308; baseline 0.001 -12"><span class='ocrx_word' id='word_1_12' title='bbox 324 263 425 297; x_wconf 76' lang='lat' dir='ltr'>scussa</span> <span class='ocrx_word' id='word_1_13' title='bbox 446 263 571 297; x_wconf 58' lang='lat' dir='ltr'>relicta.</span> <span class='ocrx_word' id='word_1_14' title='bbox 989 271 1066 308; x_wconf 85' lang='lat'>131·</span> <span class='ocrx_word' id='word_1_15' title='bbox 1081 271 1110 296; x_wconf 87' lang='lat'>1·</span> <span class='ocrx_word' id='word_1_16' title='bbox 1125 272 1152 297; x_wconf 82' lang='lat'>2-</span> 
     </span>
     <span class='ocr_line' id='line_1_4' title="bbox 275 310 1154 354; baseline -0.005 -7"><span class='ocrx_word' id='word_1_17' title='bbox 275 311 549 349; x_wconf 68' lang='lat' dir='ltr'>Chalcedonensis</span> <span class='ocrx_word' id='word_1_18' title='bbox 578 310 704 354; x_wconf 79' lang='lat' dir='ltr'>synodi</span> <span class='ocrx_word' id='word_1_19' title='bbox 728 311 907 345; x_wconf 85' lang='lat' dir='ltr'>Decretum</span> <span class='ocrx_word' id='word_1_20' title='bbox 932 322 1001 344; x_wconf 88' lang='lat' dir='ltr'>non</span> <span class='ocrx_word' id='word_1_21' title='bbox 1024 311 1070 345; x_wconf 84' lang='lat' dir='ltr'>est</span> <span class='ocrx_word' id='word_1_22' title='bbox 1099 321 1154 345; x_wconf 90' lang='lat' dir='ltr'>no-</span> 
     </span>
     <span class='ocr_line' id='line_1_5' title="bbox 325 359 1152 407; baseline -0.001 -10"><span class='ocrx_word' id='word_1_23' title='bbox 325 372 404 400; x_wconf 83' lang='lat' dir='ltr'>vum</span> <span class='ocrx_word' id='word_1_24' title='bbox 421 359 637 403; x_wconf 86' lang='lat' dir='ltr'><strong>Symbolum,</strong></span> <span class='ocrx_word' id='word_1_25' title='bbox 659 359 713 394; x_wconf 86' lang='lat' dir='ltr'>sed</span> <span class='ocrx_word' id='word_1_26' title='bbox 736 373 823 395; x_wconf 78' lang='lat' dir='ltr'>nova</span> <span class='ocrx_word' id='word_1_27' title='bbox 843 361 1015 396; x_wconf 83' lang='lat' dir='ltr'>definitio.</span> <span class='ocrx_word' id='word_1_28' title='bbox 1033 370 1111 407; x_wconf 83' lang='lat'>254-</span> <span class='ocrx_word' id='word_1_29' title='bbox 1124 373 1152 396; x_wconf 80' lang='lat'>2.</span> 
     </span>
     <span class='ocr_line' id='line_1_6' title="bbox 274 408 1153 455; baseline 0.001 -11"><span class='ocrx_word' id='word_1_30' title='bbox 274 411 315 448; x_wconf 78' lang='lat'>111</span> <span class='ocrx_word' id='word_1_31' title='bbox 326 408 583 448; x_wconf 83' lang='lat' dir='ltr'>Ghalcedonenfi</span> <span class='ocrx_word' id='word_1_32' title='bbox 594 411 734 454; x_wconf 89' lang='lat' dir='ltr'>Synodo</span> <span class='ocrx_word' id='word_1_33' title='bbox 744 411 820 445; x_wconf 74' lang='lat' dir='ltr'>ante</span> <span class='ocrx_word' id='word_1_34' title='bbox 832 412 930 453; x_wconf 71' lang='lat' dir='ltr'>fac‘ti,</span> <span class='ocrx_word' id='word_1_35' title='bbox 956 410 1057 455; x_wconf 75' lang='lat' dir='ltr'>quam</span> <span class='ocrx_word' id='word_1_36' title='bbox 1078 410 1153 445; x_wconf 89' lang='lat' dir='ltr'>fidei</span> 
     </span>
     <span class='ocr_line' id='line_1_7' title="bbox 284 458 1154 508; baseline 0.006 -15"><span class='ocrx_word' id='word_1_37' title='bbox 284 483 288 486; x_wconf 62' lang='grc'><em>»</em></span> <span class='ocrx_word' id='word_1_38' title='bbox 321 461 493 504; x_wconf 86' lang='lat' dir='ltr'><strong>negotium</strong></span> <span class='ocrx_word' id='word_1_39' title='bbox 503 461 702 502; x_wconf 70' lang='lat' dir='ltr'>discussum,</span> <span class='ocrx_word' id='word_1_40' title='bbox 727 458 811 497; x_wconf 85' lang='lat' dir='ltr'>cur?</span> <span class='ocrx_word' id='word_1_41' title='bbox 1014 471 1093 508; x_wconf 78' lang='lat'>245-</span> <span class='ocrx_word' id='word_1_42' title='bbox 1123 474 1154 498; x_wconf 87' lang='lat'><em>2</em></span> 
     </span>
     <span class='ocr_line' id='line_1_8' title="bbox 272 507 1154 555; baseline 0.001 -11"><span class='ocrx_word' id='word_1_43' title='bbox 272 507 551 546; x_wconf 86' lang='lat' dir='ltr'>Chalcedonensis</span> <span class='ocrx_word' id='word_1_44' title='bbox 577 513 732 555; x_wconf 84' lang='lat' dir='ltr'>Synodus</span> <span class='ocrx_word' id='word_1_45' title='bbox 753 513 841 545; x_wconf 86' lang='lat' dir='ltr'>sexta</span> <span class='ocrx_word' id='word_1_46' title='bbox 868 511 995 546; x_wconf 71' lang='lat' dir='ltr'>afflone</span> <span class='ocrx_word' id='word_1_47' title='bbox 1020 511 1154 545; x_wconf 90' lang='lat' dir='ltr'>finitur:</span> 
     </span>
     <span class='ocr_line' id='line_1_9' title="bbox 320 559 1155 608; baseline 0.001 -14"><span class='ocrx_word' id='word_1_48' title='bbox 320 559 487 608; x_wconf 81' lang='lat' dir='ltr'>vais</span> <span class='ocrx_word' id='word_1_49' title='bbox 496 562 652 607; x_wconf 85' lang='lat' dir='ltr'>Episcopi</span> <span class='ocrx_word' id='word_1_50' title='bbox 674 561 882 606; x_wconf 84' lang='lat' dir='ltr'>aliquantum</span> <span class='ocrx_word' id='word_1_51' title='bbox 906 561 978 606; x_wconf 89' lang='lat' dir='ltr'>post</span> <span class='ocrx_word' id='word_1_52' title='bbox 999 561 1070 605; x_wconf 82' lang='lat' dir='ltr'>juffi</span> <span class='ocrx_word' id='word_1_53' title='bbox 1092 562 1155 596; x_wconf 89' lang='lat' dir='ltr'>sint</span> 
     </span>
     <span class='ocr_line' id='line_1_10' title="bbox 320 621 1154 658; baseline 0.006 -14"><span class='ocrx_word' id='word_1_54' title='bbox 320 621 530 654; x_wconf 86' lang='lat' dir='ltr'>permanere.</span> <span class='ocrx_word' id='word_1_55' title='bbox 1014 623 1094 658; x_wconf 89' lang='lat'>277·</span> <span class='ocrx_word' id='word_1_56' title='bbox 1123 624 1154 649; x_wconf 89' lang='lat'><em>2</em></span> 
     </span>
     <span class='ocr_line' id='line_1_11' title="bbox 279 658 1157 706; baseline 0.002 -13"><span class='ocrx_word' id='word_1_57' title='bbox 279 658 561 696; x_wconf 77' lang='lat' dir='ltr'><strong>Chalcedonensis</strong></span> <span class='ocrx_word' id='word_1_58' title='bbox 571 659 724 705; x_wconf 87' lang='lat' dir='ltr'>synodus</span> <span class='ocrx_word' id='word_1_59' title='bbox 745 660 786 696; x_wconf 82' lang='lat' dir='ltr'>ab</span> <span class='ocrx_word' id='word_1_60' title='bbox 809 660 979 695; x_wconf 68' lang='lat' dir='ltr'>Anastasio</span> <span class='ocrx_word' id='word_1_61' title='bbox 1002 661 1157 706; x_wconf 87' lang='lat' dir='ltr'>Augusto</span> 
     </span>
     <span class='ocr_line' id='line_1_12' title="bbox 323 711 1155 757; baseline 0.002 -13"><span class='ocrx_word' id='word_1_62' title='bbox 323 711 358 744; x_wconf 86' lang='lat'>&amp;</span> <span class='ocrx_word' id='word_1_63' title='bbox 390 711 525 747; x_wconf 74' lang='lat' dir='ltr'>nefariis</span> <span class='ocrx_word' id='word_1_64' title='bbox 554 711 750 757; x_wconf 85' lang='lat' dir='ltr'>quibusdam</span> <span class='ocrx_word' id='word_1_65' title='bbox 777 712 948 755; x_wconf 86' lang='lat' dir='ltr'>Episcopis</span> <span class='ocrx_word' id='word_1_66' title='bbox 984 711 1155 746; x_wconf 86' lang='lat' dir='ltr'>damnata.</span> 
     </span>
     <span class='ocr_line' id='line_1_13' title="bbox 324 760 1157 808; baseline 0 -11"><span class='ocrx_word' id='word_1_67' title='bbox 324 760 402 808; x_wconf 76' lang='grc'><strong><em>156.</em></strong></span> <span class='ocrx_word' id='word_1_68' title='bbox 420 773 447 798; x_wconf 89' lang='grc'>1.</span> <span class='ocrx_word' id='word_1_69' title='bbox 469 762 642 796; x_wconf 82' lang='lat' dir='ltr'>Miraculis</span> <span class='ocrx_word' id='word_1_70' title='bbox 668 761 883 796; x_wconf 85' lang='lat' dir='ltr'>confirmata.</span> <span class='ocrx_word' id='word_1_71' title='bbox 904 760 987 795; x_wconf 85' lang='lat' dir='ltr'>ibid.</span> <span class='ocrx_word' id='word_1_72' title='bbox 1018 762 1157 797; x_wconf 86' lang='lat' dir='ltr'>Anasta-</span> 
     </span>
     <span class='ocr_line' id='line_1_14' title="bbox 320 811 1154 858; baseline 0.006 -14"><span class='ocrx_word' id='word_1_73' title='bbox 320 811 783 846; x_wconf 74' lang='lat' dir='ltr'>fiusfulmineiecusinteriit.</span> <span class='ocrx_word' id='word_1_74' title='bbox 1021 811 1096 858; x_wconf 83' lang='lat'>156.</span> <span class='ocrx_word' id='word_1_75' title='bbox 1124 824 1154 849; x_wconf 91' lang='grc'>2.</span> 
     </span>
     <span class='ocr_line' id='line_1_15' title="bbox 269 859 1158 904; baseline -0.002 -7"><span class='ocrx_word' id='word_1_76' title='bbox 269 860 550 897; x_wconf 71' lang='lat' dir='ltr'>Chalcedonensis</span> <span class='ocrx_word' id='word_1_77' title='bbox 581 862 708 904; x_wconf 91' lang='lat' dir='ltr'>Synodi</span> <span class='ocrx_word' id='word_1_78' title='bbox 731 862 928 896; x_wconf 77' lang='lat' dir='ltr'>eversionem</span> <span class='ocrx_word' id='word_1_79' title='bbox 953 859 1158 896; x_wconf 89' lang='lat' dir='ltr'>Theodorus</span> 
     </span>
     <span class='ocr_line' id='line_1_16' title="bbox 321 907 1159 957; baseline 0.001 -12"><span class='ocrx_word' id='word_1_80' title='bbox 321 907 506 954; x_wconf 81' lang='lat' dir='ltr'>Cappadox</span> <span class='ocrx_word' id='word_1_81' title='bbox 523 913 542 947; x_wconf 74' lang='lat' dir='ltr'>a</span> <span class='ocrx_word' id='word_1_82' title='bbox 564 912 748 957; x_wconf 85' lang='lat' dir='ltr'>Justiniano</span> <span class='ocrx_word' id='word_1_83' title='bbox 771 910 886 946; x_wconf 73' lang='lat' dir='ltr'>dolose</span> <span class='ocrx_word' id='word_1_84' title='bbox 910 911 999 945; x_wconf 82' lang='lat' dir='ltr'>nisus</span> <span class='ocrx_word' id='word_1_85' title='bbox 1027 911 1073 945; x_wconf 85' lang='lat' dir='ltr'>est</span> <span class='ocrx_word' id='word_1_86' title='bbox 1101 912 1159 946; x_wconf 88' lang='lat' dir='ltr'>im—</span> 
     </span>
    </p>
   </div>
   <div class='ocr_carea' id='block_1_3' title="bbox 270 972 1158 1110">
    <p class='ocr_par' dir='ltr' id='par_1_3' title="bbox 270 972 1158 1110">
     <span class='ocr_line' id='line_1_17' title="bbox 318 972 1156 1009; baseline -0.001 -14"><span class='ocrx_word' id='word_1_87' title='bbox 318 972 463 1005; x_wconf 86' lang='lat' dir='ltr'>petrare.</span> <span class='ocrx_word' id='word_1_88' title='bbox 1021 972 1098 1009; x_wconf 77' lang='lat'>159.</span> <span class='ocrx_word' id='word_1_89' title='bbox 1128 973 1156 998; x_wconf 93' lang='lat'>1.</span> 
     </span>
     <span class='ocr_line' id='line_1_18' title="bbox 270 1010 1158 1110; baseline -0.001 -64"><span class='ocrx_word' id='word_1_90' title='bbox 270 1011 512 1110; x_wconf 51' lang='lat' dir='ltr'>Chgepigcopi</span> <span class='ocrx_word' id='word_1_91' title='bbox 538 1011 580 1048; x_wconf 90' lang='lat' dir='ltr'>ad</span> <span class='ocrx_word' id='word_1_92' title='bbox 605 1012 803 1047; x_wconf 87' lang='lat' dir='ltr'>Concilium</span> <span class='ocrx_word' id='word_1_93' title='bbox 833 1011 985 1058; x_wconf 86' lang='lat' dir='ltr'>generale</span> <span class='ocrx_word' id='word_1_94' title='bbox 1009 1010 1136 1046; x_wconf 83' lang='lat' dir='ltr'>admiffi</span> <span class='ocrx_word' id='word_1_95' title='bbox 1151 1038 1158 1045; x_wconf 88' lang='lat'>.</span> 
     </span>
    </p>
   </div>
   <div class='ocr_carea' id='block_1_4' title="bbox 269 1110 1159 1205">
    <p class='ocr_par' dir='ltr' id='par_1_4' title="bbox 269 1110 1159 1205">
     <span class='ocr_line' id='line_1_19' title="bbox 274 1110 1156 1158; baseline 0 -13"><span class='ocrx_word' id='word_1_96' title='bbox 274 1110 514 1158; x_wconf 86' lang='lat' dir='ltr'>Chorepiscopi</span> <span class='ocrx_word' id='word_1_97' title='bbox 525 1113 738 1148; x_wconf 85' lang='lat' dir='ltr'>ordinatione</span> <span class='ocrx_word' id='word_1_98' title='bbox 747 1113 836 1147; x_wconf 86' lang='lat' dir='ltr'>fuere</span> <span class='ocrx_word' id='word_1_99' title='bbox 850 1111 1017 1157; x_wconf 86' lang='lat' dir='ltr'>Episcopi.</span> <span class='ocrx_word' id='word_1_100' title='bbox 1031 1122 1110 1149; x_wconf 82' lang='grc'>210.</span> <span class='ocrx_word' id='word_1_101' title='bbox 1127 1125 1156 1149; x_wconf 91' lang='grc'><strong><em>2.</em></strong></span> 
     </span>
     <span class='ocr_line' id='line_1_20' title="bbox 269 1161 1159 1205; baseline 0 -10"><span class='ocrx_word' id='word_1_102' title='bbox 269 1161 335 1196; x_wconf 86' lang='lat' dir='ltr'>Hae</span> <span class='ocrx_word' id='word_1_103' title='bbox 345 1174 444 1198; x_wconf 87' lang='lat' dir='ltr'>voces</span> <span class='ocrx_word' id='word_1_104' title='bbox 457 1189 469 1205; x_wconf 84' lang='lat'>,</span> <span class='ocrx_word' id='word_1_105' title='bbox 496 1163 631 1205; x_wconf 75' lang='lat' dir='ltr'>christus</span> <span class='ocrx_word' id='word_1_106' title='bbox 651 1164 689 1205; x_wconf 81' lang='lat' dir='ltr'>est</span> <span class='ocrx_word' id='word_1_107' title='bbox 709 1175 772 1196; x_wconf 90' lang='lat' dir='ltr'>una</span> <span class='ocrx_word' id='word_1_108' title='bbox 794 1166 850 1196; x_wconf 75' lang='lat' dir='ltr'>Dei</span> <span class='ocrx_word' id='word_1_109' title='bbox 873 1163 964 1196; x_wconf 78' lang='lat' dir='ltr'>Verbi</span> <span class='ocrx_word' id='word_1_110' title='bbox 984 1170 1094 1197; x_wconf 86' lang='lat' dir='ltr'>natura</span> <span class='ocrx_word' id='word_1_111' title='bbox 1116 1169 1159 1196; x_wconf 80' lang='lat' dir='ltr'>in-</span> 
     </span>
    </p>
   </div>
   <div class='ocr_carea' id='block_1_5' title="bbox 1162 213 1183 926">
    <p class='ocr_par' dir='ltr' id='par_1_5' title="bbox 1162 213 1183 926">
     <span class='ocr_line' id='line_1_21' title="bbox 1162 213 1179 634; baseline 0.353 -4"><span class='ocrx_word' id='word_1_112' title='bbox 1162 213 1179 634; x_wconf 95' lang='lat' dir='ltr'>   </span> 
     </span>
     <span class='ocr_line' id='line_1_22' title="bbox 1163 634 1183 926; baseline 0 -196"><span class='ocrx_word' id='word_1_113' title='bbox 1163 634 1183 926; x_wconf 95' lang='lat' dir='ltr'>   </span> 
     </span>
    </p>
   </div>
   <div class='ocr_carea' id='block_1_6' title="bbox 1202 1044 1208 1142">
    <p class='ocr_par' dir='ltr' id='par_1_6' title="bbox 1202 1044 1208 1142">
     <span class='ocr_line' id='line_1_23' title="bbox 1202 1044 1208 1142; baseline 0 0"><span class='ocrx_word' id='word_1_114' title='bbox 1202 1044 1208 1142; x_wconf 95' lang='lat' dir='ltr'> </span> 
     </span>
    </p>
   </div>
   <div class='ocr_carea' id='block_1_7' title="bbox 1218 141 2099 509">
    <p class='ocr_par' dir='ltr' id='par_1_7' title="bbox 1963 141 1997 177">
     <span class='ocr_line' id='line_1_24' title="bbox 1963 141 1997 177; baseline 0 0"><span class='ocrx_word' id='word_1_115' title='bbox 1963 141 1997 177; x_wconf 67' lang='grc' dir='ltr'>ὁ·</span> 
     </span>
    </p>

    <p class='ocr_par' dir='ltr' id='par_1_8' title="bbox 1265 147 2095 253">
     <span class='ocr_line' id='line_1_25' title="bbox 1265 147 2095 253; baseline 0.004 -11"><span class='ocrx_word' id='word_1_116' title='bbox 1265 209 1300 242; x_wconf 89' lang='lat' dir='ltr'>in</span> <span class='ocrx_word' id='word_1_117' title='bbox 1313 208 1451 253; x_wconf 87' lang='lat' dir='ltr'>Synodo</span> <span class='ocrx_word' id='word_1_118' title='bbox 1469 207 1728 246; x_wconf 81' lang='lat' dir='ltr'>Chalcedonenfi</span> <span class='ocrx_word' id='word_1_119' title='bbox 1749 209 1924 247; x_wconf 77' lang='lat' dir='ltr'>definitum</span> <span class='ocrx_word' id='word_1_120' title='bbox 1933 147 2076 248; x_wconf 56' lang='lat' dir='ltr'>3volffere</span> <span class='ocrx_word' id='word_1_121' title='bbox 2087 238 2095 245; x_wconf 87' lang='lat'><strong>.</strong></span> 
     </span>
    </p>

    <p class='ocr_par' dir='ltr' id='par_1_9' title="bbox 1269 257 2097 308">
     <span class='ocr_line' id='line_1_26' title="bbox 1269 257 2097 308; baseline 0.006 -16"><span class='ocrx_word' id='word_1_122' title='bbox 1269 270 1348 307; x_wconf 86' lang='lat'>273.</span> <span class='ocrx_word' id='word_1_123' title='bbox 1362 271 1393 296; x_wconf 87' lang='lat'>2.</span> <span class='ocrx_word' id='word_1_124' title='bbox 1420 258 1479 294; x_wconf 85' lang='lat' dir='ltr'>Est</span> <span class='ocrx_word' id='word_1_125' title='bbox 1488 257 1672 296; x_wconf 85' lang='lat' dir='ltr'>orthodoxa</span> <span class='ocrx_word' id='word_1_126' title='bbox 1687 262 1881 305; x_wconf 81' lang='lat' dir='ltr'>propositio.</span> <span class='ocrx_word' id='word_1_127' title='bbox 1907 273 1986 308; x_wconf 93' lang='lat'><strong>274.</strong></span> <span class='ocrx_word' id='word_1_128' title='bbox 2005 274 2033 299; x_wconf 94' lang='lat'>1.</span> <span class='ocrx_word' id='word_1_129' title='bbox 2054 264 2097 297; x_wconf 86' lang='lat' dir='ltr'>ln</span> 
     </span>
    </p>

    <p class='ocr_par' dir='ltr' id='par_1_10' title="bbox 1218 309 2098 509">
     <span class='ocr_line' id='line_1_27' title="bbox 1267 309 2098 354; baseline 0.002 -9"><span class='ocrx_word' id='word_1_130' title='bbox 1267 310 1337 354; x_wconf 83' lang='lat' dir='ltr'>ejus</span> <span class='ocrx_word' id='word_1_131' title='bbox 1360 311 1473 345; x_wconf 88' lang='lat' dir='ltr'>locum</span> <span class='ocrx_word' id='word_1_132' title='bbox 1491 315 1523 343; x_wconf 76' lang='lat' dir='ltr'>in</span> <span class='ocrx_word' id='word_1_133' title='bbox 1554 309 1669 344; x_wconf 84' lang='lat' dir='ltr'>duabus</span> <span class='ocrx_word' id='word_1_134' title='bbox 1691 316 1808 345; x_wconf 84' lang='lat' dir='ltr'>naturis</span> <span class='ocrx_word' id='word_1_135' title='bbox 1829 311 1876 345; x_wconf 85' lang='lat' dir='ltr'>est</span> <span class='ocrx_word' id='word_1_136' title='bbox 1910 312 2098 348; x_wconf 68' lang='lat' dir='ltr'>suffectum.</span> 
     </span>
     <span class='ocr_line' id='line_1_28' title="bbox 1218 369 2094 459; baseline 0.005 -14"><span class='ocrx_word' id='word_1_137' title='bbox 1218 411 1248 445; x_wconf 91' lang='lat' dir='ltr'>S.</span> <span class='ocrx_word' id='word_1_138' title='bbox 1261 369 1445 445; x_wconf 52' lang='lat' dir='ltr'>Cicindntis</span> <span class='ocrx_word' id='word_1_139' title='bbox 1458 410 1605 444; x_wconf 89' lang='lat' dir='ltr'>Romani</span> <span class='ocrx_word' id='word_1_140' title='bbox 1617 409 1791 445; x_wconf 87' lang='lat' dir='ltr'>Pontificis</span> <span class='ocrx_word' id='word_1_141' title='bbox 1801 412 1968 457; x_wconf 88' lang='lat' dir='ltr'>elogium.</span> <span class='ocrx_word' id='word_1_142' title='bbox 1985 423 2050 459; x_wconf 84' lang='lat'>3¹3·</span> <span class='ocrx_word' id='word_1_143' title='bbox 2063 424 2094 449; x_wconf 85' lang='lat'>2.</span> 
     </span>
     <span class='ocr_line' id='line_1_29' title="bbox 1218 458 2099 509; baseline 0.005 -15"><span class='ocrx_word' id='word_1_144' title='bbox 1218 461 1403 495; x_wconf 86' lang='lat' dir='ltr'>Clericatus</span> <span class='ocrx_word' id='word_1_145' title='bbox 1422 458 1585 504; x_wconf 82' lang='lat' dir='ltr'>spirituale</span> <span class='ocrx_word' id='word_1_146' title='bbox 1598 459 1643 494; x_wconf 90' lang='lat' dir='ltr'>est</span> <span class='ocrx_word' id='word_1_147' title='bbox 1656 460 1867 506; x_wconf 72' lang='lat' dir='ltr'>conjugium</span> <span class='ocrx_word' id='word_1_148' title='bbox 1994 472 2099 509; x_wconf 83' lang='lat'><em>74-1-</em></span> 
     </span>
    </p>
   </div>
   <div class='ocr_carea' id='block_1_8' title="bbox 1217 510 2101 558">
    <p class='ocr_par' dir='ltr' id='par_1_11' title="bbox 1217 510 2101 558">
     <span class='ocr_line' id='line_1_30' title="bbox 1217 510 2101 558; baseline 0 -13"><span class='ocrx_word' id='word_1_149' title='bbox 1217 510 1319 558; x_wconf 87' lang='lat' dir='ltr'>Qod</span> <span class='ocrx_word' id='word_1_150' title='bbox 1341 510 1486 546; x_wconf 88' lang='lat' dir='ltr'>Clericus</span> <span class='ocrx_word' id='word_1_151' title='bbox 1498 510 1537 545; x_wconf 89' lang='lat' dir='ltr'>ad</span> <span class='ocrx_word' id='word_1_152' title='bbox 1550 510 1766 545; x_wconf 82' lang='lat' dir='ltr'>ministerium</span> <span class='ocrx_word' id='word_1_153' title='bbox 1777 512 1818 546; x_wconf 86' lang='lat' dir='ltr'>ab</span> <span class='ocrx_word' id='word_1_154' title='bbox 1834 513 1996 556; x_wconf 89' lang='lat' dir='ltr'>Episcopo</span> <span class='ocrx_word' id='word_1_155' title='bbox 2018 513 2101 546; x_wconf 88' lang='lat' dir='ltr'>assu-</span> 
     </span>
    </p>
   </div>
   <div class='ocr_carea' id='block_1_9' title="bbox 1219 560 2106 1210">
    <p class='ocr_par' dir='ltr' id='par_1_12' title="bbox 1219 560 2106 1210">
     <span class='ocr_line' id='line_1_31' title="bbox 1268 560 2098 600; baseline 0 -5"><span class='ocrx_word' id='word_1_156' title='bbox 1268 571 1409 596; x_wconf 82' lang='lat' dir='ltr'>meretur</span> <span class='ocrx_word' id='word_1_157' title='bbox 1419 584 1429 600; x_wconf 85' lang='lat'>,</span> <span class='ocrx_word' id='word_1_158' title='bbox 1439 560 1685 595; x_wconf 86' lang='lat' dir='ltr'>communionis</span> <span class='ocrx_word' id='word_1_159' title='bbox 1692 570 1760 594; x_wconf 86' lang='lat' dir='ltr'>erat</span> <span class='ocrx_word' id='word_1_160' title='bbox 1773 561 1945 596; x_wconf 89' lang='lat' dir='ltr'>indicium.</span> <span class='ocrx_word' id='word_1_161' title='bbox 1955 560 2009 599; x_wconf 83' lang='lat'>86.</span> <span class='ocrx_word' id='word_1_162' title='bbox 2026 573 2052 598; x_wconf 91' lang='lat'>1.</span> <span class='ocrx_word' id='word_1_163' title='bbox 2066 574 2098 598; x_wconf 86' lang='lat'>2.</span> 
     </span>
     <span class='ocr_line' id='line_1_32' title="bbox 1219 611 2100 656; baseline -0.001 -10"><span class='ocrx_word' id='word_1_164' title='bbox 1219 612 1368 646; x_wconf 83' lang='lat' dir='ltr'>Clericus</span> <span class='ocrx_word' id='word_1_165' title='bbox 1378 612 1442 646; x_wconf 89' lang='lat' dir='ltr'>sese</span> <span class='ocrx_word' id='word_1_166' title='bbox 1461 612 1494 645; x_wconf 90' lang='lat' dir='ltr'>in</span> <span class='ocrx_word' id='word_1_167' title='bbox 1505 612 1784 656; x_wconf 83' lang='lat' dir='ltr'>parasynagogam</span> <span class='ocrx_word' id='word_1_168' title='bbox 1795 611 1835 644; x_wconf 83' lang='lat' dir='ltr'>ab</span> <span class='ocrx_word' id='word_1_169' title='bbox 1845 613 1995 656; x_wconf 84' lang='lat' dir='ltr'>Episcopi</span> <span class='ocrx_word' id='word_1_170' title='bbox 2008 622 2100 646; x_wconf 82' lang='lat' dir='ltr'>com-</span> 
     </span>
     <span class='ocr_line' id='line_1_33' title="bbox 1269 661 2099 705; baseline -0.001 -10"><span class='ocrx_word' id='word_1_171' title='bbox 1269 662 1430 696; x_wconf 87' lang='lat' dir='ltr'>munione</span> <span class='ocrx_word' id='word_1_172' title='bbox 1442 662 1587 705; x_wconf 82' lang='lat' dir='ltr'>separans</span> <span class='ocrx_word' id='word_1_173' title='bbox 1599 686 1609 701; x_wconf 94' lang='lat'>‚</span> <span class='ocrx_word' id='word_1_174' title='bbox 1634 661 1684 696; x_wconf 88' lang='lat' dir='ltr'>bis</span> <span class='ocrx_word' id='word_1_175' title='bbox 1696 662 1737 695; x_wconf 86' lang='lat' dir='ltr'>ad</span> <span class='ocrx_word' id='word_1_176' title='bbox 1760 662 1922 695; x_wconf 87' lang='lat' dir='ltr'>unitatem</span> <span class='ocrx_word' id='word_1_177' title='bbox 1942 670 2076 699; x_wconf 87' lang='lat' dir='ltr'>vocatus</span> <span class='ocrx_word' id='word_1_178' title='bbox 2087 686 2099 702; x_wconf 91' lang='lat'>,</span> 
     </span>
     <span class='ocr_line' id='line_1_34' title="bbox 1269 710 2102 756; baseline 0.001 -11"><span class='ocrx_word' id='word_1_179' title='bbox 1269 712 1304 745; x_wconf 89' lang='lat' dir='ltr'>in</span> <span class='ocrx_word' id='word_1_180' title='bbox 1316 713 1525 746; x_wconf 80' lang='lat' dir='ltr'>contumacia</span> <span class='ocrx_word' id='word_1_181' title='bbox 1547 711 1768 747; x_wconf 74' lang='lat' dir='ltr'>nihilominus</span> <span class='ocrx_word' id='word_1_182' title='bbox 1781 710 1944 756; x_wconf 83' lang='lat' dir='ltr'>persistens</span> <span class='ocrx_word' id='word_1_183' title='bbox 1956 736 1966 751; x_wconf 94' lang='lat'>,</span> <span class='ocrx_word' id='word_1_184' title='bbox 1993 723 2102 756; x_wconf 75' lang='lat' dir='ltr'>perpe-</span> 
     </span>
     <span class='ocr_line' id='line_1_35' title="bbox 1269 760 2098 806; baseline 0 -11"><span class='ocrx_word' id='word_1_185' title='bbox 1269 760 1329 795; x_wconf 77' lang='lat' dir='ltr'>tuo</span> <span class='ocrx_word' id='word_1_186' title='bbox 1339 762 1533 806; x_wconf 84' lang='lat' dir='ltr'>degradatus</span> <span class='ocrx_word' id='word_1_187' title='bbox 1542 788 1549 795; x_wconf 90' lang='lat'><strong>.</strong></span> <span class='ocrx_word' id='word_1_188' title='bbox 1974 761 2016 797; x_wconf 87' lang='lat'>26</span> <span class='ocrx_word' id='word_1_189' title='bbox 2022 773 2050 804; x_wconf 90' lang='lat'>7.</span> <span class='ocrx_word' id='word_1_190' title='bbox 2067 774 2098 798; x_wconf 83' lang='lat'>2.</span> 
     </span>
     <span class='ocr_line' id='line_1_36' title="bbox 1220 809 2101 856; baseline -0.001 -10"><span class='ocrx_word' id='word_1_191' title='bbox 1220 810 1342 846; x_wconf 86' lang='lat' dir='ltr'>Clerici</span> <span class='ocrx_word' id='word_1_192' title='bbox 1363 823 1400 846; x_wconf 92' lang='lat' dir='ltr'>ac</span> <span class='ocrx_word' id='word_1_193' title='bbox 1423 812 1576 856; x_wconf 83' lang='lat' dir='ltr'>Episcopi</span> <span class='ocrx_word' id='word_1_194' title='bbox 1598 811 1639 846; x_wconf 82' lang='lat' dir='ltr'>ad</span> <span class='ocrx_word' id='word_1_195' title='bbox 1658 811 1888 846; x_wconf 81' lang='lat' dir='ltr'>monasterium</span> <span class='ocrx_word' id='word_1_196' title='bbox 1909 809 1994 845; x_wconf 71' lang='lat' dir='ltr'>varie</span> <span class='ocrx_word' id='word_1_197' title='bbox 2018 811 2101 845; x_wconf 90' lang='lat' dir='ltr'>olim</span> 
     </span>
     <span class='ocr_line' id='line_1_37' title="bbox 1269 861 2102 907; baseline -0.001 -12"><span class='ocrx_word' id='word_1_198' title='bbox 1269 861 1433 896; x_wconf 86' lang='lat' dir='ltr'>ordinati.</span> <span class='ocrx_word' id='word_1_199' title='bbox 1932 870 1934 872; x_wconf 79' lang='grc'>’</span> <span class='ocrx_word' id='word_1_200' title='bbox 2002 872 2056 907; x_wconf 88' lang='grc'>75-</span> <span class='ocrx_word' id='word_1_201' title='bbox 2070 874 2102 898; x_wconf 92' lang='grc'>2.</span> 
     </span>
     <span class='ocr_line' id='line_1_38' title="bbox 1221 910 2104 956; baseline -0.001 -11"><span class='ocrx_word' id='word_1_202' title='bbox 1221 911 1342 946; x_wconf 89' lang='lat' dir='ltr'>Clerici</span> <span class='ocrx_word' id='word_1_203' title='bbox 1362 923 1399 947; x_wconf 85' lang='lat' dir='ltr'>ac</span> <span class='ocrx_word' id='word_1_204' title='bbox 1422 912 1576 956; x_wconf 91' lang='lat' dir='ltr'>Episcopi</span> <span class='ocrx_word' id='word_1_205' title='bbox 1593 910 1789 952; x_wconf 90' lang='lat' dir='ltr'>ordinandi,</span> <span class='ocrx_word' id='word_1_206' title='bbox 1816 912 1899 947; x_wconf 87' lang='lat' dir='ltr'>olim</span> <span class='ocrx_word' id='word_1_207' title='bbox 1920 910 1962 946; x_wconf 88' lang='lat' dir='ltr'>ab</span> <span class='ocrx_word' id='word_1_208' title='bbox 1984 910 2104 945; x_wconf 85' lang='lat' dir='ltr'>Archi-</span> 
     </span>
     <span class='ocr_line' id='line_1_39' title="bbox 1270 961 2103 1006; baseline 0.001 -10"><span class='ocrx_word' id='word_1_209' title='bbox 1270 961 1414 997; x_wconf 78' lang='lat' dir='ltr'>diacono</span> <span class='ocrx_word' id='word_1_210' title='bbox 1425 962 1603 997; x_wconf 83' lang='lat' dir='ltr'>examinati</span> <span class='ocrx_word' id='word_1_211' title='bbox 1617 987 1625 994; x_wconf 91' lang='lat'><em>.</em></span> <span class='ocrx_word' id='word_1_212' title='bbox 2001 971 2058 1006; x_wconf 83' lang='lat'>42-</span> <span class='ocrx_word' id='word_1_213' title='bbox 2075 972 2103 997; x_wconf 86' lang='grc'>1.</span> 
     </span>
     <span class='ocr_line' id='line_1_40' title="bbox 1220 1011 2104 1059; baseline 0.002 -14"><span class='ocrx_word' id='word_1_214' title='bbox 1220 1012 1345 1047; x_wconf 88' lang='lat' dir='ltr'>Clerici</span> <span class='ocrx_word' id='word_1_215' title='bbox 1362 1013 1401 1047; x_wconf 90' lang='lat' dir='ltr'>ad</span> <span class='ocrx_word' id='word_1_216' title='bbox 1414 1011 1588 1056; x_wconf 87' lang='lat' dir='ltr'>hospitalia</span> <span class='ocrx_word' id='word_1_217' title='bbox 1599 1012 1741 1047; x_wconf 85' lang='lat' dir='ltr'>ordinati</span> <span class='ocrx_word' id='word_1_218' title='bbox 1755 1039 1762 1046; x_wconf 91' lang='lat'><strong>.</strong></span> <span class='ocrx_word' id='word_1_219' title='bbox 2002 1023 2059 1059; x_wconf 86' lang='lat'>77-</span> <span class='ocrx_word' id='word_1_220' title='bbox 2076 1022 2104 1047; x_wconf 87' lang='lat'>1-</span> 
     </span>
     <span class='ocr_line' id='line_1_41' title="bbox 1222 1062 2106 1108; baseline 0.002 -11"><span class='ocrx_word' id='word_1_221' title='bbox 1222 1063 1343 1097; x_wconf 89' lang='lat' dir='ltr'>Clerici</span> <span class='ocrx_word' id='word_1_222' title='bbox 1361 1063 1403 1097; x_wconf 92' lang='lat' dir='ltr'>ad</span> <span class='ocrx_word' id='word_1_223' title='bbox 1416 1063 1601 1099; x_wconf 87' lang='lat' dir='ltr'>miffionem</span> <span class='ocrx_word' id='word_1_224' title='bbox 1613 1065 1743 1107; x_wconf 78' lang='lat' dir='ltr'>possunt</span> <span class='ocrx_word' id='word_1_225' title='bbox 1758 1062 1924 1098; x_wconf 89' lang='lat' dir='ltr'>ordinari.</span> <span class='ocrx_word' id='word_1_226' title='bbox 2001 1071 2057 1108; x_wconf 85' lang='lat'>74·</span> <span class='ocrx_word' id='word_1_227' title='bbox 2072 1074 2106 1099; x_wconf 88' lang='lat'>2-</span> 
     </span>
     <span class='ocr_line' id='line_1_42' title="bbox 1223 1111 2103 1158; baseline 0.001 -12"><span class='ocrx_word' id='word_1_228' title='bbox 1223 1112 1344 1147; x_wconf 88' lang='lat' dir='ltr'>Clerici</span> <span class='ocrx_word' id='word_1_229' title='bbox 1356 1114 1395 1147; x_wconf 90' lang='lat' dir='ltr'>ad</span> <span class='ocrx_word' id='word_1_230' title='bbox 1407 1124 1547 1157; x_wconf 89' lang='lat' dir='ltr'>quatuor</span> <span class='ocrx_word' id='word_1_231' title='bbox 1559 1113 1672 1148; x_wconf 89' lang='lat' dir='ltr'>titulos</span> <span class='ocrx_word' id='word_1_232' title='bbox 1685 1114 1814 1157; x_wconf 80' lang='lat' dir='ltr'>possunt</span> <span class='ocrx_word' id='word_1_233' title='bbox 1828 1111 1971 1151; x_wconf 86' lang='lat' dir='ltr'>ordinari</span> <span class='ocrx_word' id='word_1_234' title='bbox 1983 1138 1990 1145; x_wconf 95' lang='lat'>.</span> <span class='ocrx_word' id='word_1_235' title='bbox 2005 1123 2059 1158; x_wconf 86' lang='grc'>75.</span> <span class='ocrx_word' id='word_1_236' title='bbox 2075 1123 2103 1147; x_wconf 87' lang='grc'>1.</span> 
     </span>
     <span class='ocr_line' id='line_1_43' title="bbox 1223 1163 2104 1210; baseline 0.001 -13"><span class='ocrx_word' id='word_1_237' title='bbox 1223 1163 1344 1197; x_wconf 90' lang='lat' dir='ltr'>Clerici</span> <span class='ocrx_word' id='word_1_238' title='bbox 1356 1163 1542 1204; x_wconf 86' lang='lat' dir='ltr'>Canonici,</span> <span class='ocrx_word' id='word_1_239' title='bbox 1568 1163 1776 1203; x_wconf 85' lang='lat' dir='ltr'>Cardinales‚</span> <span class='ocrx_word' id='word_1_240' title='bbox 1786 1164 1849 1198; x_wconf 83' lang='lat' dir='ltr'>&amp;c-</span> <span class='ocrx_word' id='word_1_241' title='bbox 1861 1164 1918 1207; x_wconf 90' lang='lat' dir='ltr'>qui</span> <span class='ocrx_word' id='word_1_242' title='bbox 1930 1164 1946 1195; x_wconf 81' lang='lat'><em>?</em></span> <span class='ocrx_word' id='word_1_243' title='bbox 1957 1173 2009 1210; x_wconf 85' lang='lat'>73.</span> <span class='ocrx_word' id='word_1_244' title='bbox 2026 1173 2054 1197; x_wconf 88' lang='lat'>1.</span> <span class='ocrx_word' id='word_1_245' title='bbox 2071 1172 2104 1198; x_wconf 81' lang='lat'>2&#39;·</span> 
     </span>
    </p>
   </div>
   <div class='ocr_carea' id='block_1_10' title="bbox 318 1211 2106 1258">
    <p class='ocr_par' dir='ltr' id='par_1_13' title="bbox 318 1211 2106 1258">
     <span class='ocr_line' id='line_1_44' title="bbox 318 1211 2106 1258; baseline -0.001 -12"><span class='ocrx_word' id='word_1_246' title='bbox 318 1223 470 1255; x_wconf 69' lang='lat' dir='ltr'>camara,</span> <span class='ocrx_word' id='word_1_247' title='bbox 494 1213 514 1247; x_wconf 69' lang='lat' dir='ltr'>a</span> <span class='ocrx_word' id='word_1_248' title='bbox 535 1215 566 1248; x_wconf 89' lang='lat' dir='ltr'>S.</span> <span class='ocrx_word' id='word_1_249' title='bbox 589 1212 774 1249; x_wconf 76' lang='lat' dir='ltr'>Athanasio</span> <span class='ocrx_word' id='word_1_250' title='bbox 795 1214 831 1246; x_wconf 88' lang='lat' dir='ltr'>in</span> <span class='ocrx_word' id='word_1_251' title='bbox 854 1212 1032 1247; x_wconf 80' lang='lat' dir='ltr'>Ecclesiam</span> <span class='ocrx_word' id='word_1_252' title='bbox 1059 1211 1160 1257; x_wconf 79' lang='lat' dir='ltr'>vulgo</span> <span class='ocrx_word' id='word_1_253' title='bbox 1223 1212 1345 1247; x_wconf 79' lang='lat' dir='ltr'>Clerici</span> <span class='ocrx_word' id='word_1_254' title='bbox 1357 1213 1721 1258; x_wconf 79' lang='lat' dir='ltr'>Constantinopolitani</span> <span class='ocrx_word' id='word_1_255' title='bbox 1745 1214 1895 1249; x_wconf 73' lang='lat' dir='ltr'>adversus</span> <span class='ocrx_word' id='word_1_256' title='bbox 1917 1212 2106 1248; x_wconf 88' lang='lat' dir='ltr'>Nestorium</span> 
     </span>
    </p>
   </div>
   <div class='ocr_carea' id='block_1_11' title="bbox 265 1262 1161 3460">
    <p class='ocr_par' dir='ltr' id='par_1_14' title="bbox 317 1262 1160 1307">
     <span class='ocr_line' id='line_1_45' title="bbox 317 1262 1160 1307; baseline -0.004 -9"><span class='ocrx_word' id='word_1_257' title='bbox 317 1273 478 1307; x_wconf 82' lang='lat' dir='ltr'>putantur</span> <span class='ocrx_word' id='word_1_258' title='bbox 499 1264 653 1299; x_wconf 63' lang='lat' dir='ltr'>inductae:</span> <span class='ocrx_word' id='word_1_259' title='bbox 695 1263 737 1298; x_wconf 77' lang='lat' dir='ltr'>ab</span> <span class='ocrx_word' id='word_1_260' title='bbox 761 1262 984 1307; x_wconf 87' lang='lat' dir='ltr'>Eutychianis</span> <span class='ocrx_word' id='word_1_261' title='bbox 1006 1263 1041 1297; x_wconf 89' lang='lat' dir='ltr'>in</span> <span class='ocrx_word' id='word_1_262' title='bbox 1066 1264 1160 1297; x_wconf 91' lang='lat' dir='ltr'>suum</span> 
     </span>
    </p>

    <p class='ocr_par' dir='ltr' id='par_1_15' title="bbox 277 1314 1156 1357">
     <span class='ocr_line' id='line_1_46' title="bbox 277 1314 1156 1357; baseline 0.001 -11"><span class='ocrx_word' id='word_1_263' title='bbox 277 1338 282 1348; x_wconf 86' lang='grc'><strong><em>.,</em></strong></span> <span class='ocrx_word' id='word_1_264' title='bbox 319 1314 543 1356; x_wconf 75' lang='lat' dir='ltr'>patrocinium</span> <span class='ocrx_word' id='word_1_265' title='bbox 565 1315 749 1356; x_wconf 80' lang='lat' dir='ltr'>affumptae.</span> <span class='ocrx_word' id='word_1_266' title='bbox 990 1323 1067 1357; x_wconf 84' lang='grc'>145.</span> <span class='ocrx_word' id='word_1_267' title='bbox 1084 1323 1110 1347; x_wconf 83' lang='grc' dir='ltr'>Ι.</span> <span class='ocrx_word' id='word_1_268' title='bbox 1127 1323 1156 1347; x_wconf 88' lang='grc'>2.</span> 
     </span>
    </p>

    <p class='ocr_par' dir='ltr' id='par_1_16' title="bbox 268 1360 1161 1558">
     <span class='ocr_line' id='line_1_47' title="bbox 268 1360 1159 1404; baseline 0.001 -10"><span class='ocrx_word' id='word_1_269' title='bbox 268 1360 402 1404; x_wconf 74' lang='lat' dir='ltr'>cbristus</span> <span class='ocrx_word' id='word_1_270' title='bbox 422 1363 461 1402; x_wconf 80' lang='lat' dir='ltr'>est</span> <span class='ocrx_word' id='word_1_271' title='bbox 481 1373 547 1397; x_wconf 63' lang='lat' dir='ltr'>‘una</span> <span class='ocrx_word' id='word_1_272' title='bbox 569 1372 681 1396; x_wconf 80' lang='lat' dir='ltr'>natura</span> <span class='ocrx_word' id='word_1_273' title='bbox 702 1365 760 1395; x_wconf 75' lang='lat' dir='ltr'>Dei</span> <span class='ocrx_word' id='word_1_274' title='bbox 785 1361 875 1395; x_wconf 81' lang='lat' dir='ltr'>Verbi</span> <span class='ocrx_word' id='word_1_275' title='bbox 898 1367 1056 1394; x_wconf 71' lang='lat' dir='ltr'>incarnata</span> <span class='ocrx_word' id='word_1_276' title='bbox 1069 1386 1080 1401; x_wconf 97' lang='lat'><strong><em>,</em></strong></span> <span class='ocrx_word' id='word_1_277' title='bbox 1117 1363 1159 1395; x_wconf 88' lang='lat' dir='ltr'>sa-</span> 
     </span>
     <span class='ocr_line' id='line_1_48' title="bbox 318 1410 1158 1459; baseline -0.002 -11"><span class='ocrx_word' id='word_1_278' title='bbox 318 1424 366 1448; x_wconf 86' lang='lat' dir='ltr'>no</span> <span class='ocrx_word' id='word_1_279' title='bbox 386 1414 480 1448; x_wconf 88' lang='lat' dir='ltr'>sensu</span> <span class='ocrx_word' id='word_1_280' title='bbox 491 1411 634 1448; x_wconf 69' lang='lat' dir='ltr'>asseritur</span> <span class='ocrx_word' id='word_1_281' title='bbox 647 1438 655 1445; x_wconf 87' lang='lat'><strong>.</strong></span> <span class='ocrx_word' id='word_1_282' title='bbox 678 1422 757 1459; x_wconf 87' lang='grc'><strong><em>250.</em></strong></span> <span class='ocrx_word' id='word_1_283' title='bbox 773 1423 800 1448; x_wconf 90' lang='grc'>1.</span> <span class='ocrx_word' id='word_1_284' title='bbox 821 1412 860 1445; x_wconf 89' lang='lat' dir='ltr'>In</span> <span class='ocrx_word' id='word_1_285' title='bbox 875 1411 905 1444; x_wconf 91' lang='lat' dir='ltr'>S.</span> <span class='ocrx_word' id='word_1_286' title='bbox 918 1410 1095 1446; x_wconf 79' lang='lat' dir='ltr'>Athanasio</span> <span class='ocrx_word' id='word_1_287' title='bbox 1109 1423 1158 1448; x_wconf 86' lang='lat' dir='ltr'>ve-</span> 
     </span>
     <span class='ocr_line' id='line_1_49' title="bbox 320 1459 1161 1507; baseline -0.001 -11"><span class='ocrx_word' id='word_1_288' title='bbox 320 1463 497 1501; x_wconf 77' lang='lat' dir='ltr'>risimiliter</span> <span class='ocrx_word' id='word_1_289' title='bbox 508 1474 577 1498; x_wconf 80' lang='lat' dir='ltr'>uon</span> <span class='ocrx_word' id='word_1_290' title='bbox 589 1462 763 1507; x_wconf 83' lang='lat' dir='ltr'>reperitur.</span> <span class='ocrx_word' id='word_1_291' title='bbox 776 1470 855 1507; x_wconf 83' lang='grc'><strong><em>250.</em></strong></span> <span class='ocrx_word' id='word_1_292' title='bbox 867 1471 897 1497; x_wconf 89' lang='grc'>2.</span> <span class='ocrx_word' id='word_1_293' title='bbox 925 1459 988 1495; x_wconf 90' lang='lat' dir='ltr'>Sed</span> <span class='ocrx_word' id='word_1_294' title='bbox 1000 1462 1036 1496; x_wconf 89' lang='lat' dir='ltr'>in</span> <span class='ocrx_word' id='word_1_295' title='bbox 1048 1461 1080 1495; x_wconf 90' lang='lat' dir='ltr'>S.</span> <span class='ocrx_word' id='word_1_296' title='bbox 1093 1462 1161 1505; x_wconf 92' lang='lat' dir='ltr'>Cy-</span> 
     </span>
     <span class='ocr_line' id='line_1_50' title="bbox 318 1510 1159 1558; baseline -0.006 -10"><span class='ocrx_word' id='word_1_297' title='bbox 318 1513 417 1554; x_wconf 80' lang='lat' dir='ltr'>rino,</span> <span class='ocrx_word' id='word_1_298' title='bbox 438 1512 523 1548; x_wconf 77' lang='lat' dir='ltr'>forte</span> <span class='ocrx_word' id='word_1_299' title='bbox 534 1525 589 1558; x_wconf 84' lang='lat' dir='ltr'>per</span> <span class='ocrx_word' id='word_1_300' title='bbox 600 1513 800 1548; x_wconf 89' lang='lat' dir='ltr'>Dioscorum</span> <span class='ocrx_word' id='word_1_301' title='bbox 816 1510 1010 1554; x_wconf 87' lang='lat' dir='ltr'>depravato.</span> <span class='ocrx_word' id='word_1_302' title='bbox 1031 1522 1110 1557; x_wconf 78' lang='lat'><em>231.</em></span> <span class='ocrx_word' id='word_1_303' title='bbox 1129 1522 1159 1549; x_wconf 86' lang='lat'>1·</span> 
     </span>
    </p>

    <p class='ocr_par' dir='ltr' id='par_1_17' title="bbox 271 1561 1161 2009">
     <span class='ocr_line' id='line_1_51' title="bbox 271 1561 1159 1607; baseline -0.006 -8"><span class='ocrx_word' id='word_1_304' title='bbox 271 1563 337 1599; x_wconf 79' lang='lat' dir='ltr'>Hae</span> <span class='ocrx_word' id='word_1_305' title='bbox 349 1575 467 1604; x_wconf 89' lang='lat' dir='ltr'>voces,</span> <span class='ocrx_word' id='word_1_306' title='bbox 493 1561 699 1604; x_wconf 64' lang='lat' dir='ltr'>christusest,</span> <span class='ocrx_word' id='word_1_307' title='bbox 708 1562 771 1597; x_wconf 68' lang='grc' dir='ltr'><strong><em>διε.</em></strong></span> <span class='ocrx_word' id='word_1_308' title='bbox 787 1571 1018 1605; x_wconf 86' lang='lat' dir='ltr'>exponuntur.</span> <span class='ocrx_word' id='word_1_309' title='bbox 1038 1562 1114 1607; x_wconf 86' lang='lat'>146</span> <span class='ocrx_word' id='word_1_310' title='bbox 1130 1573 1159 1598; x_wconf 89' lang='lat'>2.</span> 
     </span>
     <span class='ocr_line' id='line_1_52' title="bbox 320 1610 1158 1662; baseline -0.007 -11"><span class='ocrx_word' id='word_1_311' title='bbox 320 1624 398 1662; x_wconf 90' lang='lat'>147</span> <span class='ocrx_word' id='word_1_312' title='bbox 415 1625 443 1650; x_wconf 89' lang='lat'>1</span> <span class='ocrx_word' id='word_1_313' title='bbox 459 1614 535 1649; x_wconf 89' lang='lat' dir='ltr'>sunt</span> <span class='ocrx_word' id='word_1_314' title='bbox 546 1613 746 1658; x_wconf 75' lang='lat' dir='ltr'>aequivocae,</span> <span class='ocrx_word' id='word_1_315' title='bbox 771 1611 817 1646; x_wconf 92' lang='lat' dir='ltr'>ob</span> <span class='ocrx_word' id='word_1_316' title='bbox 828 1610 1062 1647; x_wconf 87' lang='lat' dir='ltr'>authoritatem</span> <span class='ocrx_word' id='word_1_317' title='bbox 1090 1623 1158 1645; x_wconf 90' lang='lat' dir='ltr'>non</span> 
     </span>
     <span class='ocr_line' id='line_1_53' title="bbox 317 1662 1161 1711; baseline -0.002 -13"><span class='ocrx_word' id='word_1_318' title='bbox 317 1664 565 1698; x_wconf 73' lang='lat' dir='ltr'>condemnatae</span> <span class='ocrx_word' id='word_1_319' title='bbox 582 1674 656 1711; x_wconf 88' lang='lat'>147.</span> <span class='ocrx_word' id='word_1_320' title='bbox 672 1675 705 1701; x_wconf 90' lang='lat'>2·</span> <span class='ocrx_word' id='word_1_321' title='bbox 729 1663 811 1700; x_wconf 80' lang='lat' dir='ltr'>Haec</span> <span class='ocrx_word' id='word_1_322' title='bbox 830 1662 1027 1705; x_wconf 83' lang='lat' dir='ltr'>propositio:</span> <span class='ocrx_word' id='word_1_323' title='bbox 1053 1663 1161 1696; x_wconf 63' lang='lat' dir='ltr'>Unus?</span> 
     </span>
     <span class='ocr_line' id='line_1_54' title="bbox 316 1710 1161 1758; baseline 0 -12"><span class='ocrx_word' id='word_1_324' title='bbox 316 1716 469 1747; x_wconf 65' lang='lat' dir='ltr'>Trinitate</span> <span class='ocrx_word' id='word_1_325' title='bbox 481 1714 650 1758; x_wconf 78' lang='lat' dir='ltr'>estpaffus,</span> <span class='ocrx_word' id='word_1_326' title='bbox 683 1714 716 1747; x_wconf 90' lang='lat' dir='ltr'>in</span> <span class='ocrx_word' id='word_1_327' title='bbox 730 1713 824 1749; x_wconf 88' lang='lat' dir='ltr'>sensu</span> <span class='ocrx_word' id='word_1_328' title='bbox 848 1710 1027 1746; x_wconf 77' lang='lat' dir='ltr'>catholico</span> <span class='ocrx_word' id='word_1_329' title='bbox 1050 1711 1161 1754; x_wconf 83' lang='lat' dir='ltr'>proba·</span> 
     </span>
     <span class='ocr_line' id='line_1_55' title="bbox 317 1761 1161 1811; baseline -0.002 -13"><span class='ocrx_word' id='word_1_330' title='bbox 317 1773 371 1798; x_wconf 87' lang='lat' dir='ltr'>ta.</span> <span class='ocrx_word' id='word_1_331' title='bbox 390 1761 469 1810; x_wconf 87' lang='grc'>148</span> <span class='ocrx_word' id='word_1_332' title='bbox 485 1775 512 1800; x_wconf 89' lang='grc'>1</span> <span class='ocrx_word' id='word_1_333' title='bbox 545 1776 621 1811; x_wconf 85' lang='grc'>151</span> <span class='ocrx_word' id='word_1_334' title='bbox 635 1776 667 1801; x_wconf 89' lang='grc'>2.</span> <span class='ocrx_word' id='word_1_335' title='bbox 698 1774 775 1809; x_wconf 77' lang='lat'>152-</span> <span class='ocrx_word' id='word_1_336' title='bbox 793 1773 822 1798; x_wconf 86' lang='lat'>1·</span> <span class='ocrx_word' id='word_1_337' title='bbox 836 1774 868 1800; x_wconf 89' lang='lat'><em>2</em></span> <span class='ocrx_word' id='word_1_338' title='bbox 900 1771 979 1809; x_wconf 90' lang='lat'>194</span> <span class='ocrx_word' id='word_1_339' title='bbox 993 1773 1020 1799; x_wconf 86' lang='lat'>1·</span> <span class='ocrx_word' id='word_1_340' title='bbox 1043 1762 1161 1797; x_wconf 87' lang='lat' dir='ltr'>lnsen-</span> 
     </span>
     <span class='ocr_line' id='line_1_56' title="bbox 316 1809 1158 1858; baseline 0.004 -13"><span class='ocrx_word' id='word_1_341' title='bbox 316 1814 353 1845; x_wconf 89' lang='lat' dir='ltr'>su</span> <span class='ocrx_word' id='word_1_342' title='bbox 370 1813 659 1856; x_wconf 86' lang='lat' dir='ltr'>Eutychianorum</span> <span class='ocrx_word' id='word_1_343' title='bbox 670 1812 866 1856; x_wconf 87' lang='lat' dir='ltr'>proscripta·</span> <span class='ocrx_word' id='word_1_344' title='bbox 882 1809 960 1858; x_wconf 86' lang='lat'>148-</span> <span class='ocrx_word' id='word_1_345' title='bbox 975 1823 1004 1849; x_wconf 83' lang='lat'>2·</span> <span class='ocrx_word' id='word_1_346' title='bbox 1035 1823 1111 1856; x_wconf 83' lang='lat'>151</span> <span class='ocrx_word' id='word_1_347' title='bbox 1132 1824 1158 1848; x_wconf 87' lang='lat'>1-</span> 
     </span>
     <span class='ocr_line' id='line_1_57' title="bbox 317 1861 1159 1906; baseline -0.002 -9"><span class='ocrx_word' id='word_1_348' title='bbox 317 1861 502 1897; x_wconf 80' lang='lat' dir='ltr'>Ferrandus</span> <span class='ocrx_word' id='word_1_349' title='bbox 533 1864 567 1896; x_wconf 73' lang='grc' dir='ltr'>ὅ(</span> <span class='ocrx_word' id='word_1_350' title='bbox 586 1862 783 1906; x_wconf 86' lang='lat' dir='ltr'>Fulgentius</span> <span class='ocrx_word' id='word_1_351' title='bbox 805 1862 1004 1896; x_wconf 85' lang='lat' dir='ltr'>sententiam</span> <span class='ocrx_word' id='word_1_352' title='bbox 1030 1862 1159 1906; x_wconf 87' lang='lat' dir='ltr'>rogati,</span> 
     </span>
     <span class='ocr_line' id='line_1_58' title="bbox 318 1911 1158 1955; baseline 0 -10"><span class='ocrx_word' id='word_1_353' title='bbox 318 1911 504 1946; x_wconf 81' lang='lat' dir='ltr'>dixerunt:</span> <span class='ocrx_word' id='word_1_354' title='bbox 530 1912 618 1946; x_wconf 58' lang='lat' dir='ltr'>Reae*</span> <span class='ocrx_word' id='word_1_355' title='bbox 629 1915 687 1946; x_wconf 84' lang='lat' dir='ltr'>dici</span> <span class='ocrx_word' id='word_1_356' title='bbox 701 1921 792 1944; x_wconf 87' lang='lat' dir='ltr'>unum</span> <span class='ocrx_word' id='word_1_357' title='bbox 805 1912 843 1944; x_wconf 84' lang='lat' dir='ltr'>de</span> <span class='ocrx_word' id='word_1_358' title='bbox 864 1913 916 1943; x_wconf 68' lang='lat' dir='ltr'>Tra</span> <span class='ocrx_word' id='word_1_359' title='bbox 912 1915 1012 1944; x_wconf 78' lang='lat' dir='ltr'>nitate</span> <span class='ocrx_word' id='word_1_360' title='bbox 1020 1913 1155 1955; x_wconf 79' lang='lat' dir='ltr'>paffum</span> <span class='ocrx_word' id='word_1_361' title='bbox 1149 1939 1158 1955; x_wconf 93' lang='lat'>,</span> 
     </span>
     <span class='ocr_line' id='line_1_59' title="bbox 314 1960 1156 2009; baseline 0 -16"><span class='ocrx_word' id='word_1_362' title='bbox 314 1960 506 2005; x_wconf 60' lang='lat' dir='ltr'>sbdsecurt&#39;r&#39;cs</span> <span class='ocrx_word' id='word_1_363' title='bbox 517 1963 593 1995; x_wconf 71' lang='lat' dir='ltr'>addi</span> <span class='ocrx_word' id='word_1_364' title='bbox 605 1985 615 2000; x_wconf 93' lang='lat'>‚</span> <span class='ocrx_word' id='word_1_365' title='bbox 633 1962 750 2006; x_wconf 78' lang='lat' dir='ltr'>passum</span> <span class='ocrx_word' id='word_1_366' title='bbox 760 1972 851 1995; x_wconf 76' lang='lat' dir='ltr'>carne</span> <span class='ocrx_word' id='word_1_367' title='bbox 863 1985 870 1992; x_wconf 93' lang='lat'><strong>.</strong></span> <span class='ocrx_word' id='word_1_368' title='bbox 902 1971 979 2006; x_wconf 82' lang='lat'>151.</span> <span class='ocrx_word' id='word_1_369' title='bbox 992 1973 1022 1998; x_wconf 90' lang='lat'>2.</span> <span class='ocrx_word' id='word_1_370' title='bbox 1041 1973 1114 2009; x_wconf 81' lang='lat'>194.</span> <span class='ocrx_word' id='word_1_371' title='bbox 1130 1974 1156 1999; x_wconf 84' lang='lat'>1.</span> 
     </span>
    </p>

    <p class='ocr_par' dir='ltr' id='par_1_18' title="bbox 269 2009 1160 2108">
     <span class='ocr_line' id='line_1_60' title="bbox 269 2009 1160 2056; baseline 0.002 -11"><span class='ocrx_word' id='word_1_372' title='bbox 269 2009 396 2046; x_wconf 88' lang='lat' dir='ltr'>Christi</span> <span class='ocrx_word' id='word_1_373' title='bbox 423 2013 536 2049; x_wconf 80' lang='lat' dir='ltr'>anima</span> <span class='ocrx_word' id='word_1_374' title='bbox 573 2013 686 2048; x_wconf 90' lang='lat' dir='ltr'>Deum</span> <span class='ocrx_word' id='word_1_375' title='bbox 721 2010 992 2056; x_wconf 84' lang='lat' dir='ltr'>comprehendit,</span> <span class='ocrx_word' id='word_1_376' title='bbox 1021 2023 1160 2055; x_wconf 88' lang='lat' dir='ltr'>quomo—</span> 
     </span>
     <span class='ocr_line' id='line_1_61' title="bbox 320 2061 1157 2108; baseline 0.001 -14"><span class='ocrx_word' id='word_1_377' title='bbox 320 2061 389 2095; x_wconf 79' lang='lat' dir='ltr'>do?</span> <span class='ocrx_word' id='word_1_378' title='bbox 966 2068 969 2081; x_wconf 83' lang='lat'>¹</span> <span class='ocrx_word' id='word_1_379' title='bbox 1027 2072 1069 2108; x_wconf 86' lang='lat'>17</span> <span class='ocrx_word' id='word_1_380' title='bbox 1097 2088 1103 2093; x_wconf 92' lang='lat'>.</span> <span class='ocrx_word' id='word_1_381' title='bbox 1130 2075 1157 2099; x_wconf 92' lang='lat'>1.</span> 
     </span>
    </p>

    <p class='ocr_par' dir='ltr' id='par_1_19' title="bbox 271 2072 1160 2208">
     <span class='ocr_line' id='line_1_62' title="bbox 271 2072 1160 2152; baseline 0.002 -8"><span class='ocrx_word' id='word_1_382' title='bbox 271 2109 397 2146; x_wconf 87' lang='lat' dir='ltr'>Christi</span> <span class='ocrx_word' id='word_1_383' title='bbox 419 2111 567 2149; x_wconf 83' lang='lat' dir='ltr'>animam</span> <span class='ocrx_word' id='word_1_384' title='bbox 593 2122 670 2147; x_wconf 88' lang='lat' dir='ltr'>ante</span> <span class='ocrx_word' id='word_1_385' title='bbox 701 2110 968 2149; x_wconf 79' lang='lat' dir='ltr'>incarnationem</span> <span class='ocrx_word' id='word_1_386' title='bbox 1001 2072 1160 2152; x_wconf 73' lang='lat' dir='ltr'>exm9iffe,</span> 
     </span>
     <span class='ocr_line' id='line_1_63' title="bbox 320 2162 1157 2208; baseline 0.001 -11"><span class='ocrx_word' id='word_1_387' title='bbox 320 2162 486 2208; x_wconf 89' lang='lat' dir='ltr'>Origenes</span> <span class='ocrx_word' id='word_1_388' title='bbox 497 2164 720 2199; x_wconf 84' lang='lat' dir='ltr'>existimavit.</span> <span class='ocrx_word' id='word_1_389' title='bbox 1027 2173 1102 2208; x_wconf 82' lang='lat'>135·</span> <span class='ocrx_word' id='word_1_390' title='bbox 1127 2174 1157 2199; x_wconf 86' lang='grc'>2.</span> 
     </span>
    </p>

    <p class='ocr_par' dir='ltr' id='par_1_20' title="bbox 271 2210 1158 2310">
     <span class='ocr_line' id='line_1_64' title="bbox 271 2210 1158 2259; baseline 0.001 -13"><span class='ocrx_word' id='word_1_391' title='bbox 271 2211 395 2247; x_wconf 86' lang='lat' dir='ltr'>Christi</span> <span class='ocrx_word' id='word_1_392' title='bbox 416 2215 576 2259; x_wconf 82' lang='lat' dir='ltr'>assumpta</span> <span class='ocrx_word' id='word_1_393' title='bbox 601 2213 789 2250; x_wconf 86' lang='lat' dir='ltr'>humanitas</span> <span class='ocrx_word' id='word_1_394' title='bbox 800 2212 865 2247; x_wconf 85' lang='lat' dir='ltr'>fine</span> <span class='ocrx_word' id='word_1_395' title='bbox 877 2210 1068 2246; x_wconf 78' lang='lat' dir='ltr'>idololatria</span> <span class='ocrx_word' id='word_1_396' title='bbox 1083 2212 1158 2247; x_wconf 81' lang='lat' dir='ltr'>ado·</span> 
     </span>
     <span class='ocr_line' id='line_1_65' title="bbox 321 2261 1157 2310; baseline 0.002 -13"><span class='ocrx_word' id='word_1_397' title='bbox 321 2273 426 2297; x_wconf 87' lang='lat' dir='ltr'>ratur</span> <span class='ocrx_word' id='word_1_398' title='bbox 1030 2261 1107 2310; x_wconf 87' lang='lat'>189</span> <span class='ocrx_word' id='word_1_399' title='bbox 1131 2276 1157 2299; x_wconf 92' lang='lat'>1.</span> 
     </span>
    </p>

    <p class='ocr_par' dir='ltr' id='par_1_21' title="bbox 269 2311 1159 2455">
     <span class='ocr_line' id='line_1_66' title="bbox 269 2311 1157 2359; baseline -0.005 -12"><span class='ocrx_word' id='word_1_400' title='bbox 269 2311 350 2348; x_wconf 89' lang='lat' dir='ltr'>Vox</span> <span class='ocrx_word' id='word_1_401' title='bbox 362 2338 373 2355; x_wconf 93' lang='lat'>,</span> <span class='ocrx_word' id='word_1_402' title='bbox 406 2314 603 2358; x_wconf 37' lang='lat' dir='ltr'>Chrysip-vara</span> <span class='ocrx_word' id='word_1_403' title='bbox 615 2340 626 2356; x_wconf 93' lang='lat'><strong>,</strong></span> <span class='ocrx_word' id='word_1_404' title='bbox 650 2315 735 2350; x_wconf 85' lang='lat' dir='ltr'>olim</span> <span class='ocrx_word' id='word_1_405' title='bbox 747 2312 923 2358; x_wconf 89' lang='lat' dir='ltr'>proscripta</span> <span class='ocrx_word' id='word_1_406' title='bbox 937 2334 948 2350; x_wconf 88' lang='lat'>‚</span> <span class='ocrx_word' id='word_1_407' title='bbox 969 2322 1027 2345; x_wconf 90' lang='lat' dir='ltr'>cur</span> <span class='ocrx_word' id='word_1_408' title='bbox 1042 2312 1058 2343; x_wconf 70' lang='grc' dir='ltr'><strong><em>ἒ</em></strong></span> <span class='ocrx_word' id='word_1_409' title='bbox 1081 2322 1157 2359; x_wconf 85' lang='lat'>142.</span> 
     </span>
     <span class='ocr_line' id='line_1_67' title="bbox 322 2363 1159 2410; baseline 0.004 -15"><span class='ocrx_word' id='word_1_410' title='bbox 322 2375 350 2399; x_wconf 94' lang='lat'>1.</span> <span class='ocrx_word' id='word_1_411' title='bbox 363 2376 393 2400; x_wconf 83' lang='lat'>2.</span> <span class='ocrx_word' id='word_1_412' title='bbox 426 2364 460 2398; x_wconf 71' lang='grc' dir='ltr'>ὅς</span> <span class='ocrx_word' id='word_1_413' title='bbox 483 2367 573 2410; x_wconf 67' lang='lat' dir='ltr'>seqq.</span> <span class='ocrx_word' id='word_1_414' title='bbox 597 2365 702 2401; x_wconf 78' lang='lat' dir='ltr'>modo</span> <span class='ocrx_word' id='word_1_415' title='bbox 727 2364 827 2399; x_wconf 76' lang='lat' dir='ltr'>libere</span> <span class='ocrx_word' id='word_1_416' title='bbox 858 2363 1051 2406; x_wconf 86' lang='lat' dir='ltr'>usurpatur,</span> <span class='ocrx_word' id='word_1_417' title='bbox 1077 2366 1159 2398; x_wconf 82' lang='lat' dir='ltr'>cur?</span> 
     </span>
     <span class='ocr_line' id='line_1_68' title="bbox 322 2423 442 2455; baseline -0.025 -7"><span class='ocrx_word' id='word_1_418' title='bbox 322 2423 366 2455; x_wconf 89' lang='lat'>14</span> <span class='ocrx_word' id='word_1_419' title='bbox 392 2426 442 2450; x_wconf 90' lang='lat'>.2.</span> 
     </span>
    </p>

    <p class='ocr_par' dir='ltr' id='par_1_22' title="bbox 270 2423 1157 2659">
     <span class='ocr_line' id='line_1_69' title="bbox 270 2423 1157 2506; baseline 0.001 -10"><span class='ocrx_word' id='word_1_420' title='bbox 270 2462 309 2496; x_wconf 88' lang='lat' dir='ltr'>In</span> <span class='ocrx_word' id='word_1_421' title='bbox 322 2423 455 2496; x_wconf 59' lang='lat' dir='ltr'>Chimo</span> <span class='ocrx_word' id='word_1_422' title='bbox 469 2464 547 2495; x_wconf 65' lang='lat' dir='ltr'>duas</span> <span class='ocrx_word' id='word_1_423' title='bbox 562 2466 612 2506; x_wconf 86' lang='lat' dir='ltr'>effe</span> <span class='ocrx_word' id='word_1_424' title='bbox 622 2472 748 2497; x_wconf 84' lang='lat' dir='ltr'>naturas</span> <span class='ocrx_word' id='word_1_425' title='bbox 759 2474 828 2497; x_wconf 89' lang='lat' dir='ltr'>non</span> <span class='ocrx_word' id='word_1_426' title='bbox 842 2462 934 2505; x_wconf 90' lang='lat' dir='ltr'>pauci</span> <span class='ocrx_word' id='word_1_427' title='bbox 954 2462 1107 2506; x_wconf 88' lang='lat' dir='ltr'>Episcopi</span> <span class='ocrx_word' id='word_1_428' title='bbox 1123 2463 1157 2497; x_wconf 88' lang='lat' dir='ltr'>in</span> 
     </span>
     <span class='ocr_line' id='line_1_70' title="bbox 319 2508 1155 2556; baseline -0.001 -10"><span class='ocrx_word' id='word_1_429' title='bbox 319 2512 458 2556; x_wconf 90' lang='lat' dir='ltr'>Synodo</span> <span class='ocrx_word' id='word_1_430' title='bbox 493 2508 756 2548; x_wconf 82' lang='lat' dir='ltr'>Chalcedonenfi</span> <span class='ocrx_word' id='word_1_431' title='bbox 794 2513 970 2546; x_wconf 86' lang='lat' dir='ltr'>definitum</span> <span class='ocrx_word' id='word_1_432' title='bbox 1004 2512 1155 2547; x_wconf 91' lang='lat' dir='ltr'>voluere.</span> 
     </span>
     <span class='ocr_line' id='line_1_71' title="bbox 321 2562 1157 2609; baseline -0.001 -11"><span class='ocrx_word' id='word_1_433' title='bbox 321 2572 400 2609; x_wconf 87' lang='lat'>273-</span> <span class='ocrx_word' id='word_1_434' title='bbox 412 2574 443 2599; x_wconf 89' lang='lat'><em>2</em></span> <span class='ocrx_word' id='word_1_435' title='bbox 470 2564 549 2600; x_wconf 76' lang='lat' dir='ltr'>Tar</span> <span class='ocrx_word' id='word_1_436' title='bbox 555 2562 653 2604; x_wconf 90' lang='lat' dir='ltr'>dem,</span> <span class='ocrx_word' id='word_1_437' title='bbox 678 2569 711 2597; x_wconf 75' lang='lat' dir='ltr'>in</span> <span class='ocrx_word' id='word_1_438' title='bbox 731 2562 844 2597; x_wconf 87' lang='lat' dir='ltr'>duabus</span> <span class='ocrx_word' id='word_1_439' title='bbox 867 2567 1011 2603; x_wconf 76' lang='lat' dir='ltr'>naturis,</span> <span class='ocrx_word' id='word_1_440' title='bbox 1036 2562 1080 2596; x_wconf 88' lang='lat' dir='ltr'>est</span> <span class='ocrx_word' id='word_1_441' title='bbox 1096 2563 1157 2597; x_wconf 88' lang='lat' dir='ltr'>suf-</span> 
     </span>
     <span class='ocr_line' id='line_1_72' title="bbox 319 2613 1154 2659; baseline 0.001 -14"><span class='ocrx_word' id='word_1_442' title='bbox 319 2613 461 2649; x_wconf 67' lang='lat' dir='ltr'>fectum.</span> <span class='ocrx_word' id='word_1_443' title='bbox 1028 2623 1106 2659; x_wconf 89' lang='lat'>274</span> <span class='ocrx_word' id='word_1_444' title='bbox 1122 2626 1154 2650; x_wconf 91' lang='lat'>2.</span> 
     </span>
    </p>

    <p class='ocr_par' dir='ltr' id='par_1_23' title="bbox 269 2660 1155 2810">
     <span class='ocr_line' id='line_1_73' title="bbox 269 2660 1155 2707; baseline 0 -10"><span class='ocrx_word' id='word_1_445' title='bbox 269 2661 308 2697; x_wconf 79' lang='lat' dir='ltr'>In</span> <span class='ocrx_word' id='word_1_446' title='bbox 332 2661 465 2696; x_wconf 88' lang='lat' dir='ltr'>Christo</span> <span class='ocrx_word' id='word_1_447' title='bbox 477 2662 558 2701; x_wconf 78' lang='lat' dir='ltr'>duas</span> <span class='ocrx_word' id='word_1_448' title='bbox 580 2670 710 2697; x_wconf 88' lang='lat' dir='ltr'>naturas</span> <span class='ocrx_word' id='word_1_449' title='bbox 731 2663 761 2699; x_wconf 85' lang='lat' dir='ltr'>S.</span> <span class='ocrx_word' id='word_1_450' title='bbox 775 2660 921 2705; x_wconf 87' lang='lat' dir='ltr'>Cyrillus</span> <span class='ocrx_word' id='word_1_451' title='bbox 933 2660 1048 2696; x_wconf 71' lang='lat' dir='ltr'>diserte</span> <span class='ocrx_word' id='word_1_452' title='bbox 1057 2674 1155 2707; x_wconf 88' lang='lat' dir='ltr'>agno-</span> 
     </span>
     <span class='ocr_line' id='line_1_74' title="bbox 319 2710 1154 2751; baseline 0.002 -6"><span class='ocrx_word' id='word_1_453' title='bbox 319 2712 386 2746; x_wconf 85' lang='lat' dir='ltr'>vit:</span> <span class='ocrx_word' id='word_1_454' title='bbox 414 2712 746 2747; x_wconf 70' lang='lat' dir='ltr'>Restonihilominus</span> <span class='ocrx_word' id='word_1_455' title='bbox 768 2712 835 2746; x_wconf 85' lang='lat' dir='ltr'>est.-</span> <span class='ocrx_word' id='word_1_456' title='bbox 860 2710 995 2751; x_wconf 73' lang='lat' dir='ltr'>christus</span> <span class='ocrx_word' id='word_1_457' title='bbox 1007 2715 1154 2747; x_wconf 76' lang='lat' dir='ltr'>Dominus</span> 
     </span>
     <span class='ocr_line' id='line_1_75' title="bbox 319 2761 1153 2810; baseline 0.002 -16"><span class='ocrx_word' id='word_1_458' title='bbox 319 2761 356 2802; x_wconf 86' lang='lat' dir='ltr'>est</span> <span class='ocrx_word' id='word_1_459' title='bbox 367 2774 430 2795; x_wconf 85' lang='lat' dir='ltr'>una</span> <span class='ocrx_word' id='word_1_460' title='bbox 442 2772 552 2798; x_wconf 74' lang='lat' dir='ltr'>natura</span> <span class='ocrx_word' id='word_1_461' title='bbox 567 2763 725 2797; x_wconf 80' lang='lat' dir='ltr'>Dei-Verbi</span> <span class='ocrx_word' id='word_1_462' title='bbox 736 2768 894 2799; x_wconf 77' lang='lat' dir='ltr'>incarnata</span> <span class='ocrx_word' id='word_1_463' title='bbox 904 2786 912 2794; x_wconf 90' lang='lat'><strong>.</strong></span> <span class='ocrx_word' id='word_1_464' title='bbox 1026 2774 1047 2799; x_wconf 91' lang='lat'><em>2</em></span> <span class='ocrx_word' id='word_1_465' title='bbox 1052 2773 1069 2810; x_wconf 86' lang='lat'>3</span> <span class='ocrx_word' id='word_1_466' title='bbox 1074 2774 1105 2809; x_wconf 77' lang='lat'>5.</span> <span class='ocrx_word' id='word_1_467' title='bbox 1124 2775 1153 2800; x_wconf 88' lang='lat'>1.</span> 
     </span>
    </p>

    <p class='ocr_par' dir='ltr' id='par_1_24' title="bbox 268 2811 1151 2954">
     <span class='ocr_line' id='line_1_76' title="bbox 268 2811 1151 2857; baseline 0.002 -12"><span class='ocrx_word' id='word_1_468' title='bbox 268 2812 307 2857; x_wconf 84' lang='lat' dir='ltr'>Jn</span> <span class='ocrx_word' id='word_1_469' title='bbox 322 2811 456 2846; x_wconf 87' lang='lat' dir='ltr'>Christo</span> <span class='ocrx_word' id='word_1_470' title='bbox 475 2812 555 2848; x_wconf 87' lang='lat' dir='ltr'>duas</span> <span class='ocrx_word' id='word_1_471' title='bbox 577 2824 706 2847; x_wconf 87' lang='lat' dir='ltr'>naturas</span> <span class='ocrx_word' id='word_1_472' title='bbox 727 2814 743 2847; x_wconf 73' lang='lat' dir='ltr'>a</span> <span class='ocrx_word' id='word_1_473' title='bbox 762 2813 791 2846; x_wconf 89' lang='lat' dir='ltr'>S.</span> <span class='ocrx_word' id='word_1_474' title='bbox 815 2812 946 2855; x_wconf 87' lang='lat' dir='ltr'>Cyrillo</span> <span class='ocrx_word' id='word_1_475' title='bbox 966 2814 1094 2846; x_wconf 62' lang='lat' dir='ltr'>assertas</span> <span class='ocrx_word' id='word_1_476' title='bbox 1117 2814 1151 2847; x_wconf 90' lang='lat' dir='ltr'>in</span> 
     </span>
     <span class='ocr_line' id='line_1_77' title="bbox 317 2859 1151 2907; baseline 0.004 -12"><span class='ocrx_word' id='word_1_477' title='bbox 317 2862 456 2905; x_wconf 87' lang='lat' dir='ltr'>Synodo</span> <span class='ocrx_word' id='word_1_478' title='bbox 481 2859 510 2902; x_wconf 80' lang='lat' dir='ltr'>S.</span> <span class='ocrx_word' id='word_1_479' title='bbox 535 2864 685 2899; x_wconf 88' lang='lat' dir='ltr'>Flaviani</span> <span class='ocrx_word' id='word_1_480' title='bbox 706 2862 858 2907; x_wconf 83' lang='lat' dir='ltr'>Episcopi</span> <span class='ocrx_word' id='word_1_481' title='bbox 879 2861 1151 2907; x_wconf 77' lang='lat' dir='ltr'>comprobarunt.</span> 
     </span>
     <span class='ocr_line' id='line_1_78' title="bbox 319 2922 444 2954; baseline 0.016 -6"><span class='ocrx_word' id='word_1_482' title='bbox 319 2922 365 2954; x_wconf 68' lang='lat'>2³</span> <span class='ocrx_word' id='word_1_483' title='bbox 390 2925 444 2950; x_wconf 67' lang='grc'><strong><em>,2.</em></strong></span> 
     </span>
    </p>

    <p class='ocr_par' dir='ltr' id='par_1_25' title="bbox 266 2925 1151 3010">
     <span class='ocr_line' id='line_1_79' title="bbox 266 2925 1151 3010; baseline -0.002 -13"><span class='ocrx_word' id='word_1_484' title='bbox 266 2961 305 2997; x_wconf 85' lang='lat' dir='ltr'>In</span> <span class='ocrx_word' id='word_1_485' title='bbox 317 2925 451 2998; x_wconf 61' lang='lat' dir='ltr'>Chsrisso</span> <span class='ocrx_word' id='word_1_486' title='bbox 469 2962 738 3007; x_wconf 86' lang='lat' dir='ltr'>naturaduplex‚</span> <span class='ocrx_word' id='word_1_487' title='bbox 766 2962 968 2998; x_wconf 86' lang='lat' dir='ltr'>nondivisa.</span> <span class='ocrx_word' id='word_1_488' title='bbox 1022 2975 1101 3010; x_wconf 71' lang='lat'>252.</span> <span class='ocrx_word' id='word_1_489' title='bbox 1119 2975 1151 3001; x_wconf 82' lang='lat'>1.</span> 
     </span>
    </p>

    <p class='ocr_par' dir='ltr' id='par_1_26' title="bbox 267 3012 1151 3061">
     <span class='ocr_line' id='line_1_80' title="bbox 267 3012 1151 3061; baseline 0.005 -16"><span class='ocrx_word' id='word_1_490' title='bbox 267 3012 306 3049; x_wconf 78' lang='lat' dir='ltr'>ln</span> <span class='ocrx_word' id='word_1_491' title='bbox 328 3012 466 3047; x_wconf 86' lang='lat' dir='ltr'>Christo</span> <span class='ocrx_word' id='word_1_492' title='bbox 477 3027 546 3048; x_wconf 87' lang='lat' dir='ltr'>non</span> <span class='ocrx_word' id='word_1_493' title='bbox 560 3015 627 3048; x_wconf 87' lang='lat' dir='ltr'>est&#39;</span> <span class='ocrx_word' id='word_1_494' title='bbox 621 3015 826 3059; x_wconf 78' lang='lat' dir='ltr'>ignorantia.</span> <span class='ocrx_word' id='word_1_495' title='bbox 1031 3013 1107 3061; x_wconf 90' lang='lat'>178</span> <span class='ocrx_word' id='word_1_496' title='bbox 1122 3026 1151 3051; x_wconf 86' lang='lat'>2.</span> 
     </span>
    </p>

    <p class='ocr_par' dir='ltr' id='par_1_27' title="bbox 267 3060 1150 3263">
     <span class='ocr_line' id='line_1_81' title="bbox 267 3060 1150 3098; baseline 0.003 -3"><span class='ocrx_word' id='word_1_497' title='bbox 267 3060 437 3098; x_wconf 81' lang='lat' dir='ltr'>Christum</span> <span class='ocrx_word' id='word_1_498' title='bbox 449 3064 525 3098; x_wconf 80' lang='lat' dir='ltr'>ante</span> <span class='ocrx_word' id='word_1_499' title='bbox 545 3064 639 3098; x_wconf 78' lang='lat' dir='ltr'>fuisse</span> <span class='ocrx_word' id='word_1_500' title='bbox 659 3063 937 3098; x_wconf 83' lang='lat' dir='ltr'>Dominationem</span> <span class='ocrx_word' id='word_1_501' title='bbox 959 3073 1016 3098; x_wconf 90' lang='lat' dir='ltr'>aut</span> <span class='ocrx_word' id='word_1_502' title='bbox 1038 3064 1150 3098; x_wconf 89' lang='lat' dir='ltr'>Thro-</span> 
     </span>
     <span class='ocr_line' id='line_1_82' title="bbox 317 3113 1149 3157; baseline 0.001 -10"><span class='ocrx_word' id='word_1_503' title='bbox 317 3125 424 3148; x_wconf 84' lang='lat' dir='ltr'>num:</span> <span class='ocrx_word' id='word_1_504' title='bbox 450 3115 554 3148; x_wconf 85' lang='lat' dir='ltr'>Nunc</span> <span class='ocrx_word' id='word_1_505' title='bbox 567 3114 646 3148; x_wconf 80' lang='lat' dir='ltr'>vero</span> <span class='ocrx_word' id='word_1_506' title='bbox 659 3113 828 3148; x_wconf 88' lang='lat' dir='ltr'>hominem</span> <span class='ocrx_word' id='word_1_507' title='bbox 841 3113 930 3157; x_wconf 82' lang='lat' dir='ltr'>,post</span> <span class='ocrx_word' id='word_1_508' title='bbox 942 3113 1149 3155; x_wconf 85' lang='lat' dir='ltr'>daemonem,</span> 
     </span>
     <span class='ocr_line' id='line_1_83' title="bbox 316 3163 1149 3208; baseline 0.004 -12"><span class='ocrx_word' id='word_1_509' title='bbox 316 3175 354 3197; x_wconf 87' lang='lat' dir='ltr'>ac</span> <span class='ocrx_word' id='word_1_510' title='bbox 375 3163 508 3203; x_wconf 85' lang='lat' dir='ltr'>tandem</span> <span class='ocrx_word' id='word_1_511' title='bbox 532 3165 627 3201; x_wconf 88' lang='lat' dir='ltr'>omni</span> <span class='ocrx_word' id='word_1_512' title='bbox 651 3174 785 3208; x_wconf 87' lang='lat' dir='ltr'>corpore</span> <span class='ocrx_word' id='word_1_513' title='bbox 803 3163 990 3199; x_wconf 86' lang='lat' dir='ltr'>exuendum</span> <span class='ocrx_word' id='word_1_514' title='bbox 1014 3189 1026 3205; x_wconf 92' lang='lat'>,</span> <span class='ocrx_word' id='word_1_515' title='bbox 1051 3165 1149 3199; x_wconf 88' lang='lat' dir='ltr'>tradit</span> 
     </span>
     <span class='ocr_line' id='line_1_84' title="bbox 316 3213 1147 3263; baseline 0.007 -17"><span class='ocrx_word' id='word_1_516' title='bbox 316 3215 500 3258; x_wconf 82' lang='lat' dir='ltr'>Origenes.</span> <span class='ocrx_word' id='word_1_517' title='bbox 538 3233 540 3235; x_wconf 97' lang='lat'>·</span> <span class='ocrx_word' id='word_1_518' title='bbox 1027 3213 1103 3263; x_wconf 86' lang='lat'>138</span> <span class='ocrx_word' id='word_1_519' title='bbox 1119 3227 1147 3252; x_wconf 87' lang='lat'><em>2</em></span> 
     </span>
    </p>

    <p class='ocr_par' dir='ltr' id='par_1_28' title="bbox 266 3262 1147 3410">
     <span class='ocr_line' id='line_1_85' title="bbox 266 3262 1147 3310; baseline 0.001 -12"><span class='ocrx_word' id='word_1_520' title='bbox 266 3262 434 3299; x_wconf 86' lang='lat' dir='ltr'>Christum</span> <span class='ocrx_word' id='word_1_521' title='bbox 454 3267 516 3301; x_wconf 84' lang='lat' dir='ltr'>efle</span> <span class='ocrx_word' id='word_1_522' title='bbox 545 3277 582 3299; x_wconf 77' lang='lat' dir='ltr'>ex</span> <span class='ocrx_word' id='word_1_523' title='bbox 609 3264 724 3298; x_wconf 84' lang='lat' dir='ltr'>duabus</span> <span class='ocrx_word' id='word_1_524' title='bbox 746 3270 883 3305; x_wconf 83' lang='lat' dir='ltr'>naturis,</span> <span class='ocrx_word' id='word_1_525' title='bbox 910 3275 978 3297; x_wconf 89' lang='lat' dir='ltr'>non</span> <span class='ocrx_word' id='word_1_526' title='bbox 1015 3267 1147 3310; x_wconf 84' lang='lat' dir='ltr'>negavit</span> 
     </span>
     <span class='ocr_line' id='line_1_86' title="bbox 315 3313 1146 3358; baseline 0 -10"><span class='ocrx_word' id='word_1_527' title='bbox 315 3315 515 3358; x_wconf 83' lang='lat' dir='ltr'>Dioscorus,</span> <span class='ocrx_word' id='word_1_528' title='bbox 544 3315 596 3350; x_wconf 80' lang='lat' dir='ltr'>sod</span> <span class='ocrx_word' id='word_1_529' title='bbox 608 3315 776 3350; x_wconf 80' lang='lat' dir='ltr'>Christum</span> <span class='ocrx_word' id='word_1_530' title='bbox 800 3318 861 3350; x_wconf 73' lang='lat' dir='ltr'>esse</span> <span class='ocrx_word' id='word_1_531' title='bbox 883 3321 915 3348; x_wconf 79' lang='lat' dir='ltr'>in</span> <span class='ocrx_word' id='word_1_532' title='bbox 927 3313 1041 3347; x_wconf 84' lang='lat' dir='ltr'>duabus</span> <span class='ocrx_word' id='word_1_533' title='bbox 1061 3324 1146 3348; x_wconf 83' lang='lat' dir='ltr'>natu-</span> 
     </span>
     <span class='ocr_line' id='line_1_87' title="bbox 314 3369 1146 3410; baseline 0.008 -15"><span class='ocrx_word' id='word_1_534' title='bbox 314 3369 360 3396; x_wconf 64' lang='lat' dir='ltr'>vis</span> <span class='ocrx_word' id='word_1_535' title='bbox 373 3388 380 3396; x_wconf 92' lang='lat'><strong>.</strong></span> <span class='ocrx_word' id='word_1_536' title='bbox 1024 3376 1102 3410; x_wconf 77' lang='lat'>251-</span> <span class='ocrx_word' id='word_1_537' title='bbox 1119 3377 1146 3401; x_wconf 90' lang='lat'>1-</span> 
     </span>
    </p>

    <p class='ocr_par' dir='ltr' id='par_1_29' title="bbox 265 3411 1146 3460">
     <span class='ocr_line' id='line_1_88' title="bbox 265 3411 1146 3460; baseline 0.002 -13"><span class='ocrx_word' id='word_1_538' title='bbox 265 3411 432 3452; x_wconf 80' lang='lat' dir='ltr'>Christum</span> <span class='ocrx_word' id='word_1_539' title='bbox 444 3418 507 3453; x_wconf 65' lang='lat' dir='ltr'>esse</span> <span class='ocrx_word' id='word_1_540' title='bbox 517 3428 554 3450; x_wconf 80' lang='lat' dir='ltr'>ex</span> <span class='ocrx_word' id='word_1_541' title='bbox 568 3415 813 3450; x_wconf 52' lang='lat' dir='ltr'>anabusnai-uris</span> <span class='ocrx_word' id='word_1_542' title='bbox 837 3415 979 3460; x_wconf 83' lang='lat' dir='ltr'>plerique</span> <span class='ocrx_word' id='word_1_543' title='bbox 994 3414 1146 3459; x_wconf 86' lang='lat' dir='ltr'>Episcopi</span> 
     </span>
    </p>
   </div>
   <div class='ocr_carea' id='block_1_12' title="bbox 1155 2528 1180 3565">
    <p class='ocr_par' dir='ltr' id='par_1_30' title="bbox 1155 2528 1180 3565">
     <span class='ocr_line' id='line_1_89' title="bbox 1155 2528 1180 3565; baseline 0 0"><span class='ocrx_word' id='word_1_544' title='bbox 1155 2528 1180 3565; x_wconf 95' lang='lat' dir='ltr'> </span> 
     </span>
    </p>
   </div>
   <div class='ocr_carea' id='block_1_13' title="bbox 1223 1263 2141 1705">
    <p class='ocr_par' dir='ltr' id='par_1_31' title="bbox 1223 1263 2106 1358">
     <span class='ocr_line' id='line_1_90' title="bbox 1271 1263 2106 1310; baseline 0 -11"><span class='ocrx_word' id='word_1_545' title='bbox 1271 1265 1302 1299; x_wconf 91' lang='grc'><strong><em>8.</em></strong></span> <span class='ocrx_word' id='word_1_546' title='bbox 1315 1263 1436 1306; x_wconf 79' lang='lat' dir='ltr'>Cyrillr</span> <span class='ocrx_word' id='word_1_547' title='bbox 1446 1276 1545 1307; x_wconf 90' lang='lat' dir='ltr'>opem</span> <span class='ocrx_word' id='word_1_548' title='bbox 1557 1264 1789 1308; x_wconf 81' lang='lat' dir='ltr'>implorarunt</span> <span class='ocrx_word' id='word_1_549' title='bbox 2031 1273 2059 1310; x_wconf 87' lang='lat'><em>3</em></span> <span class='ocrx_word' id='word_1_550' title='bbox 2077 1272 2106 1299; x_wconf 86' lang='lat'>1·</span> 
     </span>
     <span class='ocr_line' id='line_1_91' title="bbox 1223 1311 2107 1358; baseline 0.001 -13"><span class='ocrx_word' id='word_1_551' title='bbox 1223 1313 1346 1347; x_wconf 85' lang='lat' dir='ltr'>Clerici</span> <span class='ocrx_word' id='word_1_552' title='bbox 1369 1313 1732 1358; x_wconf 88' lang='lat' dir='ltr'>Constantinopolitani</span> <span class='ocrx_word' id='word_1_553' title='bbox 1754 1316 1772 1350; x_wconf 76' lang='grc' dir='ltr'>ὲ</span> <span class='ocrx_word' id='word_1_554' title='bbox 1794 1314 1951 1350; x_wconf 88' lang='lat' dir='ltr'>Nestorio</span> <span class='ocrx_word' id='word_1_555' title='bbox 1971 1311 2107 1355; x_wconf 61' lang='lat' dir='ltr'>dejecti,</span> 
     </span>
    </p>

    <p class='ocr_par' dir='ltr' id='par_1_32' title="bbox 1224 1361 2108 1455">
     <span class='ocr_line' id='line_1_92' title="bbox 1271 1361 2108 1411; baseline 0.005 -16"><span class='ocrx_word' id='word_1_556' title='bbox 1271 1361 1306 1395; x_wconf 85' lang='lat' dir='ltr'>in</span> <span class='ocrx_word' id='word_1_557' title='bbox 1321 1363 1485 1406; x_wconf 90' lang='lat' dir='ltr'>integrum</span> <span class='ocrx_word' id='word_1_558' title='bbox 1498 1365 1729 1399; x_wconf 85' lang='lat' dir='ltr'>restituuntur.</span> <span class='ocrx_word' id='word_1_559' title='bbox 2034 1374 2062 1411; x_wconf 86' lang='lat'>3-</span> <span class='ocrx_word' id='word_1_560' title='bbox 2076 1374 2108 1399; x_wconf 86' lang='lat'>2·</span> 
     </span>
     <span class='ocr_line' id='line_1_93' title="bbox 1224 1411 2108 1455; baseline -0.002 -8"><span class='ocrx_word' id='word_1_561' title='bbox 1224 1412 1346 1447; x_wconf 88' lang='lat' dir='ltr'>Clerici</span> <span class='ocrx_word' id='word_1_562' title='bbox 1371 1411 1738 1455; x_wconf 83' lang='lat' dir='ltr'>Constantinopolitani</span> <span class='ocrx_word' id='word_1_563' title='bbox 1758 1413 1962 1446; x_wconf 86' lang='lat' dir='ltr'>Celestinum</span> <span class='ocrx_word' id='word_1_564' title='bbox 1985 1412 2108 1455; x_wconf 85' lang='lat' dir='ltr'>Papam</span> 
     </span>
    </p>

    <p class='ocr_par' dir='ltr' id='par_1_33' title="bbox 1224 1461 2141 1705">
     <span class='ocr_line' id='line_1_94' title="bbox 1271 1461 2141 1545; baseline -0.003 -47"><span class='ocrx_word' id='word_1_565' title='bbox 1271 1461 1451 1519; x_wconf 72' lang='lat' dir='ltr'>appellant.</span> <span class='ocrx_word' id='word_1_566' title='bbox 1482 1473 1510 1508; x_wconf 86' lang='lat'>3·</span> <span class='ocrx_word' id='word_1_567' title='bbox 1523 1473 1554 1498; x_wconf 87' lang='lat'>2.</span> <span class='ocrx_word' id='word_1_568' title='bbox 1577 1462 1688 1506; x_wconf 90' lang='lat' dir='ltr'>Aquo</span> <span class='ocrx_word' id='word_1_569' title='bbox 1710 1464 1745 1497; x_wconf 86' lang='lat' dir='ltr'>in</span> <span class='ocrx_word' id='word_1_570' title='bbox 1766 1462 1847 1497; x_wconf 89' lang='lat' dir='ltr'>urbe</span> <span class='ocrx_word' id='word_1_571' title='bbox 1869 1462 2110 1545; x_wconf 57' lang='lat' dir='ltr'>EP³s⁰⁰P¹.{‘?g&#39;</span> <span class='ocrx_word' id='word_1_572' title='bbox 2137 1518 2141 1521; x_wconf 87' lang='lat'>.</span> 
     </span>
     <span class='ocr_line' id='line_1_95' title="bbox 1225 1514 2109 1606; baseline -0.002 -10"><span class='ocrx_word' id='word_1_573' title='bbox 1225 1514 1346 1597; x_wconf 59' lang='lat' dir='ltr'>Clestrilci</span> <span class='ocrx_word' id='word_1_574' title='bbox 1367 1561 1402 1595; x_wconf 90' lang='lat'>&amp;</span> <span class='ocrx_word' id='word_1_575' title='bbox 1432 1559 1596 1596; x_wconf 87' lang='lat' dir='ltr'>Monachi</span> <span class='ocrx_word' id='word_1_576' title='bbox 1629 1561 1664 1595; x_wconf 91' lang='lat' dir='ltr'>in</span> <span class='ocrx_word' id='word_1_577' title='bbox 1688 1562 1855 1597; x_wconf 85' lang='lat' dir='ltr'>avaritiam</span> <span class='ocrx_word' id='word_1_578' title='bbox 1887 1525 2109 1606; x_wconf 57' lang='lat' dir='ltr'>propenderit:</span> 
     </span>
     <span class='ocr_line' id='line_1_96' title="bbox 1224 1623 2112 1705; baseline 0.001 -10"><span class='ocrx_word' id='word_1_579' title='bbox 1224 1623 1412 1696; x_wconf 42' lang='lat' dir='ltr'>Clei17c7i⁸i3⁰c</span> <span class='ocrx_word' id='word_1_580' title='bbox 1439 1659 1610 1696; x_wconf 88' lang='lat' dir='ltr'>Monachi</span> <span class='ocrx_word' id='word_1_581' title='bbox 1640 1662 1792 1698; x_wconf 78' lang='lat' dir='ltr'>rarissime</span> <span class='ocrx_word' id='word_1_582' title='bbox 1825 1662 2004 1705; x_wconf 84' lang='lat' dir='ltr'>jurarunt,</span> <span class='ocrx_word' id='word_1_583' title='bbox 2030 1662 2112 1697; x_wconf 88' lang='lat' dir='ltr'>cur?</span> 
     </span>
    </p>
   </div>
   <div class='ocr_carea' id='block_1_14' title="bbox 1274 1723 1407 1752">
    <p class='ocr_par' dir='ltr' id='par_1_34' title="bbox 1274 1723 1407 1752">
     <span class='ocr_line' id='line_1_97' title="bbox 1274 1723 1407 1752; baseline 0 -3"><span class='ocrx_word' id='word_1_584' title='bbox 1274 1723 1407 1752; x_wconf 74' lang='lat' dir='ltr'>azo-1.</span> 
     </span>
    </p>
   </div>
   <div class='ocr_carea' id='block_1_15' title="bbox 1224 1741 2163 1806">
    <p class='ocr_par' dir='ltr' id='par_1_35' title="bbox 1224 1741 2163 1806">
     <span class='ocr_line' id='line_1_98' title="bbox 1224 1741 2163 1806; baseline -0.003 -7"><span class='ocrx_word' id='word_1_585' title='bbox 1224 1763 1348 1799; x_wconf 90' lang='lat' dir='ltr'>Clerici</span> <span class='ocrx_word' id='word_1_586' title='bbox 1371 1762 1406 1796; x_wconf 90' lang='lat' dir='ltr'>in</span> <span class='ocrx_word' id='word_1_587' title='bbox 1428 1741 1623 1798; x_wconf 72' lang='lat' dir='ltr'>Monachus</span> <span class='ocrx_word' id='word_1_588' title='bbox 1644 1761 1770 1806; x_wconf 87' lang='lat' dir='ltr'>aliquid</span> <span class='ocrx_word' id='word_1_589' title='bbox 1794 1762 1916 1806; x_wconf 87' lang='lat' dir='ltr'>semper</span> <span class='ocrx_word' id='word_1_590' title='bbox 1941 1761 2111 1796; x_wconf 84' lang='lat' dir='ltr'>simultatis</span> <span class='ocrx_word' id='word_1_591' title='bbox 2161 1767 2163 1769; x_wconf 84' lang='grc'><strong>’</strong></span> 
     </span>
    </p>
   </div>
   <div class='ocr_carea' id='block_1_16' title="bbox 1224 1813 2114 1958">
    <p class='ocr_par' dir='ltr' id='par_1_36' title="bbox 1224 1813 2114 1958">
     <span class='ocr_line' id='line_1_99' title="bbox 1273 1813 2109 1859; baseline 0.001 -12"><span class='ocrx_word' id='word_1_592' title='bbox 1273 1813 1431 1848; x_wconf 83' lang='lat' dir='ltr'>habuere.</span> <span class='ocrx_word' id='word_1_593' title='bbox 1986 1816 2109 1859; x_wconf 86' lang='lat'>267-1-</span> 
     </span>
     <span class='ocr_line' id='line_1_100' title="bbox 1224 1860 2114 1908; baseline -0.002 -11"><span class='ocrx_word' id='word_1_594' title='bbox 1224 1863 1536 1908; x_wconf 84' lang='lat' dir='ltr'>Clericinumquam</span> <span class='ocrx_word' id='word_1_595' title='bbox 1547 1862 1589 1898; x_wconf 88' lang='lat' dir='ltr'>ad</span> <span class='ocrx_word' id='word_1_596' title='bbox 1608 1862 1778 1906; x_wconf 86' lang='lat' dir='ltr'>Principes</span> <span class='ocrx_word' id='word_1_597' title='bbox 1799 1862 1865 1896; x_wconf 86' lang='lat' dir='ltr'>sine</span> <span class='ocrx_word' id='word_1_598' title='bbox 1887 1860 2006 1897; x_wconf 88' lang='lat' dir='ltr'>rubore</span> <span class='ocrx_word' id='word_1_599' title='bbox 2032 1873 2114 1896; x_wconf 91' lang='lat' dir='ltr'>con-</span> 
     </span>
     <span class='ocr_line' id='line_1_101' title="bbox 1271 1912 2112 1958; baseline 0.002 -11"><span class='ocrx_word' id='word_1_600' title='bbox 1271 1916 1428 1958; x_wconf 89' lang='lat' dir='ltr'>fugerunt</span> <span class='ocrx_word' id='word_1_601' title='bbox 1443 1939 1450 1947; x_wconf 92' lang='lat'><strong>.</strong></span> <span class='ocrx_word' id='word_1_602' title='bbox 1986 1912 2064 1949; x_wconf 88' lang='lat'><em>226-</em></span> <span class='ocrx_word' id='word_1_603' title='bbox 2080 1923 2112 1949; x_wconf 88' lang='lat'>1·</span> 
     </span>
    </p>
   </div>
   <div class='ocr_carea' id='block_1_17' title="bbox 1222 1961 2113 2400">
    <p class='ocr_par' dir='ltr' id='par_1_37' title="bbox 1222 1961 2113 2400">
     <span class='ocr_line' id='line_1_102' title="bbox 1222 1961 2113 2008; baseline -0.001 -10"><span class='ocrx_word' id='word_1_604' title='bbox 1222 1964 1364 2003; x_wconf 88' lang='lat' dir='ltr'>Clerici,</span> <span class='ocrx_word' id='word_1_605' title='bbox 1394 1963 1452 2005; x_wconf 88' lang='lat' dir='ltr'>qui</span> <span class='ocrx_word' id='word_1_606' title='bbox 1484 1962 1606 1996; x_wconf 91' lang='lat' dir='ltr'>laicum</span> <span class='ocrx_word' id='word_1_607' title='bbox 1627 1961 1816 2005; x_wconf 87' lang='lat' dir='ltr'>Principem</span> <span class='ocrx_word' id='word_1_608' title='bbox 1837 1963 1957 1997; x_wconf 81' lang='lat' dir='ltr'>sacram</span> <span class='ocrx_word' id='word_1_609' title='bbox 1982 1961 2113 2008; x_wconf 88' lang='lat' dir='ltr'>delega-</span> 
     </span>
     <span class='ocr_line' id='line_1_103' title="bbox 1272 2012 2111 2059; baseline -0.001 -12"><span class='ocrx_word' id='word_1_610' title='bbox 1272 2014 1398 2047; x_wconf 87' lang='lat' dir='ltr'>tionem</span> <span class='ocrx_word' id='word_1_611' title='bbox 1410 2022 1591 2058; x_wconf 83' lang='lat' dir='ltr'>rogarunt‚</span> <span class='ocrx_word' id='word_1_612' title='bbox 1626 2012 1921 2046; x_wconf 86' lang='lat' dir='ltr'>excommunicati.</span> <span class='ocrx_word' id='word_1_613' title='bbox 1983 2024 2111 2059; x_wconf 70' lang='lat'>2241.</span> 
     </span>
     <span class='ocr_line' id='line_1_104' title="bbox 1223 2062 2110 2106; baseline -0.002 -7"><span class='ocrx_word' id='word_1_614' title='bbox 1223 2064 1368 2103; x_wconf 89' lang='lat' dir='ltr'>Clerici,</span> <span class='ocrx_word' id='word_1_615' title='bbox 1405 2064 1461 2106; x_wconf 92' lang='lat' dir='ltr'>qui</span> <span class='ocrx_word' id='word_1_616' title='bbox 1483 2063 1546 2097; x_wconf 90' lang='lat' dir='ltr'>sese</span> <span class='ocrx_word' id='word_1_617' title='bbox 1562 2063 1581 2096; x_wconf 80' lang='lat' dir='ltr'>a</span> <span class='ocrx_word' id='word_1_618' title='bbox 1601 2062 1838 2095; x_wconf 89' lang='lat' dir='ltr'>communione</span> <span class='ocrx_word' id='word_1_619' title='bbox 1864 2062 2019 2106; x_wconf 89' lang='lat' dir='ltr'>Episcopi</span> <span class='ocrx_word' id='word_1_620' title='bbox 2043 2064 2110 2098; x_wconf 78' lang='lat' dir='ltr'>sine</span> 
     </span>
     <span class='ocr_line' id='line_1_105' title="bbox 1271 2112 2108 2156; baseline -0.001 -9"><span class='ocrx_word' id='word_1_621' title='bbox 1271 2114 1397 2148; x_wconf 86' lang='lat' dir='ltr'>ratione</span> <span class='ocrx_word' id='word_1_622' title='bbox 1424 2115 1570 2156; x_wconf 84' lang='lat' dir='ltr'>separant</span> <span class='ocrx_word' id='word_1_623' title='bbox 1585 2136 1595 2151; x_wconf 92' lang='lat'><em>,</em></span> <span class='ocrx_word' id='word_1_624' title='bbox 1615 2112 1647 2145; x_wconf 89' lang='lat' dir='ltr'>se</span> <span class='ocrx_word' id='word_1_625' title='bbox 1657 2112 1951 2146; x_wconf 86' lang='lat' dir='ltr'>excommunicant</span> <span class='ocrx_word' id='word_1_626' title='bbox 1962 2137 1969 2144; x_wconf 90' lang='lat'><strong>.</strong></span> <span class='ocrx_word' id='word_1_627' title='bbox 1981 2124 2061 2149; x_wconf 86' lang='lat'><em>222.</em></span> <span class='ocrx_word' id='word_1_628' title='bbox 2074 2125 2108 2150; x_wconf 87' lang='lat'>2.</span> 
     </span>
     <span class='ocr_line' id='line_1_106' title="bbox 1223 2161 2110 2205; baseline -0.002 -6"><span class='ocrx_word' id='word_1_629' title='bbox 1223 2164 1343 2199; x_wconf 88' lang='lat' dir='ltr'>Clerici</span> <span class='ocrx_word' id='word_1_630' title='bbox 1355 2162 1430 2197; x_wconf 73' lang='lat' dir='ltr'>viva</span> <span class='ocrx_word' id='word_1_631' title='bbox 1444 2174 1543 2197; x_wconf 89' lang='lat' dir='ltr'>manu</span> <span class='ocrx_word' id='word_1_632' title='bbox 1554 2171 1704 2205; x_wconf 82' lang='lat' dir='ltr'>poterant</span> <span class='ocrx_word' id='word_1_633' title='bbox 1717 2163 1772 2196; x_wconf 86' lang='lat' dir='ltr'>sua</span> <span class='ocrx_word' id='word_1_634' title='bbox 1792 2161 1880 2197; x_wconf 79' lang='lat' dir='ltr'>bona</span> <span class='ocrx_word' id='word_1_635' title='bbox 1902 2162 2086 2197; x_wconf 85' lang='lat' dir='ltr'>diffundere</span> <span class='ocrx_word' id='word_1_636' title='bbox 2098 2187 2110 2203; x_wconf 90' lang='lat'>‚</span> 
     </span>
     <span class='ocr_line' id='line_1_107' title="bbox 1271 2210 2106 2258; baseline -0.002 -10"><span class='ocrx_word' id='word_1_637' title='bbox 1271 2214 1466 2249; x_wconf 83' lang='lat' dir='ltr'>testamento</span> <span class='ocrx_word' id='word_1_638' title='bbox 1483 2213 1621 2247; x_wconf 78' lang='lat' dir='ltr'>minime</span> <span class='ocrx_word' id='word_1_639' title='bbox 1634 2237 1643 2246; x_wconf 89' lang='lat'><em>.</em></span> <span class='ocrx_word' id='word_1_640' title='bbox 1995 2210 2050 2258; x_wconf 88' lang='lat'>48.</span> <span class='ocrx_word' id='word_1_641' title='bbox 2077 2225 2106 2249; x_wconf 92' lang='lat'>1.</span> 
     </span>
     <span class='ocr_line' id='line_1_108' title="bbox 1224 2261 2108 2308; baseline 0 -9"><span class='ocrx_word' id='word_1_642' title='bbox 1224 2264 1362 2299; x_wconf 88' lang='lat' dir='ltr'>Clericis</span> <span class='ocrx_word' id='word_1_643' title='bbox 1382 2276 1419 2298; x_wconf 87' lang='lat' dir='ltr'>ac</span> <span class='ocrx_word' id='word_1_644' title='bbox 1440 2262 1612 2308; x_wconf 89' lang='lat' dir='ltr'>Episcopis</span> <span class='ocrx_word' id='word_1_645' title='bbox 1643 2262 1686 2297; x_wconf 90' lang='lat' dir='ltr'>de</span> <span class='ocrx_word' id='word_1_646' title='bbox 1706 2261 1990 2307; x_wconf 82' lang='lat' dir='ltr'>patrimonialibus</span> <span class='ocrx_word' id='word_1_647' title='bbox 2014 2264 2108 2299; x_wconf 84' lang='lat' dir='ltr'>licuit</span> 
     </span>
     <span class='ocr_line' id='line_1_109' title="bbox 1272 2312 2105 2358; baseline -0.001 -10"><span class='ocrx_word' id='word_1_648' title='bbox 1272 2314 1379 2349; x_wconf 86' lang='lat' dir='ltr'>testari</span> <span class='ocrx_word' id='word_1_649' title='bbox 1395 2340 1402 2346; x_wconf 92' lang='lat'>.</span> <span class='ocrx_word' id='word_1_650' title='bbox 2003 2312 2060 2358; x_wconf 89' lang='lat'>46.</span> <span class='ocrx_word' id='word_1_651' title='bbox 2078 2325 2105 2349; x_wconf 89' lang='lat'>1.</span> 
     </span>
     <span class='ocr_line' id='line_1_110' title="bbox 1223 2362 2108 2400; baseline -0.003 0"><span class='ocrx_word' id='word_1_652' title='bbox 1223 2365 1358 2400; x_wconf 88' lang='lat' dir='ltr'>Clericis</span> <span class='ocrx_word' id='word_1_653' title='bbox 1388 2376 1426 2399; x_wconf 92' lang='lat' dir='ltr'>ac</span> <span class='ocrx_word' id='word_1_654' title='bbox 1446 2362 1626 2399; x_wconf 87' lang='lat' dir='ltr'>Monachis</span> <span class='ocrx_word' id='word_1_655' title='bbox 1650 2374 1727 2398; x_wconf 85' lang='lat' dir='ltr'>cura</span> <span class='ocrx_word' id='word_1_656' title='bbox 1754 2363 1955 2398; x_wconf 84' lang='lat' dir='ltr'>saecularium</span> <span class='ocrx_word' id='word_1_657' title='bbox 1974 2363 2108 2398; x_wconf 84' lang='lat' dir='ltr'>interdi-</span> 
     </span>
    </p>
   </div>
   <div class='ocr_carea' id='block_1_18' title="bbox 1221 2411 2106 2560">
    <p class='ocr_par' dir='ltr' id='par_1_38' title="bbox 1221 2411 2106 2560">
     <span class='ocr_line' id='line_1_111' title="bbox 1272 2411 2106 2450; baseline -0.004 -1"><span class='ocrx_word' id='word_1_658' title='bbox 1272 2417 1319 2449; x_wconf 70' lang='lat' dir='ltr'>&amp;a</span> <span class='ocrx_word' id='word_1_659' title='bbox 1330 2441 1337 2448; x_wconf 90' lang='lat'><strong>.</strong></span> <span class='ocrx_word' id='word_1_660' title='bbox 1961 2411 2014 2450; x_wconf 85' lang='lat'>68.</span> <span class='ocrx_word' id='word_1_661' title='bbox 2032 2426 2059 2450; x_wconf 89' lang='lat'>1.</span> <span class='ocrx_word' id='word_1_662' title='bbox 2074 2426 2106 2450; x_wconf 88' lang='grc'><strong><em>2.</em></strong></span> 
     </span>
     <span class='ocr_line' id='line_1_112' title="bbox 1221 2462 2106 2509; baseline -0.002 -9"><span class='ocrx_word' id='word_1_663' title='bbox 1221 2464 1358 2500; x_wconf 89' lang='lat' dir='ltr'>Clericis</span> <span class='ocrx_word' id='word_1_664' title='bbox 1379 2463 1663 2509; x_wconf 87' lang='lat' dir='ltr'>peregrinantibus</span> <span class='ocrx_word' id='word_1_665' title='bbox 1684 2462 1801 2497; x_wconf 86' lang='lat' dir='ltr'>litteris</span> <span class='ocrx_word' id='word_1_666' title='bbox 1823 2464 2106 2498; x_wconf 85' lang='lat' dir='ltr'>commendatitiis</span> 
     </span>
     <span class='ocr_line' id='line_1_113' title="bbox 1267 2511 2103 2560; baseline -0.004 -11"><span class='ocrx_word' id='word_1_667' title='bbox 1267 2515 1351 2550; x_wconf 88' lang='lat' dir='ltr'>olim</span> <span class='ocrx_word' id='word_1_668' title='bbox 1364 2525 1463 2559; x_wconf 76' lang='lat' dir='ltr'>opuS.</span> <span class='ocrx_word' id='word_1_669' title='bbox 2006 2511 2058 2560; x_wconf 80' lang='lat'>85.</span> <span class='ocrx_word' id='word_1_670' title='bbox 2075 2525 2103 2550; x_wconf 88' lang='lat'>1.</span> 
     </span>
    </p>
   </div>
   <div class='ocr_carea' id='block_1_19' title="bbox 1212 2561 2104 3403">
    <p class='ocr_par' dir='ltr' id='par_1_39' title="bbox 1212 2561 2104 3403">
     <span class='ocr_line' id='line_1_114' title="bbox 1219 2561 2104 2608; baseline -0.003 -8"><span class='ocrx_word' id='word_1_671' title='bbox 1219 2565 1352 2601; x_wconf 89' lang='lat' dir='ltr'>Clerico</span> <span class='ocrx_word' id='word_1_672' title='bbox 1373 2564 1508 2598; x_wconf 85' lang='lat' dir='ltr'>habenti</span> <span class='ocrx_word' id='word_1_673' title='bbox 1535 2564 1709 2608; x_wconf 88' lang='lat' dir='ltr'>negotium</span> <span class='ocrx_word' id='word_1_674' title='bbox 1736 2561 1886 2597; x_wconf 77' lang='lat' dir='ltr'>adversus</span> <span class='ocrx_word' id='word_1_675' title='bbox 1911 2562 2104 2605; x_wconf 81' lang='lat' dir='ltr'>clericum,</span> 
     </span>
     <span class='ocr_line' id='line_1_115' title="bbox 1267 2611 2101 2661; baseline -0.004 -11"><span class='ocrx_word' id='word_1_676' title='bbox 1267 2617 1340 2659; x_wconf 90' lang='lat' dir='ltr'>quis</span> <span class='ocrx_word' id='word_1_677' title='bbox 1351 2615 1386 2649; x_wconf 88' lang='lat' dir='ltr'>in</span> <span class='ocrx_word' id='word_1_678' title='bbox 1399 2614 1582 2649; x_wconf 89' lang='lat' dir='ltr'>accusando</span> <span class='ocrx_word' id='word_1_679' title='bbox 1598 2612 1770 2648; x_wconf 87' lang='lat' dir='ltr'>servandus</span> <span class='ocrx_word' id='word_1_680' title='bbox 1782 2613 1864 2648; x_wconf 93' lang='lat' dir='ltr'>ordo</span> <span class='ocrx_word' id='word_1_681' title='bbox 1877 2638 1884 2645; x_wconf 92' lang='lat'><strong>.</strong></span> <span class='ocrx_word' id='word_1_682' title='bbox 1998 2611 2053 2661; x_wconf 90' lang='lat'>78.</span> <span class='ocrx_word' id='word_1_683' title='bbox 2071 2625 2101 2650; x_wconf 90' lang='lat'>1.</span> 
     </span>
     <span class='ocr_line' id='line_1_116' title="bbox 1218 2662 2103 2705; baseline -0.003 -4"><span class='ocrx_word' id='word_1_684' title='bbox 1218 2666 1424 2702; x_wconf 88' lang='lat' dir='ltr'>Clericorum</span> <span class='ocrx_word' id='word_1_685' title='bbox 1436 2664 1605 2699; x_wconf 82' lang='lat' dir='ltr'>translatio</span> <span class='ocrx_word' id='word_1_686' title='bbox 1615 2687 1625 2703; x_wconf 88' lang='lat'>‚</span> <span class='ocrx_word' id='word_1_687' title='bbox 1651 2664 1710 2698; x_wconf 82' lang='lat' dir='ltr'>nisi</span> <span class='ocrx_word' id='word_1_688' title='bbox 1729 2674 1771 2697; x_wconf 87' lang='lat' dir='ltr'>ex</span> <span class='ocrx_word' id='word_1_689' title='bbox 1784 2662 1973 2698; x_wconf 84' lang='lat' dir='ltr'>rationabili</span> <span class='ocrx_word' id='word_1_690' title='bbox 1987 2665 2080 2698; x_wconf 87' lang='lat' dir='ltr'>causa</span> <span class='ocrx_word' id='word_1_691' title='bbox 2090 2689 2103 2705; x_wconf 90' lang='lat'>,</span> 
     </span>
     <span class='ocr_line' id='line_1_117' title="bbox 1268 2715 2102 2762; baseline -0.004 -12"><span class='ocrx_word' id='word_1_692' title='bbox 1268 2726 1335 2751; x_wconf 85' lang='lat' dir='ltr'>erat</span> <span class='ocrx_word' id='word_1_693' title='bbox 1348 2715 1465 2749; x_wconf 89' lang='lat' dir='ltr'>illicita</span> <span class='ocrx_word' id='word_1_694' title='bbox 1477 2740 1484 2747; x_wconf 93' lang='lat'>.</span> <span class='ocrx_word' id='word_1_695' title='bbox 1999 2725 2053 2762; x_wconf 88' lang='lat'>97.</span> <span class='ocrx_word' id='word_1_696' title='bbox 2072 2725 2102 2750; x_wconf 91' lang='lat'>1.</span> 
     </span>
     <span class='ocr_line' id='line_1_118' title="bbox 1216 2763 2102 2807; baseline -0.002 -7"><span class='ocrx_word' id='word_1_697' title='bbox 1216 2767 1363 2801; x_wconf 89' lang='lat' dir='ltr'>Clericos</span> <span class='ocrx_word' id='word_1_698' title='bbox 1381 2765 1422 2800; x_wconf 90' lang='lat' dir='ltr'>ad</span> <span class='ocrx_word' id='word_1_699' title='bbox 1437 2774 1543 2800; x_wconf 89' lang='lat' dir='ltr'>certos</span> <span class='ocrx_word' id='word_1_700' title='bbox 1565 2763 1680 2799; x_wconf 84' lang='lat' dir='ltr'>titulos</span> <span class='ocrx_word' id='word_1_701' title='bbox 1705 2763 1850 2799; x_wconf 82' lang='lat' dir='ltr'>ordinari</span> <span class='ocrx_word' id='word_1_702' title='bbox 1877 2763 1954 2807; x_wconf 78' lang='lat' dir='ltr'>juris</span> <span class='ocrx_word' id='word_1_703' title='bbox 1973 2764 2019 2799; x_wconf 88' lang='lat' dir='ltr'>est</span> <span class='ocrx_word' id='word_1_704' title='bbox 2039 2764 2102 2798; x_wconf 51' lang='lat' dir='ltr'>Di}</span> 
     </span>
     <span class='ocr_line' id='line_1_119' title="bbox 1267 2816 2101 2862; baseline -0.004 -12"><span class='ocrx_word' id='word_1_705' title='bbox 1267 2816 1357 2850; x_wconf 87' lang='lat' dir='ltr'>vini.</span> <span class='ocrx_word' id='word_1_706' title='bbox 1971 2823 1978 2832; x_wconf 80' lang='lat'>⁸</span> <span class='ocrx_word' id='word_1_707' title='bbox 1999 2824 2054 2862; x_wconf 87' lang='lat'>74.</span> <span class='ocrx_word' id='word_1_708' title='bbox 2070 2822 2101 2848; x_wconf 93' lang='lat'>1.</span> 
     </span>
     <span class='ocr_line' id='line_1_120' title="bbox 1217 2863 2102 2910; baseline -0.005 -8"><span class='ocrx_word' id='word_1_709' title='bbox 1217 2863 1422 2910; x_wconf 88' lang='lat' dir='ltr'>Clidopheus</span> <span class='ocrx_word' id='word_1_710' title='bbox 1448 2864 1607 2901; x_wconf 86' lang='lat' dir='ltr'>asserebat</span> <span class='ocrx_word' id='word_1_711' title='bbox 1628 2864 1754 2900; x_wconf 88' lang='lat' dir='ltr'>nullam</span> <span class='ocrx_word' id='word_1_712' title='bbox 1775 2865 1841 2901; x_wconf 84' lang='lat' dir='ltr'>esse</span> <span class='ocrx_word' id='word_1_713' title='bbox 1862 2873 2011 2900; x_wconf 88' lang='lat' dir='ltr'>naturam</span> <span class='ocrx_word' id='word_1_714' title='bbox 2033 2866 2102 2899; x_wconf 82' lang='lat' dir='ltr'>fine</span> 
     </span>
     <span class='ocr_line' id='line_1_121' title="bbox 1264 2917 2101 2963; baseline -0.004 -12"><span class='ocrx_word' id='word_1_715' title='bbox 1264 2917 1426 2961; x_wconf 85' lang='lat' dir='ltr'>hypostasi</span> <span class='ocrx_word' id='word_1_716' title='bbox 1439 2942 1446 2949; x_wconf 94' lang='lat'>.</span> <span class='ocrx_word' id='word_1_717' title='bbox 1978 2927 2055 2963; x_wconf 83' lang='lat'>312.</span> <span class='ocrx_word' id='word_1_718' title='bbox 2071 2925 2101 2950; x_wconf 90' lang='grc'>1.</span> 
     </span>
     <span class='ocr_line' id='line_1_122' title="bbox 1216 2966 2103 3009; baseline -0.005 -6"><span class='ocrx_word' id='word_1_719' title='bbox 1216 2966 1487 3003; x_wconf 87' lang='lat' dir='ltr'>Communicatio</span> <span class='ocrx_word' id='word_1_720' title='bbox 1499 2978 1576 3001; x_wconf 90' lang='lat' dir='ltr'>cum</span> <span class='ocrx_word' id='word_1_721' title='bbox 1588 2966 1883 3001; x_wconf 81' lang='lat' dir='ltr'>excommunicatis</span> <span class='ocrx_word' id='word_1_722' title='bbox 1892 2988 1903 3006; x_wconf 85' lang='lat'><strong>,</strong></span> <span class='ocrx_word' id='word_1_723' title='bbox 1920 2966 2036 3009; x_wconf 84' lang='lat' dir='ltr'>majori</span> <span class='ocrx_word' id='word_1_724' title='bbox 2047 2976 2103 2999; x_wconf 77' lang='lat' dir='ltr'>ex-</span> 
     </span>
     <span class='ocr_line' id='line_1_123' title="bbox 1264 3013 2098 3060; baseline -0.005 -9"><span class='ocrx_word' id='word_1_725' title='bbox 1264 3018 1566 3053; x_wconf 85' lang='lat' dir='ltr'>communicatione</span> <span class='ocrx_word' id='word_1_726' title='bbox 1578 3017 1659 3051; x_wconf 88' lang='lat' dir='ltr'>olim</span> <span class='ocrx_word' id='word_1_727' title='bbox 1672 3017 1784 3060; x_wconf 87' lang='lat' dir='ltr'>punita</span> <span class='ocrx_word' id='word_1_728' title='bbox 1798 3042 1806 3049; x_wconf 89' lang='lat'>.</span> <span class='ocrx_word' id='word_1_729' title='bbox 1977 3013 2053 3052; x_wconf 87' lang='lat'>218.</span> <span class='ocrx_word' id='word_1_730' title='bbox 2067 3027 2098 3052; x_wconf 86' lang='lat'>2.</span> 
     </span>
     <span class='ocr_line' id='line_1_124' title="bbox 1215 3063 2099 3113; baseline -0.005 -11"><span class='ocrx_word' id='word_1_731' title='bbox 1215 3068 1419 3102; x_wconf 89' lang='lat' dir='ltr'>Communio</span> <span class='ocrx_word' id='word_1_732' title='bbox 1430 3069 1598 3111; x_wconf 87' lang='lat' dir='ltr'>peregrina</span> <span class='ocrx_word' id='word_1_733' title='bbox 1611 3092 1620 3107; x_wconf 97' lang='lat'>,</span> <span class='ocrx_word' id='word_1_734' title='bbox 1638 3068 1719 3110; x_wconf 88' lang='lat' dir='ltr'>quid</span> <span class='ocrx_word' id='word_1_735' title='bbox 1731 3091 1741 3107; x_wconf 94' lang='lat'><em>,</em></span> <span class='ocrx_word' id='word_1_736' title='bbox 1766 3066 1972 3111; x_wconf 80' lang='lat' dir='ltr'>quotuplex?</span> <span class='ocrx_word' id='word_1_737' title='bbox 1998 3063 2050 3113; x_wconf 87' lang='lat'>87.</span> <span class='ocrx_word' id='word_1_738' title='bbox 2069 3076 2099 3101; x_wconf 89' lang='lat'>1.</span> 
     </span>
     <span class='ocr_line' id='line_1_125' title="bbox 1214 3116 2097 3162; baseline -0.005 -9"><span class='ocrx_word' id='word_1_739' title='bbox 1214 3118 1419 3161; x_wconf 82' lang='lat' dir='ltr'>Compositio</span> <span class='ocrx_word' id='word_1_740' title='bbox 1431 3118 1464 3151; x_wconf 90' lang='lat' dir='ltr'>in</span> <span class='ocrx_word' id='word_1_741' title='bbox 1480 3116 1611 3153; x_wconf 89' lang='lat' dir='ltr'>Christo</span> <span class='ocrx_word' id='word_1_742' title='bbox 1623 3117 1803 3152; x_wconf 66' lang='lat' dir='ltr'>secundum</span> <span class='ocrx_word' id='word_1_743' title='bbox 1821 3118 2010 3162; x_wconf 84' lang='lat' dir='ltr'>personam,</span> <span class='ocrx_word' id='word_1_744' title='bbox 2025 3126 2097 3149; x_wconf 86' lang='lat' dir='ltr'>non</span> 
     </span>
     <span class='ocr_line' id='line_1_126' title="bbox 1262 3167 2098 3211; baseline -0.006 -6"><span class='ocrx_word' id='word_1_745' title='bbox 1262 3167 1441 3205; x_wconf 74' lang='lat' dir='ltr'>secundum</span> <span class='ocrx_word' id='word_1_746' title='bbox 1452 3179 1598 3202; x_wconf 81' lang='lat' dir='ltr'>naturam</span> <span class='ocrx_word' id='word_1_747' title='bbox 1612 3192 1623 3207; x_wconf 91' lang='lat'><em>,</em></span> <span class='ocrx_word' id='word_1_748' title='bbox 1643 3169 1724 3201; x_wconf 87' lang='lat' dir='ltr'>cur?</span> <span class='ocrx_word' id='word_1_749' title='bbox 1972 3175 2049 3211; x_wconf 85' lang='lat'>¹41·</span> <span class='ocrx_word' id='word_1_750' title='bbox 2065 3175 2098 3200; x_wconf 86' lang='lat'>1.</span> 
     </span>
     <span class='ocr_line' id='line_1_127' title="bbox 1214 3214 2098 3262; baseline -0.003 -9"><span class='ocrx_word' id='word_1_751' title='bbox 1214 3218 1420 3262; x_wconf 86' lang='lat' dir='ltr'>Compositio</span> <span class='ocrx_word' id='word_1_752' title='bbox 1431 3228 1498 3251; x_wconf 89' lang='lat' dir='ltr'>non</span> <span class='ocrx_word' id='word_1_753' title='bbox 1514 3217 1786 3253; x_wconf 88' lang='lat' dir='ltr'>inhabitationem</span> <span class='ocrx_word' id='word_1_754' title='bbox 1797 3242 1808 3258; x_wconf 88' lang='lat'>‚</span> <span class='ocrx_word' id='word_1_755' title='bbox 1836 3215 1889 3250; x_wconf 88' lang='lat' dir='ltr'>sed</span> <span class='ocrx_word' id='word_1_756' title='bbox 1915 3214 2098 3250; x_wconf 86' lang='lat' dir='ltr'>naturalem</span> 
     </span>
     <span class='ocr_line' id='line_1_128' title="bbox 1261 3269 2097 3312; baseline -0.006 -10"><span class='ocrx_word' id='word_1_757' title='bbox 1261 3279 1385 3303; x_wconf 85' lang='lat' dir='ltr'>nexum</span> <span class='ocrx_word' id='word_1_758' title='bbox 1398 3269 1571 3312; x_wconf 70' lang='lat' dir='ltr'>importat,</span> <span class='ocrx_word' id='word_1_759' title='bbox 1978 3276 2052 3312; x_wconf 81' lang='lat'>¹4¹·</span> <span class='ocrx_word' id='word_1_760' title='bbox 2069 3276 2097 3301; x_wconf 92' lang='lat'>1.</span> 
     </span>
     <span class='ocr_line' id='line_1_129' title="bbox 1212 3315 2099 3363; baseline -0.006 -9"><span class='ocrx_word' id='word_1_761' title='bbox 1212 3319 1367 3354; x_wconf 89' lang='lat' dir='ltr'>Concilia</span> <span class='ocrx_word' id='word_1_762' title='bbox 1389 3318 1495 3362; x_wconf 89' lang='lat' dir='ltr'>priora</span> <span class='ocrx_word' id='word_1_763' title='bbox 1515 3327 1654 3363; x_wconf 83' lang='lat' dir='ltr'>quatuor</span> <span class='ocrx_word' id='word_1_764' title='bbox 1675 3318 1716 3353; x_wconf 89' lang='lat' dir='ltr'>ad</span> <span class='ocrx_word' id='word_1_765' title='bbox 1742 3316 1916 3352; x_wconf 79' lang='lat' dir='ltr'>Missamm</span> <span class='ocrx_word' id='word_1_766' title='bbox 1938 3315 2099 3350; x_wconf 80' lang='lat' dir='ltr'>solemnia</span> 
     </span>
     <span class='ocr_line' id='line_1_130' title="bbox 1261 3363 2096 3403; baseline -0.004 0"><span class='ocrx_word' id='word_1_767' title='bbox 1261 3368 1344 3403; x_wconf 92' lang='lat' dir='ltr'>olirn</span> <span class='ocrx_word' id='word_1_768' title='bbox 1356 3370 1486 3403; x_wconf 87' lang='lat' dir='ltr'>recitata</span> <span class='ocrx_word' id='word_1_769' title='bbox 1499 3393 1506 3401; x_wconf 91' lang='lat'><strong>.</strong></span> <span class='ocrx_word' id='word_1_770' title='bbox 1974 3363 2048 3402; x_wconf 85' lang='grc'>182-</span> <span class='ocrx_word' id='word_1_771' title='bbox 2065 3376 2096 3401; x_wconf 82' lang='grc'>2.</span> 
     </span>
    </p>
   </div>
   <div class='ocr_carea' id='block_1_20' title="bbox 1212 3414 2123 3510">
    <p class='ocr_par' dir='ltr' id='par_1_40' title="bbox 1212 3414 2123 3510">
     <span class='ocr_line' id='line_1_131' title="bbox 1212 3414 2123 3474; baseline 0 -20"><span class='ocrx_word' id='word_1_772' title='bbox 1212 3419 1415 3454; x_wconf 80' lang='lat' dir='ltr'>Confirmata</span> <span class='ocrx_word' id='word_1_773' title='bbox 1439 3420 1514 3454; x_wconf 88' lang='lat' dir='ltr'>sunt</span> <span class='ocrx_word' id='word_1_774' title='bbox 1533 3418 1647 3454; x_wconf 88' lang='lat' dir='ltr'>omnia</span> <span class='ocrx_word' id='word_1_775' title='bbox 1670 3420 1739 3453; x_wconf 70' lang='lat' dir='ltr'>asta</span> <span class='ocrx_word' id='word_1_776' title='bbox 1759 3417 1887 3462; x_wconf 80' lang='lat' dir='ltr'>synodi</span> <span class='ocrx_word' id='word_1_777' title='bbox 1909 3414 2074 3461; x_wconf 82' lang='lat' dir='ltr'>Ephefinae</span> <span class='ocrx_word' id='word_1_778' title='bbox 2084 3439 2123 3474; x_wconf 30' lang='grc' dir='ltr'>,β</span> 
     </span>
     <span class='ocr_line' id='line_1_132' title="bbox 1969 3474 2048 3510; baseline -0.013 -11"><span class='ocrx_word' id='word_1_779' title='bbox 1969 3474 2048 3510; x_wconf 84' lang='lat' dir='ltr'>quo-</span> 
     </span>
    </p>
   </div>
  </div>
 </body>
</html>
