2340 3736
343 93 442 151 284

305 170 374 204 illis
396 172 504 216 ipsum
524 174 674 218 judicati.
713 170 769 208 Ad
792 180 862 217 quae
885 170 1020 219 gloriosi
1046 172 1191 215 judices:

305 221 439 265 scriptas
456 225 648 268 probationes
676 224 713 257 de
734 225 836 267 aliqua
858 235 889 258 re
915 222 1058 264 praestare
1074 231 1163 264 potes
1175 222 1192 254 ,ἓ

307 271 353 306 Et
388 273 621 320 Theophilus:
650 274 750 308 Habeo
782 280 987 312 monimenta,
1012 282 1080 314 quae
1101 269 1193 314 super

307 337 338 360 ιο
343 326 426 372 gesta
429 325 505 370 fient
515 331 547 359 in
559 328 685 367 Beryto,
708 326 820 368 &quse
837 330 871 357 in
899 320 1033 364 Epheso.
1061 325 1136 354 Ecce
1161 322 1194 354 Θ

309 382 443 412 Domnus
458 373 632 419 Thalassius
654 381 762 409 novit.-
789 372 855 417 Ipse
869 398 879 413 ‚
904 378 955 414 qut
971 369 1098 415 suscepit
1117 371 1193 405 rela-

309 437 426 469 tiones,
451 425 550 466 adest.
576 430 775 470 Inter-rogetur
800 422 884 466 ipse,
911 422 945 455 ob
966 433 1057 464 quam
1077 419 1197 464 causam

309 482 533 520 hmnationem
558 476 655 520 flecis„
690 478 736 508 Et
757 478 893 507 Domnus
924 470 1068 515 Eusebius
1092 470 1195 512 adest,

309 533 344 565 (w
384 533 487 563 nouit.
514 526 667 572 Ephefini
693 522 856 560 latrocinii
893 522 1089 557 sententiam
1115 545 1127 562 ,
1161 522 1199 555 li-

309 590 361 614 cet
381 579 423 614 de
442 577 594 620 absente,
620 577 695 622 quia
720 585 829 609 tamen
851 585 894 607 ex
917 571 1063 607 articulis
1084 582 1197 608 coram

311 629 480 674 Berytensi
501 627 639 672 Synodo
661 623 823 670 produftis
845 624 879 658 δε
902 622 1045 666 probatis
1055 623 1172 658 factam
1187 647 1198 663 ,

310 679 506 715 adseveravit
516 678 712 724 legitimam
724 674 873 716 istudque
880 672 1046 707 Thalaffii
1073 672 1199 708 Prima-

310 733 353 766 tis
372 729 597 769 Caesarcensis,
621 728 655 762 δε
668 723 800 760 Eusebii
813 723 1033 768 Metropolitae
1051 722 1196 767 Ancyra—

310 782 369 820 ni,
395 781 450 824 qui
460 779 626 813 Dioscoro
638 777 730 811 Ibam
742 775 910 815 damnanti
926 775 1053 808 fuerant
1062 772 1197 818 fingula·

309 833 388 866 riter
407 828 597 873 cooperati,
622 826 811 862 auctoritate
831 826 866 861 ἃ,
879 824 1072 859 testimonio
1082 824 1197 856 confir-

314 881 439 916 mavit.
470 879 519 913 At
531 878 688 913 Eusebius
697 876 845 919 excepit:
871 877 937 919 Eg'o
956 875 1129 909 relationem
1140 884 1198 906 non

236 974 238 976 Ι
306 929 423 978 suscepi
435 943 444 975 ;
471 932 543 963 dum
555 938 651 962 autem
663 934 696 961 in
712 924 831 970 Epheso
843 925 1018 970 relegeretur
1029 949 1041 966 ,
1065 925 1174 957 audivi
1188 949 1195 956 .

310 987 358 1017 Et
381 981 419 1023 est
439 977 578 1023 versuum
600 978 706 1011 charta
725 979 883 1010 multorum
895 1000 905 1016 ,
933 976 1133 1009 &multorum
1145 972 1193 1008 bo·

310 1037 426 1066 minum
444 1028 630 1072 depositiones
651 1027 765 1060 habens
787 1051 795 1059 .
822 1029 853 1060 sz·
874 1034 976 1060 autem
996 1024 1084 1058 habet
1106 1030 1197 1058 moni·

311 1090 413 1116 menta
432 1105 444 1121 ,
468 1087 623 1122 tamquam
643 1075 689 1110 ad
701 1082 874 1120 petitionem
889 1074 972 1120 gesta
1002 1077 1064 1116 ejus
1081 1074 1197 1117 estpro-

309 1133 396 1166 bare.
422 1133 487 1175 Ego
499 1134 577 1164 enim
587 1140 653 1163 cum
662 1129 857 1162 multitudine
869 1127 988 1160 auditor
996 1125 1048 1167 fui
1058 1151 1065 1159 .
1094 1125 1197 1159 Exce-

309 1179 623 1227 pit&Thalaffius:
651 1179 729 1212 Cum
739 1176 872 1212 omnibus
881 1175 1093 1211 audiebamus.
1121 1175 1195 1210 Et&

308 1231 458 1279 gloriosis
466 1229 629 1274 judicibus
640 1228 738 1264 ambo
751 1227 857 1274 rogati
868 1251 879 1267 ,
906 1227 1020 1261 Aderat
1031 1235 1102 1260 tunc
1111 1237 1196 1260 reve-

308 1282 489 1323 rendffmus
516 1281 588 1315 lbas
614 1285 646 1313 itt
672 1275 768 1320 vestra
792 1279 948 1312 audientia
967 1302 978 1317 ,
1003 1276 1073 1311 faffi
1098 1276 1192 1310 sunt:

307 1338 382 1368 Non
401 1334 511 1366 aderat
523 1357 530 1364 .
558 1331 668 1378 Qare
686 1340 803 1364 omnes
814 1326 1192 1364 orientales&Pontici

307 1383 466 1427 Episcopi
491 1381 716 1416 exclamarunt
729 1394 740 1414 .-
767 1378 923 1423 Absentem
947 1378 1048 1412 nullus·
1070 1377 1193 1410 abiicit.

307 1434 352 1468 Et
374 1432 453 1467 hinc
479 1431 520 1466 ad
543 1431 755 1475 Beryto-nsem
776 1428 951 1473 synodum
972 1426 1067 1461 rediit
1081 1425 1196 1460 Theo-

306 1482 437 1529 philus,
464 1493 584 1527 rogans
605 1479 646 1515 de
668 1479 814 1515 articulis
836 1477 907 1512 istic
928 1475 1081 1511 adversus
1102 1476 1194 1511 lbam

305 1533 468 1578 produstis
481 1546 492 1565 .·
518 1536 641 1566 Veritas
662 1536 694 1562 in
718 1527 889 1572 bat-san&
899 1529 1009 1566 synodo
1020 1525 1195 1567 demonstre-

305 1593 355 1617 tur
381 1607 389 1615 .
425 1581 676 1617 Demonstravit
700 1579 801 1623 ipsam
822 1577 988 1612 Eustatius
1012 1577 1193 1620 Berytensis

305 1635 509 1678 Episcopus,
534 1631 615 1666 alter
637 1630 728 1664 istius
749 1628 878 1672 Synodi
892 1627 1030 1661 Praeses:
1057 1627 1193 1660 Introdu-

303 1693 409 1717 xerunt
428 1691 489 1717 tres
502 1706 512 1721 ,
537 1684 571 1716 Θ
590 1681 645 1725 sex
657 1705 668 1722 ‚
694 1681 729 1714 (ν
750 1680 902 1713 duodecim
923 1677 1139 1719 testespropter
1149 1679 1193 1710 dt-

302 1734 426 1768 &ionem
452 1758 463 1773 ‚
488 1744 578 1775 quam
604 1732 686 1764 dixit
710 1730 781 1763 Ibas
809 1753 819 1769 ,
845 1729 954 1762 NON
985 1726 1192 1762 INVIDEO

301 1782 518 1819 CHRISTO
553 1781 720 1818 FACTo
748 1780 848 1815 DEO
876 1804 884 1812 .
922 1783 979 1812 Hic
1004 1777 1043 1819 est
1069 1777 1192 1811 Photius

302 1834 492 1878 Episcopus,
519 1832 600 1867 alter
622 1832 739 1866 Praeses
761 1830 904 1874 ejusdem
915 1827 1063 1872 Synodi3
1086 1837 1192 1870 propo-

303 1896 394 1919 natur
405 1891 431 1919 ei
442 1883 651 1928 Evangelium
663 1907 673 1922 ,
699 1883 842 1915 &coram
853 1880 903 1913 islo
920 1877 1096 1921 profiteatur
1111 1903 1118 1910 .
1147 1879 1190 1912 Et

302 1934 383 1969 hinc
403 1945 540 1969 omnem
551 1933 597 1967 rei
609 1933 722 1967 seriem
737 1929 901 1965 enarravit
913 1928 1055 1963 Phorius
1067 1952 1079 1968 ‚
1103 1927 1190 1962 adse-

300 1995 416 2019 verans
438 1984 530 2019 lbam
553 1982 594 2017 ab
614 1979 850 2016 accusatoribus
872 1990 941 2013 non
966 1978 1060 2012 fuisse
1079 1978 1192 2011 convi-

301 2037 411 2075 fium,
438 2033 490 2069 sed
503 2033 705 2077 synodaliter
725 2031 933 2067 absolutum,
958 2029 991 2062 &
1011 2028 1188 2062 conclusit:

301 2090 439 2120 Fecimus
450 2096 498 2118 eos
510 2089 619 2116 amicos
631 2094 641 2124 ;
660 2079 769 2125 sanc‘la
780 2085 946 2115 muneram
958 2077 1116 2120 Episcopio
1127 2089 1192 2111 rur

300 2137 353 2170 sias
376 2139 666 2170 communicaverunt
688 2135 818 2165 invicem
842 2128 1008 2168 Presbyteri
1025 2129 1190 2163 accusato-

300 2197 372 2226 res,
397 2184 523 2229 &ipse

351 2233 565 2279 Theophilus
586 2244 652 2267 non
676 2230 862 2275 acquievit,
889 2229 923 2263 &
943 2238 1011 2262 non
1033 2227 1075 2263 ad
1089 2228 1188 2271 Bery-

302 2288 429 2321 tensem
438 2286 479 2320 de
491 2284 548 2319 Iba
560 2284 754 2318 sententiam
767 2306 778 2322 ,
805 2280 860 2315 sed
873 2280 912 2313 ad
926 2277 1100 2323 productos
1120 2277 1188 2312 illic

299 2336 477 2375 articulos,
503 2337 537 2369 &
562 2335 689 2378 integra
710 2330 839 2375 Synodi
862 2329 943 2364 Aeta
954 2329 1189 2372 proclamavit,

299 2385 468 2431 postulans
494 2384 619 2419 recitari
632 2409 639 2415 .
668 2382 711 2416 Et
732 2393 789 2425 per
809 2378 1066 2415 Constantinum
1079 2377 1190 2422 Magi-

299 2437 480 2474 strianum,
506 2433 586 2468 sacri
607 2429 803 2466 Consistorii
826 2430 1023 2472 Adjutorem
1043 2430 1132 2463 fuere
1143 2438 1186 2462 re·

302 2487 403 2521 citata
414 2511 421 2518 .
450 2485 600 2519 Recitata
611 2483 675 2516 fuit
686 2481 719 2516 ὃ(
732 2481 857 2518 famosa
865 2479 905 2513 ad
919 2479 1043 2512 Marim
1052 2477 1188 2512 Persidis

304 2535 504 2580 Episcopum
529 2531 675 2578 Epistola
698 2555 709 2572 ,
744 2530 920 2574 praecipuus
938 2528 1127 2562 offensionis
1146 2527 1188 2562 la-

297 2588 369 2630 pis,
396 2586 430 2620 &
454 2585 551 2619 unica
574 2582 614 2617 ad
637 2581 811 2626 Synodum
832 2579 976 2613 nostram
996 2577 1124 2612 mentio
1147 2577 1188 2612 de

298 2637 438 2671 nomine
453 2636 487 2669 &
510 2632 661 2669 laudibus
681 2629 855 2665 Theodori
869 2627 1024 2672 Episcopi
1034 2628 1187 2671 Mopsue-

299 2687 403 2721 steni.
429 2684 561 2732 Qibus
586 2682 694 2723 lestis,
721 2680 793 2715 lbas
817 2679 860 2714 ad
885 2679 1047 2724 gloriosos
1067 2676 1188 2721 judices

299 2737 346 2771 est
369 2736 539 2771 interfatus
560 2747 567 2766 :
588 2732 707 2777 Jubeat
728 2732 827 2772 vestra
849 2731 1017 2763 Clementia
1039 2729 1131 2772 relegi
1153 2729 1189 2762 Θ·

299 2788 417 2820 litteras
441 2787 620 2819 clericorum
644 2783 854 2825 Edeffienomm
875 2805 886 2819 ,
924 2788 959 2812 ut
985 2777 1163 2822 cognoscatis
1177 2802 1188 2819 ,

300 2836 464 2879 qutaoab
476 2836 544 2877 his,
573 2845 641 2877 quae
653 2831 725 2865 mihi
736 2833 823 2865 illata
831 2829 924 2874 sunt,
951 2831 1067 2862 alienus
1076 2826 1189 2870 existo,

300 2889 336 2920 o·
359 2887 536 2920 violentiam
541 2883 610 2929 sum
616 2881 764 2925 perpeffus
783 2906 790 2914 .
818 2879 886 2915 Soli
898 2889 1039 2922 quatuor
1052 2877 1188 2921 Presby-

298 2936 385 2976 teri,
412 2935 562 2976 Samuel,
591 2934 720 2977 Cyrus,
749 2928 933 2974 Eulogius,
961 2930 994 2963 &
1012 2928 1190 2962 Maras-ac-

300 2987 460 3025 cusarant,
473 2987 614 3030 reliquus
624 2981 821 3026 ampliffimae
832 2979 955 3013 Edesiae
966 2979 1081 3012 clerus
1092 2978 1184 3012 lbam

301 3036 517 3070 innocentem
538 3037 640 3069 fuerat
662 3030 855 3077 protestatus
877 3028 1011 3074 publico
1029 3027 1071 3063 ad
1084 3028 1189 3072 Syno-

301 3085 383 3119 dum
411 3085 619 3127 Berytensem
645 3083 767 3118 directo
793 3081 1010 3115 instrumento
1037 3091 1045 3111 :
1078 3079 1190 3121 Ipsum

301 3135 402 3170 etiam
425 3134 490 3179 legi
514 3134 687 3177 postulavit
706 3133 801 3172 Ibas,
827 3129 972 3175 legitque
984 3127 1190 3164 sactiConsi-

303 3182 394 3219 storii
407 3184 600 3219 secretarius
611 3183 780 3217 Beronicia
786 3193 846 3216 nus
857 3207 864 3214 .

355 3233 521 3269 Adversus
543 3232 623 3267 illud
648 3233 758 3265 nescio
769 3243 849 3275 quas
859 3229 1072 3272 exceptiones
1083 3229 1189 3264 movit

306 3283 536 3327 Theophilus,
565 3281 618 3317 sed
643 3292 722 3322 quas
747 3281 878 3324 gloriosi
899 3279 1020 3322 judices
1042 3281 1191 3314 censuere

299 3332 460 3373 frivolas,
486 3332 694 3376 interlocuti:
722 3334 793 3370 Ea,
819 3341 885 3372 quae
911 3330 987 3363 ledia
1001 3328 1074 3372 sunt
1097 3355 1108 3371 ,
1132 3331 1189 3363 cla-

302 3391 391 3416 vent.
419 3386 456 3415 Ut
477 3392 577 3416 autem
595 3381 673 3414 nibil
681 3379 976 3422 defitjustejudieare
989 3380 1163 3413 debentibus
1175 3404 1185 3420 ,

304 3433 473 3478 relegantur
497 3444 562 3475 quae
579 3438 611 3465 in
629 3429 747 3476 Epheso
758 3431 795 3465 de
808 3430 864 3464 Iba
876 3430 1190 3475 reverendtffimogesta

981 78 1444 137 Aur-{uniit

1256 171 1344 215 sunt.
1372 172 1429 207 Ad
1450 173 1578 217 plenam
1599 174 1648 211 sui
1662 176 1706 225 ¹‹Sc
1722 176 2078 217 causaeinstruffionem
2090 195 2145 218 vo·

1260 221 1391 256 luerunt
1420 224 1522 257 etiam
1547 224 1614 270 legi
1639 224 1732 261 Asta.
1749 228 1784 262 in
1810 227 1902 263 lbam
1924 229 1948 264 -ὲ
1967 231 2146 269 latrocinio

1261 270 1426 315 Ephesino
1439 297 1447 304 .
1475 271 1624 308 Utinam
1644 275 1775 312 fuissent
1795 278 1875 314 ledia
1896 304 1903 312 .
1929 278 1980 315 Ita
2001 293 2069 316 non
2091 294 2146 327 pe-

1260 317 1402 363 riissent,
1429 323 1464 357 ἀ
1486 322 1715 358 Ecclesiasticae
1732 327 1911 364 eruditioni
1933 332 2076 367 multum
2087 332 2146 368 ho·

1259 370 1312 406 die
1332 372 1414 407 lucis
1434 372 1568 408 darent.
1597 371 1722 408 Vei-iun
1743 373 1862 421 Legati
1885 378 2145 424 Apostolicime-

1259 421 1323 455 rito
1343 434 1381 456 ac
1403 422 1558 468 generose
1578 423 1847 461 intercesserunt‘:
1869 431 1999 467 synodus
2014 432 2144 475 profem

1259 484 1316 506 non
1338 473 1429 515 potest
1439 497 1450 514 ,
1475 480 1508 507 in
1527 484 1587 517 qua
1610 474 1666 507 illa
1684 472 1807 516 nefas-hs
1818 476 2119 527 delinareledasunt
2130 509 2143 525 ,

1262 524 1296 557 (tr
1315 524 1351 556 ob
1369 523 1420 557 boc
1440 525 1486 557 ad
1507 524 1659 558 lectionem
1679 525 1823 559 videntur
1843 527 1900 570 effe
1916 527 2064 572 superflua
2083 545 2119 567 ea

1259 584 1325 615 que
1336 573 1377 606 ibi
1386 572 1536 617 ac‘lasunt
1547 600 1555 607 .
1581 577 1613 607 Si
1624 578 1691 619 ergo
1705 576 1740 609 (τ
1755 575 1982 618 bbeaenffimo&
1993 558 2145 622 apostolia:

1260 627 1402 657 Romame
1422 623 1505 657 urbis
1525 623 1670 669 Episcopo
1686 631 1785 659 omnia
1798 650 1811 666 ,
1837 626 2145 675 quaeibigellasunt‚

1259 684 1345 707 vana
1363 669 1438 717 sunt
1458 674 1585 716 habita,
1611 677 1700 710 claret
1721 682 1794 719 quia
1816 678 1851 711 6*
1864 675 2057 720 [αηᾶιζθῐνηω
2068 683 2144 723 Εμ-

1258 722 1363 766 scopus
1378 725 1564 760 Antiocbenae
1572 731 1710 760 civitatis
1720 737 1810 760 extra
1821 727 1885 761 baec
1894 727 1933 763 eff
1944 752 1955 769 ,
1981 740 2067 772 quem
2079 731 2145 774 pal!

1258 773 1322 807 haec
1334 773 1689 820 beatiffimusEpiscopus
1712 782 1745 810 in
1750 783 1878 821 propria
1894 780 2146 824 communionesu-

1252 822 1350 867 shepit
1374 850 1381 858 .
1408 827 1609 870 Neceffaerium
1634 826 1673 868 est
1694 833 1794 868 enim,
1818 838 1853 862 ut
1877 831 1983 863 rursus
2005 832 2142 865 eumdem

1256 876 1520 917 tranquillissimum
1534 878 1699 920 Principem
1710 879 1853 911 adeamus
1865 903 1876 919 ,
1903 882 2046 922 quatenus
2070 881 2148 915 illud

1257 927 1419 959 Concilium
1424 924 1515 970 sacra
1525 927 1560 961 Θ
1566 933 1623 969 pia
1634 929 1695 972 Iege
1707 939 1799 970 neque
1810 934 1956 963 nominari
1963 938 2146 973 praecipiat,

1257 975 1339 1010 Haec
1350 975 1487 1018 illustrat
1499 979 1617 1021 partim
1628 1000 1639 1016 ,
1663 978 1782 1021 partim
1793 977 2075 1024 obseuratvquintae
2088 982 2145 1025 Sy-

1258 1026 1336 1060 nodi
1365 1028 1454 1062 sexta
1472 1026 1610 1062 collatio
1634 1041 1641 1060 :
1675 1027 1916 1072 chalcedonenfis
1928 1028 2038 1073 sanda
2062 1033 2146 1070 sono-

1256 1077 1314 1109 dus
1325 1080 1474 1111 Domnum
1484 1077 1646 1112 Antiocbiae
1657 1077 1836 1121 Eptftopum
1848 1076 1866 1119 ,'*
1885 1082 1916 1114 eo
1927 1082 2015 1123 quod
2031 1071 2145 1124 scripfir

1256 1125 1362 1162 debere
1381 1135 1473 1162 taceri
1495 1129 1646 1162 duodecim
1669 1129 1799 1170 capitula
1802 1127 1919 1171 sandlae
1930 1136 2077 1164 memma·
2090 1134 2146 1170 cy-

1256 1171 1316 1210 rilli
1328 1202 1340 1218 ,
1365 1179 1400 1212 (θ’
1415 1177 1479 1221 post
1501 1189 1624 1212 mortem
1644 1180 1874 1219 condemnavit,
1900 1180 1964 1213 cz'tm
1975 1179 2146 1224 confirmas}

1251 1225 1298 1270 set
1309 1230 1578 1263 condemnationem
1589 1231 1655 1271 ejus
1663 1254 1675 1271 ,
1703 1230 1737 1264 (ν
1742 1227 1778 1272 su
1775 1227 1906 1273 fiepiffet
1923 1233 2055 1264 Maximi
2067 1232 2146 1264 ordi·

1256 1283 1425 1312 nationem.
1454 1278 1566 1319 Dico,
1594 1282 1714 1312 Partim
1736 1277 1871 1322 obscurat
1893 1292 1901 1312 :
1928 1280 2031 1327 Qod
2053 1282 2146 1316 enini

1258 1328 1411 1363 Domnus
1431 1329 1547 1363 nostrae
1565 1329 1694 1372 Synodi
1705 1340 1852 1373 tempore
1863 1330 1959 1365 fuerit
1970 1339 2120 1365 mortuus
2129 1353 2142 1369 ‚

1257 1389 1353 1422 atque
1371 1380 1417 1413 ita
1431 1380 1501 1424 post
1524 1390 1664 1416 mortem
1681 1379 1923 1414 condemnatus
1937 1381 1950 1421 ζ
1976 1379 2084 1416 statim
2096 1380 2146 1415 lu·

1255 1428 1341 1463 cebit
1361 1431 1425 1464 effe
1445 1429 1561 1463 falsum
1575 1455 1582 1462 .
1610 1429 1742 1464 Falsum
1754 1429 1835 1464 item
1847 1430 1893 1463 est
1906 1455 1918 1471 ,
1944 1430 2034 1475 quod
2044 1429 2090 1465 ob
2099 1440 2146 1465 rev

1256 1479 1424 1522 reprobata
1446 1478 1695 1523 Sansti'Cyrilli
1718 1480 1861 1523 capitula
1883 1481 1981 1515 fuerit
1997 1480 2146 1515 astutio

1257 1530 1370 1563 Leone
1381 1530 1414 1564 &
1426 1529 1570 1573 praesenti
1582 1529 1720 1572 Synodo
1731 1530 1904 1564 damnatus
1924 1544 1936 1564 .·
1959 1531 2146 1565 Damnatus

1255 1580 1318 1614 fuit
1329 1604 1340 1620 ,
1366 1580 1457 1623 quod
1474 1580 1508 1614 in
1523 1579 1628 1614 sancti
1642 1578 1789 1613 Flaviani
1802 1579 2052 1614 damnationem
2068 1581 2144 1614 fuis-

1254 1629 1299 1663 set
1322 1629 1489 1664 Dioscoro
1510 1628 1636 1664 satelles
1657 1629 1692 1663 in
1706 1628 1872 1673 Ephesino
1885 1629 2083 1671 latrocinio,
2107 1630 2145 1665 δε

1253 1678 1450 1731 stabilien'dae
1475 1677 1691 1724 Eutychianae
1716 1679 1855 1722 perfidiae
1879 1704 1892 1720 ‚
1926 1689 2042 1714 contra
2073 1690 2146 1723 proz-

1255 1730 1358 1773 priam
1381 1729 1618 1764 conscientiam
1638 1730 1671 1764 &
1690 1728 1915 1764 patriarchalis
1931 1730 2034 1764 officii
2053 1727 2145 1764 debi-

1252 1791 1323 1814 tum
1336 1791 1377 1814 ex
1390 1790 1480 1815 metu
1494 1790 1687 1823 cooperatus
1703 1804 1709 1811 .
1722 1779 1800 1823 Ejus
1810 1790 1908 1822 opera
1918 1779 1960 1814 ad
1974 1779 2144 1824 perficien-

1251 1830 1308 1864 das
1334 1831 1405 1865 suas
1431 1830 1464 1863 in
1494 1830 1605 1863 Deum
1633 1828 1800 1864 machinas
1822 1829 1898 1863 usus
1919 1829 1983 1863 fuit
2007 1828 2147 1864 dolosus

1252 1881 1451 1921 Dioscorus,
1477 1878 1629 1913 adversus
1650 1879 1756 1922 impio
1768 1877 1924 1913 satellitio
1933 1879 2140 1922 perfimstum

1251 1930 1395 1974 quaesivit
1417 1939 1474 1964 aut
1495 1930 1635 1964 crimina
1658 1939 1713 1963 aut
1734 1928 1914 1962 criminum
1946 1937 2142 1972 praetextuS,

1249 1980 1295 2014 ob
1307 1981 1498 2025 impugnata
1510 1981 1615 2014 Sandii
1630 1977 1750 2022 Cyrilli
1766 1977 1911 2022 capitula
1921 1975 2089 2012 damnavit
2099 1989 2137 2012 ut

1251 2031 1482 2066 Nestorianum
1502 2054 1512 2071 ,
1539 2029 1672 2072 ejusque
1694 2028 1730 2062 iu
1752 2027 1859 2061 sedem
1885 2028 2012 2062 intrusit
2028 2027 2142 2062 Mun

1251 2092 1342 2114 mum
1354 2079 1554 2114 monachum
1566 2104 1576 2120 ‚
1602 2080 1793 2113 Diaconum
1809 2077 1852 2111 &³
1870 2075 2140 2112 Aethi-Mandri*

1251 2141 1317 2164 tarn
1331 2155 1338 2161 .
1365 2131 1450 2177 Qae
1460 2129 1596 2169 omnia,
1623 2127 1702 2163 dum
1714 2127 1878 2162 latrocinii
1892 2126 1976 2161 Aeta
1988 2127 2137 2166 discutit,

1251 2181 1383 2214 sanctus
1405 2182 1478 2215 Leo
1497 2179 1724 2218 considerans,
1748 2177 1834 2213 vidit
1846 2178 1991 2212 *Domno
2007 2187 2137 2220 compe·

1250 2241 1316 2265 tere
1343 2231 1502 2266 vetustam
1529 2230 1732 2274 paraemiam:
1761 2230 1821 2261 Per
1841 2238 1910 2270 quae
1929 2231 1998 2269 quis
2010 2235 2138 2269 peccat,

1246 2289 1301 2323 per
1324 2280 1388 2315 baec
1410 2282 1445 2315 ὦ*
1463 2286 1607 2322 punitur.
1635 2278 1732 2313 Vidit
1753 2277 1805 2312 illi
1825 2276 1943 2312 &Deo
1952 2288 2008 2321 pet
2021 2277 2139 2321 impias

1250 2331 1403 2365 Dioscori
1422 2341 1538 2364 manus
1561 2328 1726 2364 redditum
1747 2329 1811 2363 esse
1819 2327 1943 2372 justum
1955 2327 2113 2362 talionem
2126 2349 2139 2366 ,

1250 2381 1391 2423 ideoque
1403 2379 1491 2414 hunc
1501 2403 1512 2419 ‚
1536 2378 1768 2423 dispensatorie
1779 2385 1915 2422 purgata
1928 2377 2139 2420 promotione

1249 2430 1415 2471 Maximi,
1441 2429 1668 2464 confirmavit.
1696 2427 1749 2460 Ex
1770 2437 1839 2471 quo
1861 2425 2031 2471 insigniter
2051 2425 2139 2460 lu'cet

1250 2483 1394 2524 suprema
1417 2478 1566 2514 Romani
1589 2477 1743 2521 Episcopi
1761 2478 1797 2510 in
1807 2476 1963 2518 synodos
1972 2476 2139 2520 generales

1252 2529 1423 2565 austoritas
1437 2553 1447 2569 ‚
1474 2540 1538 2572 qua
1559 2527 1655 2572 poffit
1675 2525 1811 2571 probare
1837 2535 1942 2558 unum
1964 2549 1975 2565 ‚
1999 2524 2137 2560 alterum

1249 2581 1389 2624 ipsarum
1413 2580 1595 2614 Decretum
1604 2578 1761 2612 damnare
1773 2601 1780 2609 .
1804 2575 1902 2609 Hinc
1914 2575 2061 2609 Romani
2072 2574 2136 2609 Le·

1249 2631 1317 2676 gati
1338 2629 1490 2664 adversus
1510 2628 1731 2673 gloriosorum
1749 2624 1898 2669 judicum
1908 2625 2140 2669 interlocutio:

1249 2692 1323 2715 nem
1346 2678 1588 2714 intercesserunt
1608 2703 1619 2720 ,
1644 2678 1850 2712 adfirmantes
1871 2674 2072 2719 Epheiinum
2093 2674 2139 2709 la-

1247 2730 1426 2766 trocinium
1438 2730 1500 2763 effe
1511 2729 1592 2763 lectu
1608 2740 1647 2763 ac
1657 2726 1784 2771 Synodi
1799 2726 1939 2760 nomine
1948 2723 2139 2770 indignum,

1247 2782 1403 2816 cassatum
1412 2779 1430 2813 ὲ
1441 2780 1554 2814 Leone
1567 2778 1731 2813 Pontifice
1742 2800 1753 2816 ,
1779 2778 1813 2811 ἂ
1824 2774 2135 2810 cassationem-laico

1248 2830 1410 2865 Marciani
1430 2829 1575 2874 Augusti
1600 2827 1736 2863 brachio
1746 2828 1929 2862 firmatam.
1959 2823 2137 2860 Brachium

1247 2881 1355 2920 istud,
1380 2879 1404 2913 fi
1426 2879 1559 2924 quidem
1582 2878 1747 2913 latrocinii
1772 2886 1883 2922 pergat
1905 2875 2058 2910 celebrati
2072 2885 2138 2908 me-

1247 2932 1372 2972 moria,
1397 2930 1516 2964 minati
1536 2930 1611 2963 sunt
1633 2926 1744 2963 denuo
1766 2926 2012 2971 implorandum
2037 2950 2045 2958 .
2072 2924 2138 2959 lbae

1247 2981 1377 3016 causam
1396 2991 1437 3014 ex
1458 2980 1535 3013 solis
1559 2979 1652 3013 Astis
1667 2976 1898 3022 Berytenfibus
1913 3000 1925 3018 ,
1949 2975 2137 3020 &propriis

1248 3031 1316 3074 ejus
1335 3030 1492 3065 adstantis
1513 3028 1768 3074 allegationibus
1791 3028 1922 3062 voluere
1939 3025 2134 3070 judicatum.

1247 3083 1333 3131 Qae
1369 3082 1484 3114 omnia
1520 3078 1697 3114 Anatolius
1738 3076 2134 3121 Constantinopolitanae

1249 3131 1429 3175 Episcopus
1439 3152 1450 3168 ‚
1475 3130 1510 3163 ὅ(
1521 3127 1812 3173 τεΙίςιιαδγηοάυς
1820 3127 2073 3171 comprobarunt
2083 3146 2094 3155 .

1298 3182 1410 3229 Qare
1430 3179 1555 3213 rursum
1579 3179 1712 3224 gloriosi
1732 3178 1873 3222 judices:
1994 3174 2131 3216 βαθεῖά

1249 3232 1287 3265 de
1312 3232 1368 3264 Iba
1391 3231 1625 3270 reverendifflmo
1645 3227 1810 3273 Episcopo,
1829 3223 2070 3271 sannae-‘sudus
2080 3223 2130 3254 ‘1⁰-

1248 3290 1313 3315 ceat
1325 3306 1333 3314 .
1361 3280 1405 3315 Et
1419 3279 1603 3323 Apostolici
1614 3279 1732 3325 Legati
1747 3293 1758 3313 .·
1785 3275 1910 3312 Rekms
1920 3272 2030 3306 chartis
2041 3284 2130 3316 agno-

1250 3337 1350 3366 vimus
1371 3343 1410 3365 ex
1424 3329 1577 3374 sententia
1598 3329 1893 3368 reverendffmorum
1919 3320 2131 3365 Episcoporum

1251 3382 1336 3415 Ibam
1358 3386 1515 3414 innoxium
1537 3380 1716 3423 approbari.
1744 3375 1862 3410 Relec‘la
1878 3379 1959 3407 enim
1969 3375 2039 3413 tius
2053 3375 2131 3414 Ep!-

1243 3432 1318 3473 stola
1331 3457 1342 3474 ,
1368 3437 1544 3477 agnovimus
1565 3441 1631 3465 eum
1653 3427 1703 3472 affl
1713 3425 1922 3461 orthodoxum.
1947 3425 1994 3455 Et
2004 3421 2072 3454 hinc
2082 3423 2132 3455 de·

1752 3496 1754 3498 ·
1991 3477 2083 3506 cerni-
