2340 3736
111 969 114 973 '
149 974 179 991 ⁵..
204 972 269 992 ,22-

355 101 451 160 184

280 181 479 220 nominatim
514 185 716 231 Ephefinum
743 183 958 221 Chalcedone
983 183 1154 217 confirma-

284 241 356 265 tum
382 233 555 271 Canonem
574 237 616 273 de
637 249 707 272 non
728 237 882 271 addendo
900 233 939 268 ad
961 231 1156 276 Symbolum

284 280 456 321 Nicaenum
468 309 479 326 a
503 288 520 322 ὲ
545 286 682 332 Synodo
698 283 1066 326 Constantinopolitana
1078 281 1158 314 suffi-

284 343 408 379 cienter
430 341 559 375 auctum
572 364 583 380 ,
608 347 704 383 rogat
712 349 818 373 motas
830 336 871 371 de
882 332 985 367 tribus
995 329 1157 375 Capitulis

284 392 476 436 quaestiones
500 388 634 433 pacifice
654 388 796 432 inquiri,
820 387 853 420 ὅ(
872 381 1004 418 tandem
1016 382 1156 425 aliquan-

285 442 331 478 do
344 442 431 480 finiri
449 466 455 471 .
483 440 638 484 Utraque
649 450 722 483 pars
731 447 870 481 quatuor
879 433 1046 477 synodos,
1058 430 1157 466 Chal·

283 493 500 528 cedonensem
515 490 684 535 praesertirn
696 514 706 530 ‚
724 485 852 522 adsidue
865 485 1054 528 profitetur,
1067 481 1158 525 quod

288 544 389 577 altera
408 541 542 576 alteram
565 539 607 575 de
626 538 722 581 hujus
743 532 1002 581 praevaricatione
1030 530 1159 566 adfidue

288 593 463 630 accusaret.
488 589 684 635 Ephefinurn
707 586 803 621 istum
823 585 999 621 Canonem
1009 581 1161 617 nomina-

288 645 353 678 tim
374 643 544 686 profitetur
567 637 774 683 Eutychius,
800 634 890 679 quod
911 634 1005 668 illum
1022 643 1099 667 cum
1111 631 1159 675 Ju-

289 693 433 730 stiniano
460 690 611 735 Augusto
634 687 832 723 existimaret
857 683 982 720 editum
1010 682 1160 717 adversus

292 743 461 788 Iudaicum
480 739 665 784 symbolum
683 735 876 771 Theodori.
904 733 1073 778 inquiri&
1085 732 1160 766 defi-

289 795 354 828 niri
378 791 532 836 supplicat
556 788 688 834 Vigilio
705 786 870 822 Pontifice
880 783 1082 829 praefidente.
1108 782 1161 815 Ex

290 855 358 889 quo
379 841 466 876 vides
492 839 701 874 manifestum
722 836 932 871 mendacium
950 831 1114 870 contineri
1127 832 1160 865 in

290 894 377 929 hisce
400 893 586 926 Graecorum
608 888 845 932 Episcoporum
867 883 953 929 apud
966 882 1161 927 Sylvestrum

290 943 513 988 Sguropulum
533 939 658 973 verbis.
686 942 723 971 In
743 945 851 979 quinta
873 935 982 974 synodo
1003 931 1162 972 Eutychus

292 993 472 1030 patriarcha
482 991 587 1034 Viga‘lto
599 991 693 1030 Papae
703 988 795 1021 locum
807 998 863 1019 non
872 986 943 1026 ceffit
954 1011 962 1022 ,

341 1040 472 1077 Exinde
498 1039 586 1074 idem
611 1037 792 1081 Stephanus
819 1037 990 1071 Diaconus
1017 1034 1098 1081 legit
1123 1034 1163 1068 ad

291 1094 385 1128 hasce
409 1087 569 1133 Eutychii
590 1086 756 1123 litteras&
769 1098 876 1131 preces
887 1086 1094 1130 Responsum
1107 1084 1166 1118 Vi-

291 1143 363 1187 gilii
376 1140 549 1176 Pontificis
559 1137 726 1182 probantis
738 1137 806 1180 ejus
819 1135 916 1170 fidem
928 1137 960 1170 ὃ(
971 1137 1078 1171 zelum
1091 1159 1102 1176 ‚
1111 1146 1167 1178 op-

291 1194 389 1227 tantis
414 1190 607 1235 Apostolico
629 1189 741 1223 officio
752 1188 831 1222 citra
852 1186 950 1221 ullam
965 1195 1166 1230 paternarum

291 1242 506 1278 traditionum
531 1238 825 1284 praevaricationem
849 1237 942 1281 fungi
963 1237 999 1271 in
1024 1235 1166 1270 scabrosa

294 1294 354 1327 hac
367 1292 583 1327 contentione
597 1314 608 1330 ,
634 1290 667 1323 ἂ
680 1288 847 1322 addentis:
879 1292 1043 1320 Annuimus
1057 1312 1067 1327 ‚
1091 1295 1124 1319 ut
1133 1287 1169 1319 de

292 1344 389 1379 zrihus
410 1342 563 1384 Capitulis
580 1365 590 1381 ,
609 1339 695 1381 fabio
705 1339 832 1382 regulari
848 1346 995 1371 conventu
1007 1362 1018 1378 ‚
1044 1338 1167 1370 collatio·

295 1406 361 1427 nem
382 1392 543 1426 habeamus
556 1416 564 1424 .
592 1390 679 1424 Data
699 1400 766 1423 erat
788 1387 934 1432 Epistola
954 1386 1019 1422 hoc
1039 1387 1110 1430 ipso
1122 1387 1166 1420 in·

292 1444 420 1477 cltoatae
441 1440 569 1486 Synodi
591 1452 681 1474 anno
703 1463 715 1480 ,
750 1440 868 1473 ostavo
891 1436 967 1472 ldus
988 1437 1166 1480 Ianuarias.

295 1498 343 1527 Ar
366 1503 509 1532 mentem
533 1491 666 1524 interim
690 1501 731 1524 ex
743 1489 843 1523 caufis
855 1497 993 1521 mutarat
1006 1485 1167 1530 Vigffius,

292 1543 542 1577 Chalcedonem
563 1541 689 1583 fugerat
714 1538 755 1572 ad
779 1538 891 1571 sanstae
903 1535 1092 1580 Euphemiae
1103 1547 1168 1570 cor-

293 1605 374 1636 pus,
401 1593 469 1634 (a)
495 1590 625 1624 affectus
650 1587 948 1632 podagra&variis
959 1598 1012 1630 per
1023 1586 1170 1629 Justinia-

292 1645 327 1677 ni
352 1640 491 1686 Augusti
510 1638 702 1673 violentiam
716 1637 815 1671 illatis
826 1636 1082 1675 calamitatibus,
1107 1637 1169 1670 sese

292 1694 366 1727 ifiic
388 1692 473 1735 quasi
499 1692 533 1727 in
557 1688 651 1733 asylo
669 1688 844 1728 clauserat,
874 1685 1169 1730 &fieriSynodum

292 1741 443 1776 nolebat.

344 1774 457 1841 Qare
481 1791 522 1826 ad
549 1791 652 1835 ipsum
674 1789 790 1835 Legati
805 1789 876 1822 sunt
887 1786 1071 1832 Eutychius
1084 1787 1171 1821 Con-

292 1843 606 1887 flantinopolitanus
632 1866 642 1882 ,
682 1840 886 1883 Apollinaris
907 1838 1171 1877 Alexandrinus,

294 1895 487 1928 Domninus
511 1890 697 1926 Patriarcha
718 1888 948 1923 Antiochenus
968 1911 979 1927 ,
1003 1887 1172 1932 Benignus

296 1943 464 1977 Heracleae
477 1943 510 1975 in
526 1940 754 1984 Paphlagonia
768 1940 966 1982 Episcopus,
978 1938 1058 1971 Eliae
1069 1936 1170 1972 Thes

295 1992 499 2027 salonicensis
514 1989 784 2032 Archi-Episcopi
798 1988 949 2024 Vicarius
963 1988 996 2021 δε
1009 1988 1152 2032 Legatus
1163 2012 1172 2027 ,

295 2042 496 2077 Theodorus
518 2040 720 2075 Caesareenfis
738 2039 844 2080 primae
854 2037 1113 2082 Cappadocia&
1125 2047 1172 2070 to-

294 2095 360 2127 tius
388 2091 488 2125 Ponti
510 2115 522 2130 ,
559 2088 707 2123 Andreas
730 2087 912 2131 Ephesinus
941 2088 1043 2122 totius
1067 2086 1170 2126 Afiae,

294 2141 488 2187 Megethius
499 2139 723 2174 Heracleensis
734 2139 888 2171 universae
899 2136 1069 2171 Thracicae
1080 2138 1173 2171 Dioe-

294 2195 406 2228 ceseos
428 2191 553 2226 Primas
576 2215 587 2231 ,
614 2192 758 2234 joannes
781 2187 1041 2223 Nicomediensis
1062 2186 1176 2230 Bythi-

295 2244 380 2284 niae‚
406 2240 587 2285 Stephanus
613 2240 789 2279 Nicaenus‚
818 2237 1058 2272 Constantinus
1080 2236 1177 2271 Chal-

297 2292 510 2331 cedonenfis,
538 2289 697 2324 Eusebius
719 2289 847 2329 Tyrius
867 2288 975 2331 primae
988 2286 1177 2327 Phaeniciae,

299 2344 441 2386 Ioannes
467 2340 673 2375 Caesareensis
695 2338 802 2382 primae
824 2337 1017 2380 Palestinae,
1039 2336 1178 2372 Amazo-

300 2394 374 2427 nius
398 2391 577 2425 Edeffenus
598 2389 777 2423 Provinciae
803 2386 1002 2428 Osrhoenae,
1027 2385 1179 2420 Thomas

303 2441 515 2486 Apameenfis
526 2438 670 2474 sccundae
682 2438 801 2481 Syriae,
832 2437 987 2482 Episcopi
1009 2438 1180 2481 Metropo-

302 2494 366 2527 litae
378 2517 389 2533 ‚
416 2490 635 2534 Pompeianus
648 2489 757 2523 nescio
770 2486 862 2530 cujus
873 2488 905 2521 in
920 2486 1064 2530 Byzacio
1076 2487 1159 2521 sedis
1171 2512 1181 2528 ,

302 2542 432 2578 Phocas
469 2539 632 2574 Stalienfis
667 2538 702 2572 in
741 2537 919 2573 Provincia
945 2536 1157 2571 Praevalitana
1170 2564 1180 2578 ,

302 2592 504 2628 Theodorus
524 2588 823 2633 Leontopolitanus
847 2611 859 2628 ,
884 2585 1066 2631 Stephanus
1089 2586 1181 2630 Clys-

306 2643 401 2676 matis
412 2666 422 2682 ,
448 2642 480 2675 ὃ(
493 2639 699 2674 AEmilianus
713 2637 893 2682 Antipyrgi
906 2638 1101 2682 Episcopus,
1114 2638 1181 2681 sup-

308 2692 455 2736 plicaturi
477 2701 515 2724 ut
537 2690 674 2732 Synodo
685 2687 788 2722 adesse
805 2688 1014 2732 dignaretur,
1040 2687 1183 2731 &praefi-

307 2743 399 2776 dere.
426 2740 616 2782 Nestorium
638 2737 1070 2781 constantinopolitanum,
1088 2739 1182 2782 Joan·

310 2804 386 2825 nem
406 2787 655 2825 Antiochenum
667 2811 678 2827 ,
703 2800 740 2822 ac
750 2789 951 2822 Dioscorum
962 2785 1184 2823 patriarcham

308 2841 569 2875 Alexandrinum
579 2850 634 2883 per
644 2849 706 2872 tres
719 2836 889 2872 dumtaxat
910 2837 1092 2882 Episcopos
1108 2838 1186 2872 cita-

308 2900 384 2924 runt
401 2888 525 2934 Synodi
537 2889 696 2933 Ephefina
706 2888 740 2921 δε
750 2887 1044 2931 Chalcedonensis·‚
1072 2886 1185 2926 verum

310 2942 351 2974 ad
363 2941 527 2984 Vigiliurn
537 2937 733 2974 Pontificem
745 2948 861 2972 omnes
872 2937 1036 2980 praesentes
1047 2936 1183 2972 Patriar·

246 3018 247 3021 ,
312 2990 378 3022 chae
388 3014 397 3029 ,
423 3000 535 3023 omnes
546 2987 751 3032 autocephali
764 2987 922 3021 Primates
933 3010 945 3027 ,
965 2987 1000 3021 ἀ
1011 2986 1186 3022 nobiliores

314 3039 435 3082 quique
456 3038 677 3083 Metropolitae
698 3038 846 3082 legantur
858 3061 870 3077 ,
897 3047 965 3070 non
983 3047 1060 3071 curn
1072 3038 1186 3072 citato-

899 94 1528 141 Dtssenwamo

1218 190 1255 215 to
1273 179 1339 214 sem
1350 190 1406 224 per
1417 177 1627 215 authoritatis
1635 178 1728 224 apice
1739 179 1823 225 apud
1835 190 1951 216 omnes
1960 180 2096 216 Patriar-

1219 229 1297 264 chas
1308 231 1342 264 δε
1354 229 1520 273 generales
1529 230 1683 273 Synodos
1697 231 1761 265 fuit
1775 232 1932 274 primatus
1942 231 2097 275 Episcopi

1220 279 1366 314 Romani
1381 305 1388 312 .
1416 279 1579 321 Reposuit
1603 278 1681 314 vero
1699 281 1847 326 Vigilius
1863 280 1898 326 se
1904 290 2028 325 propter
2037 291 2098 313 cor·

1214 335 1299 373 ports
1319 328 1527 372 infirmitatem
1553 339 1609 361 non
1624 330 1702 372 poffe
1712 333 1756 364 ad
1767 331 1846 365 hanc
1852 338 2026 375 petitionem
2036 328 2095 374 res·

1215 380 1345 423 pondere
1358 403 1369 420 ,
1395 384 1428 412 in
1447 377 1561 421 peslero,
1580 387 1681 411 autem
1702 381 1750 414 die
1754 383 1904 422 pollicitus
1915 382 1954 424 est
1970 380 2097 422 manife-

1214 430 1296 472 stare
1304 430 1384 472 quod
1391 435 1417 463 el
1432 428 1470 462 de
1484 428 1540 461 tali
1549 437 1694 461 conventu
1699 430 1844 469 placuerit
1855 457 1863 464 .
1890 431 1936 467 Et
1953 432 2098 467 Patriar·

1219 479 1305 515 chae:
1335 484 1459 522 oportet
1472 483 1561 523 igitur
1570 475 1747 521 prasentem
1759 479 1879 520 differre
1893 484 1974 517 diem
1987 507 1995 515 .
2022 481 2097 515 No-

1220 540 1292 565 rant
1303 531 1395 565 enim
1405 530 1470 564 sese
1481 529 1549 562 sine
1563 528 1720 562 Romano
1731 528 1899 573 Episcopo
1908 542 1979 567 non
1990 534 2094 574 Syno-

1220 580 1300 615 dum
1311 604 1323 621 ,
1349 579 1404 614 sed
1417 578 1676 613 conciliabulum
1689 579 1825 613 facturos
1835 604 1842 611 .
1854 578 1972 625 ‘Quod
1982 581 2072 617 nosse
2084 603 2098 620 ‚

1220 632 1253 665 ὅ(
1278 630 1429 675 quintam
1451 627 1535 662 hanc
1555 628 1729 672 synodum
1752 627 1929 673 diligenter
1947 630 2097 667 evolvere

1221 680 1376 716 debuerat
1396 678 1498 714 etiam
1509 678 1704 714 Conventus
1714 678 1896 713 Bafileensis
1904 704 1913 712 .

1315 917 1874 999 COLLATIQ
1934 923 2005 968 II.

1306 1035 1390 1071 Iduo
1408 1036 1478 1081 post
1491 1062 1502 1078 ,
1528 1035 1630 1081 pridie
1650 1048 1754 1073 nonas
1763 1036 1892 1080 Maias,
1918 1037 2018 1074 iidem
2042 1038 2103 1074 1²24

1322 1086 1467 1121 triarchae
1486 1111 1498 1129 ‚
1524 1086 1684 1122 Primates
1705 1113 1717 1130 ‚
1744 1088 1967 1133 Metropolim
1982 1113 1993 1129 ,
2024 1088 2103 1134 Epi-

1226 1138 1315 1181 scopi
1329 1138 1433 1171 rursus
1443 1138 1598 1183 accessere
1606 1138 1805 1172 Pontificem
1815 1164 1826 1180 ‚
1848 1149 2004 1184 rogantes
2017 1137 2105 1173 istud

1226 1189 1330 1232 ipsum
1343 1212 1354 1228 ‚
1380 1188 1597 1232 urgentesque
1616 1188 1751 1224 tandem
1763 1189 1909 1223 satisfieri
1921 1187 2107 1234 quaestioni-

1227 1239 1285 1272 bus
1309 1261 1321 1278 ,
1346 1237 1387 1272 de
1409 1237 1527 1282 quibus
1549 1238 1728 1282 Imperator
1753 1239 1787 1273 δε
1809 1239 1916 1283 ipsum
1935 1239 1969 1274 δε
1990 1248 2108 1276 omnes

1227 1286 1430 1322 Patriarchas
1440 1288 1475 1322 in
1490 1288 1622 1332 Scriptis
1633 1288 1851 1334 interrogabat
1861 1314 1869 1320 .
1902 1289 1955 1322 Ille
1965 1291 2037 1322 verb
2052 1285 2109 1331 res-

1223 1339 1334 1381 pondit
1359 1349 1417 1371 non
1435 1339 1510 1381 posse
1521 1341 1583 1371 um?
1596 1345 1752 1372 convenire
1763 1363 1775 1379 ,
1800 1342 1830 1372 σό
1841 1340 1919 1382 quod
1924 1340 2051 1381 plurimi
2060 1337 2110 1372 bic

1227 1386 1411 1430 quidemfint
1420 1390 1589 1422 orientales
1603 1387 1743 1432 Episcopt
1754 1413 1765 1428 ,
1790 1393 1880 1431 pauci
1902 1391 1971 1422 vera
1979 1398 2109 1429 cumeo;

1223 1438 1328 1480 facere
1349 1447 1450 1472 autem
1466 1446 1524 1480 per
1535 1437 1720 1483 semetipfitm
1730 1445 1764 1471 in
1769 1438 1894 1483 scriptis
1898 1436 1986 1482 suam
1992 1434 2116 1481 sentem-3

1226 1493 1302 1522 tiam
1313 1512 1326 1529 ‚
1359 1490 1395 1522 δ’
1414 1487 1517 1529 offerre
1535 1489 1657 1530 ptiffimo
1675 1492 1820 1530 Domino,
1851 1490 1917 1524 idea
1927 1494 2007 1523 enim
2019 1489 2115 1522 &en--

1229 1540 1333 1572 ducias
1340 1537 1488 1581 postulaffe
1501 1537 1540 1570 ab
1550 1540 1615 1579 ejus
1626 1541 1792 1573 Serenitate
1802 1564 1815 1580 ,
1838 1548 1872 1572 ut
1903 1545 1988 1575 intra
1998 1549 2049 1572 eas
2059 1548 2111 1572 vo-

1235 1590 1382 1622 luntatem
1398 1586 1488 1632 suam
1511 1586 1729 1629 manifestaret.
1756 1589 1884 1624 Contra
1898 1587 2112 1632 Synodomm

1237 1638 1363 1683 regulas
1382 1638 1416 1672 δε
1436 1648 1561 1672 morem
1583 1637 1743 1672 violenter
1774 1638 1888 1673 omnia
1911 1637 2115 1681 Iustinianus

1237 1697 1345 1733 egerat
1360 1699 1368 1719 ε
1394 1687 1489 1722 Hinc
1500 1687 1605 1723 adesse
1616 1688 1652 1722 δε
1662 1687 1825 1732 praefidere
1834 1686 1981 1734 vigilius
1992 1686 2118 1729 noluit,

1238 1739 1295 1772 nisi
1318 1737 1431 1774 Latini
1455 1738 1608 1782 Episcopi
1628 1748 1706 1772 cum
1718 1739 1840 1773 Graecis
1850 1738 1885 1772 in
1897 1738 1965 1781 pari
1976 1747 2115 1772 numero

1236 1789 1379 1823 adessent
1392 1813 1400 1820 .
1427 1786 1483 1822 Ad
1504 1799 1576 1831 quae
1596 1787 1751 1832 Episcopi
1773 1788 1873 1832 legati
1895 1801 1906 1821 .·
1931 1789 1993 1822 scit
2015 1784 2117 1827 vestm

1239 1840 1400 1872 Beatitudo
1411 1861 1422 1877 ‚
1447 1839 1528 1880 quod
1536 1843 1569 1869 in
1583 1836 1631 1870 his
1644 1861 1655 1877 ‚
1681 1849 1748 1880 quae
1766 1844 1844 1871 inter
1859 1849 1910 1870 nos
1933 1842 1965 1869 in
1985 1838 2113 1878 scriptu·

1230 1888 1322 1930 falla
1337 1886 1409 1930 sunt
1421 1911 1432 1928 ‚
1454 1885 1622 1929 promisistis
1640 1889 1702 1921 und
1711 1899 1775 1921 cum
1794 1885 1953 1931 Episcopls
1967 1910 1980 1927 ‚
2004 1891 2056 1929 qui
2065 1897 2115 1919 no·

1238 1936 1347 1981 biliam
1369 1939 1404 1972 o·
1426 1942 1639 1971 communicant
1658 1935 1880 1982 &unittsunt‚
1904 1940 2060 1970 convenire
2078 1937 2115 1970 ὁ·

1238 1994 1386 2031 requirere
1406 1988 1444 2020 de
1465 1986 1515 2020 his
1537 1986 1633 2020 tribus
1647 1988 1786 2028 capitulis
1798 2012 1806 2019 .
1834 1991 1901 2019 Nos
1911 1989 1985 2020 vere>
1996 1987 2112 2021 &com-

1239 2044 1423 2072 municamus
1434 2061 1445 2077 ,
1471 2039 1590 2071 &unm
1599 2035 1700 2080 sumus
1713 2034 1881 2079 vobiscum,
1908 2037 1943 2069 Θ
1954 2046 2012 2069 non
2030 2036 2112 2069 decet

1238 2094 1367 2122 omnium
1389 2087 1514 2128 nellrum
1536 2095 1712 2120 conventum
1723 2086 1838 2127 diffi’rri
1842 2093 1965 2128 propter
1977 2084 2120 2118 occidem-

1241 2140 1318 2173 tales
1336 2135 1498 2180 Episcopus
1518 2161 1524 2168 .
1549 2141 1617 2170 Nec
1627 2141 1707 2171 enim
1726 2142 1760 2170 in
1771 2144 1897 2179 quatuor
1904 2134 2020 2180 fandis
2029 2137 2114 2174 syno-

1240 2189 1290 2221 dis
1302 2188 1457 2221 multitudo
1466 2188 1700 2221 occidentalium
1710 2184 1920 2230 Epist-oporam
1931 2191 2059 2219 inventa
2070 2183 2122 2225 estv

1242 2249 1373 2282 unquam
1386 2261 1397 2278 ,
1419 2237 1479 2282 sed
1500 2237 1560 2270 duo
1579 2238 1700 2271 veltres
1712 2234 1874 2280 Episcope,
1899 2235 2120 2270 &cemelen-

1240 2296 1266 2323 ει
1289 2314 1296 2320 .
1323 2293 1416 2321 Nunc
1437 2288 1555 2330 quidem
1579 2286 1656 2327 adest
1682 2286 1780 2330 vestra
1803 2287 1963 2320 Beatitudo
1984 2310 1995 2326 ‚
2011 2311 2013 2313 .
2030 2283 2120 2319 muln

1243 2344 1333 2373 mam
1342 2339 1400 2372 alli
1409 2348 1447 2370 ex
1460 2338 1550 2370 Italia
1557 2336 1746 2381 prastasunt
1762 2336 1900 2380 Episcopi
1909 2360 1921 2376 ‚
1943 2334 2019 2378 Jimt
2027 2339 2119 2368 etiam

1243 2400 1281 2423 ex
1292 2387 1396 2430 Africa
1407 2410 1420 2427 ‚
1446 2388 1480 2420 ό·
1493 2387 1533 2420 ab
1544 2388 1652 2426 Illyrico
1660 2409 1671 2425 ,
1692 2389 1727 2420 Θ
1738 2386 1818 2419 nibil
1826 2385 1863 2429 est
1873 2382 2120 2427 quodprohzbeae

1243 2444 1400 2472 convenire
1409 2448 1462 2471 vos
1474 2439 1536 2470 unzi
1550 2435 1863 2479 nobiftumsecundtim
1874 2446 1911 2468 ea
1920 2459 1930 2475 ,
1959 2445 2030 2477 quae
2040 2437 2125 2468 inter*

1245 2501 1296 2524 nos
1319 2493 1352 2521 in
1372 2485 1494 2530 scriptis
1510 2486 1601 2528 fac‘la
1617 2485 1705 2530 sunt.
1731 2488 1777 2517 Et
1788 2485 1890 2518 melitis
1900 2484 1938 2525 est
1949 2494 2013 2517 cum
2026 2483 2123 2517 chan-

1245 2547 1309 2571 tate
1321 2539 1440 2571 decente
1451 2537 1622 2570 sacerdotes
1631 2541 1789 2570 convenire
1799 2560 1809 2576 ‚
1834 2536 1868 2568 ὁ·
1882 2537 1984 2568 'unam
1990 2542 2047 2576 pro
2057 2532 2128 2567 cau·v

1228 2547 1236 2702 Ι
1244 2587 1283 2631 sa
1288 2585 1469 2631 sententiam
1472 2585 1601 2627 statuere
1611 2610 1622 2625 ,
1646 2597 1680 2619 ut
1691 2595 1759 2619 tunc
1769 2584 1887 2628 quaestio
1897 2594 2076 2618 communem
2086 2590 2122 2618 m

1245 2636 1365 2680 scriptls
1387 2636 1587 2679 definitionem
1602 2634 1748 2680 suscipiar
1769 2661 1775 2668 .
1802 2635 1926 2669 Dixere
1953 2633 2038 2669 hauc
2058 2631 2133 2675 esse¹

1249 2689 1377 2722 firmam
1397 2686 1600 2721 voluntatem
1621 2685 1801 2729 Principis,
1831 2685 1866 2719 dt
1882 2683 2122 2727 adjunxerunt:

1248 2740 1279 2772 51
1299 2748 1357 2771 non
1382 2737 1479 2771 vultis
1494 2733 1653 2779 secundam
1673 2747 1730 2775 ea,
1757 2745 1825 2777 quae
1847 2734 1930 2768 nobis
1950 2740 1982 2768 in
1999 2732 2131 2777 scriptis

1242 2788 1423 2830 placuerum
1430 2809 1450 2826 ,-
1465 2793 1625 2820 convenire
1633 2811 1644 2827 ,
1672 2797 1721 2830 cog
1728 2784 1827 2829 noscat
1837 2783 1936 2826 vestra
1947 2784 2125 2824 Beaumdo,

1246 2839 1327 2880 quod
1346 2845 1459 2879 oportet
1485 2848 1537 2869 nos
1557 2841 1589 2869 in
1605 2842 1697 2870 unum
1704 2840 1912 2869 convenientes
1926 2834 2050 2875 nestram
2059 2844 2127 2866 ma<

1246 2886 1383 2930 mfestare
1405 2888 1587 2920 voluntatem
1605 2911 1613 2919 .
1642 2884 1856 2926 Promissam,
1882 2885 2062 2925 indistam,
2088 2883 2126 2918 &

1248 2937 1423 2972 adunatam
1447 2936 1574 2970 semela
1593 2935 1758 2971 Pontifice
1778 2934 1951 2980 Synodum
1960 2934 2069 2969 dixere
2082 2932 2123 2968 ab

1248 2988 1319 3030 ipso
1342 2984 1552 3030 postmodum
1573 2997 1641 3021 non
1663 2988 1750 3029 posse
1763 2986 1927 3024 revocari,
1952 2983 2100 3028 suspendi
2109 3004 2131 3022 ‚-

1248 3036 1399 3078 dissolvi,
1425 3037 1489 3071 sese
1509 3036 1574 3071 fine
1596 3036 1656 3070 illo
1672 3036 1871 3080 processuros
1880 3037 1953 3068 sunt
1984 3032 2121 3071 minati,

316 3089 371 3122 riis
384 3088 544 3121 mandatis
558 3113 567 3128 ,
593 3089 646 3123 sed
657 3100 734 3123 cum
746 3086 945 3131 supplicibus
956 3088 1117 3131 precibus.
1134 3086 1187 3121 Li·
1250 3096 1346 3130 atque
1366 3086 1412 3121 ita
1432 3086 1618 3131 effigiatum
1635 3087 1742 3121 vivam
1756 3087 1894 3129 speciem
1904 3084 2029 3128 synodi
2041 3079 2125 3115 Rafi-

316 3147 394 3181 quet
415 3148 456 3170 ex
477 3137 633 3171 relatione
653 3140 732 3172 fasta
755 3148 809 3180 per
821 3136 954 3172 reduces
963 3136 1164 3173 Patriarchas
1177 3151 1187 3170 .-
1251 3137 1360 3171 leensis
1382 3148 1423 3170 ex
1443 3147 1581 3179 quatuor
1602 3137 1747 3179 priorum
1771 3135 1978 3179 Synodorum
1996 3141 2125 3176 genera-

317 3193 533 3221 Pervementes
548 3188 590 3218 ad
601 3188 807 3230 sanffiffimum
820 3190 938 3229 Papam
948 3186 1075 3231 finiaris
1088 3192 1189 3220 Romae
1253 3187 1341 3220 lium·
1352 3186 1502 3230 exemplo
1513 3200 1524 3220 .-
1549 3185 1726 3221 Praesertim
1749 3184 1824 3220 cum
1845 3183 1900 3218 hic
1920 3183 2036 3217 adesset
2058 3181 2125 3224 ipse

319 3243 345 3270 V
346 3238 478 3280 igilium,
498 3241 666 3277 petivimus
693 3239 754 3276 (ius
778 3239 1005 3271 Beatitudinem
1015 3243 1167 3276 convenire
1180 3259 1191 3276 ,
1254 3237 1411 3271 Pontifex
1425 3260 1436 3276 ,
1461 3247 1559 3279 caput
1580 3237 1614 3270 ὅ(
1637 3238 1738 3271 virtus
1758 3235 1909 3270 omnium
1929 3231 2126 3265 Occidenta-

318 3289 353 3319 6)*
375 3284 541 3328 disceptare
559 3283 703 3328 nob1scum
714 3287 751 3318 de
762 3286 857 3319 tribus
870 3290 1022 3328 Capitulis
1033 3313 1042 3322 .
1069 3289 1108 3322 ln
1121 3298 1191 3322 tan·
1255 3287 1335 3323 lium
1356 3286 1591 3330 Episcoporum
1606 3311 1614 3318 .
1641 3285 1846 3321 Addiderunt
1867 3281 1930 3316 esse
1950 3281 2055 3315 varios
2066 3280 2128 3314 lta·

1720 3352 1722 3355 >
2007 3330 2078 3369 liae,
2130 3342 2133 3348 ’

329 3393 443 3398 *a
480 3396 512 3399 ὴ,
564 3397 580 3399 .-
606 3394 1001 3402 ,—..—-—.—-.—-

320 3409 367 3452 (a)
388 3411 433 3443 Ex
453 3411 666 3452 subscriptione
680 3412 855 3445 Constituti
875 3398 1381 3458 colligitum
1392 3417 1482 3448 ilium
1492 3414 1577 3453 fuisse
1587 3417 1617 3448 in
1627 3411 1972 3451 constantinopolitana
1981 3409 2106 3442 civitate
2114 3420 2129 3449 5

252 3500 255 3502 Β
323 3467 328 3471 >
340 3466 343 3468 v
362 3453 439 3484 unde
448 3453 552 3492 Lupus
563 3452 658 3493 lapsus
667 3454 710 3487 est
721 3452 848 3486 scribens
858 3454 1038 3487 Pontificem
1049 3457 1114 3497 post
1125 3456 1211 3490 datas
1221 3458 1259 3497 ad
1269 3457 1371 3498 Eutyc
1397 3459 1461 3489 ium
1473 3457 1592 3490 litteras
1601 3453 1857 3496 menseJanuario
1875 3453 1986 3487 iterum
1995 3450 2130 3494 Chalce-

364 3493 473 3527 doncm
482 3492 511 3528 sc
522 3495 655 3536 recepisse
666 3517 676 3535 ,
697 3494 808 3538 ubique
819 3502 955 3537 tempore
964 3496 1080 3539 Synodi
1093 3506 1253 3535 moratum
1261 3522 1269 3533 .
1290 3500 1384 3543 Naris
1394 3502 1426 3532 in
1436 3498 1541 3541 dtffert.
1552 3498 1624 3537 dell,
1634 3495 1744 3539 Synodo
1753 3503 1813 3537 cap-
1824 3496 1880 3539 W·
