2340 3736
358 138 475 190 ‘156
887 117 1589 187 Dl‘sseura'f⁴ss·10³'

305 311 1005 430 mammeam&
1021 274 1138 506 Q?
1167 313 1285 428 Q
1299 313 1532 426 eea
1435 313 2132 410 ww

611 643 1824 705 DISSERTATIO

308 821 440 895 DE
494 817 957 937 QUINTA
1009 819 1484 892 SYNODO
1523 820 2132 899 GENERALI

756 999 1104 1050 CAPUT
1206 1001 1689 1051 PRIMUM.'

583 1170 802 1241 'Exponitur
839 1168 1033 1218 damnatio
1075 1171 1242 1239 Origem's
1279 1175 1296 1232 ζ,
1340 1170 1477 1237 occafio
1513 1172 1647 1239 quinta
1685 1177 1717 1219 S
1704 1170 1825 1239 ynodi
1837 1207 1851 1221 .

446 1316 584 1354 Rimum
603 1316 639 1352 in
652 1318 713 1353 tria
738 1318 889 1363 Capitula
911 1317 1067 1366 hostilem
1093 1319 1192 1354 insul-

470 1380 542 1405 tum
553 1367 649 1403 refert
668 1369 704 1402 in
717 1366 890 1404 Chronico
914 1366 1191 1414 Viaor‘Episcoss

472 1430 530 1464 pus
540 1419 775 1453 Tonnonensis
785 1419 826 1454 ad
840 1420 976 1463 Joannis
987 1418 1089 1454 Gibbi
1100 1419 1193 1454 Con·

471 1470 632 1509 sulatum,
659 1469 692 1502 id
702 1468 747 1502 est
761 1493 773 1509 ,
795 1480 919 1503 annum
933 1468 1055 1502 Christi
1075 1469 1192 1503 Domi-

307 1523 345 1558 ni
372 1519 726 1565 quadringentefimum
761 1519 1008 1562 nonagesimum
1044 1530 1192 1558 nonum,

307 1582 435 1606 nonum
450 1568 608 1602 Anastafii
625 1567 787 1612 Augusti.
816 1567 982 1612 Anastasius
1008 1573 1193 1611 Imperator,

307 1624 463 1656 Flaviano
474 1617 648 1652 Antiocheno
661 1620 695 1651 (π
706 1617 869 1651 Philoxeno
881 1619 1102 1661 Hierapolitano
1114 1622 1196 1652 Prae-

303 1670 416 1716 fidibus
446 1693 458 1708 ,
508 1668 790 1710 Constantinopolim
828 1670 969 1707 synodum
1008 1679 1160 1714 congregat
1185 1681 1192 1701 :

307 1725 354 1754 Et
375 1731 475 1754 contra
499 1720 660 1751 Diodorum
683 1717 898 1762 Tbarsensbm,
926 1718 1106 1752 Theodorum
1133 1722 1194 1751 Mo-

304 1770 486 1816 psuestenum
497 1782 561 1804 cum
586 1767 708 1811 firiptis
720 1793 730 1809 ‚
758 1768 970 1802 Theodoretum
995 1773 1082 1810 Cyri,
1108 1769 1195 1802 Ibam

308 1823 487 1864 Edessenum
511 1845 521 1861 ‚
549 1820 719 1859 andream,
745 1819 924 1853 Eucherium
944 1845 954 1860 ‚
982 1821 1136 1863 Qunam,
1160 1820 1194 1853 ὁ*

302 1876 462 1918 Joannem
471 1869 652 1914 Episcopos‚
676 1869 848 1913 caeterosque
861 1871 957 1910 alios,
983 1874 1078 1911 quiin
1106 1867 1195 1902 Chri-

304 1922 349 1964 sto
361 1924 438 1955 duas
448 1920 659 1963 praedicabant
681 1929 828 1957 naturas,
853 1918 983 1961 duasque
986 1918 1130 1960 firmas
1159 1919 1193 1952 Θ

309 1979 362 2015 qui
382 1983 439 2004 non
450 1970 620 2012 confitentur
647 1968 887 2011 UNUM-DE
911 1967 1196 2002 TR1N1TATE

309 2020 657 2062 CRUC1F1XUM;
686 2018 747 2058 uffa
767 2027 833 2052 cum
846 2022 943 2053 Itone
962 2017 1098 2051 Romatio
1116 2009 1194 2059 Epi-

306 2071 412 2117 scopo,
438 2073 545 2111 &ejus
567 2079 664 2108 tomo,
691 2061 782 2110 aitque
803 2063 1035 2113 chalcedonenfi
1060 2067 1198 2108 synodo,

310 2122 425 2164 inferre
437 2120 599 2154 anathema
614 2116 781 2160 persuasit·
799 2109 1020 2166 Philoxenus
1029 2115 1075 2151 est
1096 2117 1198 2161 profa-

310 2184 374 2206 nus
389 2172 443 2205 ille
454 2168 617 2212 Xenajas,
645 2179 741 2212 quem
755 2180 833 2205 non
826 2155 1043 2225 bafflzatiim
1064 2166 1202 2203 Siv'esus

310 2222 451 2256 Pseudo·
456 2217 639 2254 patriarcha
665 2211 938 2263 Antiocssehus,
963 2213 1083 2253 merito
1108 2222 1203 2258 voci·

312 2282 365 2307 tus
376 2277 526 2315 organum
535 2268 666 2309 diaboli,
694 2269 819 2303 intrufie
838 2266 873 2301 in
871 2265 1078 2314 cathetiram
1086 2257 1204 2302 Hiera-

313 2323 519 2368 politanam,
545 2319 831 2366 Metropolitica‘m
841 2308 1031 2352 Provinciae
1055 2316 1203 2351 Eufrate-

313 2373 383 2407 fiae.
410 2370 578 2413 Ejusmodi
592 2369 739 2402 scelerata
751 2361 836 2413 fae'X?
830 2361 994 2413 damase
1013 2366 1111 2411 coepit
1135 2378 1202 2400 non

314 2420 526 2457 solummodo
538 2417 759 2453 Theodorum
765 2414 1041 2464 ‚Trieodoret'um‚
1052 2418 1085 2451 ἀ
1097 2416 1205 2458 Ibam,

316 2470 407 2518 quod
434 2475 529 2504 Unum
555 2470 570 2502 ἑ
582 2471 731 2501 Trinitate
747 2476 791 2509 pa
774 2467 864 2511 affa'm
876 2458 1004 2502 nouerit
1030 2468 1204 2508 confiteri,

316 2522 373 2557 sed
398 2522 554 2555 &eorum
582 2519 675 2553 causa
687 2518 860 2561 Synodum
879 2513 1207 2556 Chalcedonensem‚

319 2572 464 2607 dicentes
473 2581 558 2608 eam,
568 2580 636 2612 quae
649 2567 745 2602 hosce
757 2567 994 2601 Nestorianos'
985 2578 1021 2600 in
1034 2567 1206 2611 Episcopa-

317 2623 386 2656 lem
406 2619 678 2655 communionem
703 2617 874 2652 admifiss‘et
895 2642 906 2659 ‚
933 2627 1002 2650 non
1030 2618 1117 2661 posse
1138 2628 1206 2651 non

320 2673 385 2707 effe
405 2670 655 2705 Nestorianam.

374 2721 433 2755 Ast
450 2720 578 2758 harum,
590 2729 668 2762 quas
681 2717 879 2761 rigidiffimis
890 2717 1014 2752 Edistis
1023 2717 1208 2751 Martianus

323 2770 491 2815 Augustus
499 2782 535 2803 ac
544 2768 610 2811 ejus
619 2768 774 2802 successor
781 2769 852 2802 Leo
862 2780 929 2802 non
941 2777 1111 2812 potuerant
1120 2777 1208 2801 com-

324 2822 447 2866 pescere
461 2844 471 2860 ,
497 2819 725 2853 violentiarum
737 2818 862 2862 pertaesa
881 2818 1006 2852 Divina
1024 2817 1208 2851 Clementia

325 2871 423 2914 coepit
436 2870 519 2903 circa
544 2868 610 2903 haec
623 2878 768 2910 tempora
780 2867 956 2910 Synodum
978 2867 1142 2901 miraculis
1163 2877 1211 2900 tu·

328 2921 389 2955 tari
402 2945 409 2951 .
437 2919 567 2953 Etenim
580 2918 621 2952 ad
634 2916 738 2950 Basilii
751 2917 912 2953 Venantii
924 2918 957 2951 &
967 2916 1070 2950 Flavii
1087 2916 1210 2950 Celeris

332 2969 551 3003 Consulatum
572 2993 583 3009 ‚
609 2967 752 3002 Domini
775 2978 900 3001 annum
915 2967 1211 3011 quingentesimum

331 3020 503 3059 ostavum,
530 3018 633 3062 pergit
660 3017 842 3060 Episcopus
863 3016 1100 3050 Tonnonenfis
1122 3040 1128 3046 .
1156 3018 1211 3048 Po-

328 3069 414 3113 pulos
429 3069 643 3100 Alexandrinos
668 3068 804 3101 &totius
828 3066 959 3110 AEgypti
972 3090 983 3106 ,
1000 3063 1087 3108 fimul
1093 3064 1209 3107 pusillos

333 3120 369 3152 <it
381 3128 501 3161 magnos
515 3140 525 3154 ,
549 3116 651 3150 liberos
673 3115 820 3160 &servos
833 3141 845 3157 ‚
857 3118 985 3150 clericos
1008 3124 1098 3158 atque
1109 3119 1212 3148 Mona-

333 3167 402 3202 cbos
425 3191 437 3206 ‚
458 3174 572 3208 prater
590 3172 758 3209 peregrinos
783 3191 795 3207 ,
819 3168 967 3199 immundi
984 3163 1112 3208 spiritus
1137 3175 1211 3198 occu·

332 3226 430 3260 pant:
459 3219 503 3252 Et
515 3214 648 3247 humana
667 3215 806 3249 locutione
812 3220 935 3257 privati
960 3216 1074 3249 latrare
1098 3215 1211 3248 cum‘lis

338 3266 442 3299 diebus
461 3275 495 3298 ac
519 3264 650 3297 navibus
674 3287 685 3303 ‚
710 3274 744 3297 ut
767 3276 853 3298 canes
867 3289 878 3306 ,
903 3273 1050 3306 coeperunt
1071 3290 1081 3306 ‚
1116 3266 1160 3296 ita
1179 3274 1212 3297 ut

340 3317 468 3348 vinculis
472 3314 586 3355 ferrels
598 3313 694 3348 vinbli
705 3314 748 3346 ad
755 3313 894 3355 Ecclefias
911 3314 1009 3356 postea
1023 3338 1034 3354 ,
1059 3323 1093 3348 ut
1097 3312 1211 3358 sanita-

341 3372 402 3398 tem
422 3370 606 3406 perciperent
629 3389 638 3406 ‚
664 3363 855 3398 traherentur
878 3376 885 3395 :
914 3365 1115 3397 comedebant
1134 3370 1212 3397 enim

340 3412 413 3459 suas
431 3424 554 3451 manus,
572 3413 714 3456 fimulque
743 3414 777 3447 (ν
797 3411 920 3446 brachia
949 3419 1064 3454 pariter
1100 3425 1213 3446 omnes.

343 3467 403 3509 ,ειη
412 3461 635 3509 evenientibus,
659 3464 832 3507 Angelusin
855 3466 916 3498 viri
921 3460 1018 3507 spem
1038 3462 1214 3507 quibusdam

1254 1318 1293 1349 e'x
1308 1317 1416 1359 populo
1438 1322 1580 1360 apparuit
1592 1344 1603 1360 ,
1629 1319 1731 1353 dicens
1752 1320 1805 1353 boc
1826 1323 1868 1354 eis
1891 1327 1948 1362 pro
1972 1331 2004 1355 eo
2022 1343 2035 1360 ,
2062 1323 2143 1365 quod

1261 1366 1425 1401 anathema
1438 1369 1548 1407 synodo
1560 1368 1789 1412 Chalcedonenfi
1804 1371 1941 1404 dederint
1953 1395 1964 1411 ,
1990 1371 2115 1415 eveniffe
2128 1395 2140 1411 ‚

1233 1418 1236 1423 '
1257 1417 1450 1450 comminatus
1473 1417 1552 1461 nihil
1568 1429 1615 1453 eos
1627 1421 1690 1453 tale
1711 1421 1847 1462 deinceps
1869 1426 2047 1454 committere
2061 1445 2069 1453 .
2094 1421 2141 1455 Et

1261 1467 1301 1500 ad
1317 1466 1536 1502 Consulatum
1548 1468 1662 1503 Anicii
1675 1468 1820 1504 Probi&
1834 1470 1939 1504 Flavii
1961 1470 2142 1505 Clementi-

1260 1516 1316 1557 ni,
1341 1516 1483 1552 Domini
1504 1529 1629 1553 annum
1653 1520 1946 1564 quingentesimum
1973 1521 2141 1555 decimum

1258 1566 1391 1601 tertium
1403 1589 1414 1606 ,
1438 1578 1538 1612 agens
1547 1568 1589 1603 de
1601 1569 1713 1612 primis
1723 1570 1904 1604 austoribus
1922 1570 2142 1605 additamenti

1260 1615 1299 1650 ad
1312 1617 1435 1651 sacrum
1454 1618 1641 1663 trisagium.
1670 1621 1750 1652 Dum
1761 1619 2008 1661 Constantinopoli
2032 1620 2077 1652 ad
2089 1619 2142 1661 fo-

1259 1678 1327 1700 rum
1338 1666 1526 1707 Constantini
1546 1669 1580 1700 id
1587 1666 1754 1711 psallentes
1767 1670 1812 1702 ad
1818 1672 1961 1710 majorem
1986 1668 2142 1711 Ecclefiam

1255 1725 1402 1760 pergunt,
1435 1717 1528 1751 nubes
1551 1730 1589 1752 ex
1609 1717 1768 1762 improviso
1788 1724 1897 1753 cineres
1915 1718 2003 1763 super
2019 1730 2066 1752 eos
2083 1725 2143 1761 pro

1256 1766 1365 1809 pluvia
1375 1765 1533 1810 emiserunt
1545 1792 1555 1807 ‚
1583 1777 1732 1810 totamque
1740 1773 1894 1803 civitatem
1903 1771 1938 1803 6·
1949 1772 2142 1803 Provinciam

1260 1826 1452 1850 contexerunt
1471 1841 1478 1848 .
1507 1818 1593 1864 Qis
1618 1818 1740 1852 nesciat
1761 1817 2063 1853 Alexandrinorum
2083 1829 2143 1863 pro

1261 1865 1449 1900 Timotheo
1475 1866 1599 1901 AEluro
1618 1878 1655 1901 ac
1669 1866 1766 1901 Petro
1779 1867 1887 1912 Mogo
1898 1892 1908 1908 ‚
1935 1868 1970 1902 &
1981 1867 2145 1914 Constan-

1262 1916 1558 1959 tinopolitanorum
1592 1927 1650 1960 pro
1671 1914 1797 1952 Acacio
1828 1918 1993 1962 Episcopo
2019 1916 2143 1962 patrata

1233 2009 1236 2012 Α
1263 1965 1450 2010 impiiffima
1471 1966 1518 2000 in
1662 1967 1696 2010 ἀ
1721 1967 1894 2011 Synodum
1916 1970 1929 2002 ?
1955 1968 2144 2012 Justiffimas

1264 2015 1374 2061 plagis
1385 2020 1607 2063 acceperunt.
1678 2014 1746 2064 ᾗ
1746 2017 1984 2051 Tonnoneniis
1995 2016 2036 2051 ad
2055 2018 2148 2052 Con·

1263 2063 1409 2100 astatum*
1418 2066 1563 2110 agapen
1585 2060 1641 2101 stu
1653 2058 1763 2110 potios
1789 2067 1952 2111 Magni&
1963 2066 2145 2107 Florentii,

1264 2114 1435 2153 Domitii
1419 2126 1545 2167 annum
1565 2116 1865 2161 quingentesimum
1877 2116 2044 2151 decimum
2063 2117 2146 2150 oeta-

1268 2215 1440 2251 Aeacianae
1473 2212 1651 2260 {inpietatis
1672 2215 1781 2254 fautor
1812 2227 1990 2251 contumax
2015 2242 2026 2258 ,
2063 2222 2146 2250 intra

1262 2266 1413 2308 palatium
1440 2272 1637 2301 renim-rum
1645 2265 1887 2311 aerrorefugatus
1899 2291 1910 2307 ‚
1937 2264 2147 2310 &corufiatio-

1266 2313 1596 2360 nksjaaeulopercuffir.‚
1622 2317 1811 2357 mcubiculo,
1839 2329 1893 2360 quo
1905 2313 2059 2359 absconsus
2074 2315 2146 2357 fue-

1264 2375 1315 2399 rat
1339 2389 1351 2405 ‚
1373 2371 1499 2400 moritur
1522 2365 1560 2401 6
1584 2370 1649 2407 cam
1677 2372 1839 2410 ignominia
1873 2365 1980 2409 absque
2003 2362 2144 2408 consuetis

1263 2423 1398 2459 exequiis
1410 2418 1457 2449 ad
1477 2414 1624 2450 tumulum
1645 2418 1763 2450 ducitur
1776 2440 1783 2446 .
1811 2416 1897 2450 Eum
1921 2416 2142 2450 Macedonius

1265 2465 1699 2509 Constantinopolitanias&
1721 2465 1810 2499 Elias
1819 2465 2144 2509 Hierosolymitanus

1265 2510 1476 2556 Pa‘triaffihae,
1502 2516 1698 2560 iniquissime
1711 2515 1901 2559 proscripti,
1928 2516 1967 2549 ad
1980 2516 2144 2549 Divinum

1267 2565 1409 2600 tribunal
1423 2576 1614 2600 evocarant.
1643 2567 1807 2600 Successor
1817 2565 2032 2608 pientissimus
2054 2565 2145 2608 Justi-

1268 2626 1327 2648 nus
1340 2614 1507 2660 Augustus
1520 2627 1600 2649 mox
1612 2614 1854 2658 Eutychianam
1867 2628 1904 2649 ac
1915 2616 2146 2650 Nestorianam

1267 2663 1394 2699 haerefin
1409 2688 1419 2703 ,
1445 2665 1649 2699 Acacianum
1661 2665 1820 2705 schisma,
1842 2676 2021 2709 eorumque
2042 2667 2148 2710 sequa-

1268 2726 1320 2749 ces
1333 2715 1514 2759 Episcopos
1526 2716 1620 2759 ejecit
1634 2730 1645 2748 :
1673 2715 1843 2750 Restantes
1857 2714 2052 2758 Schytarum
2077 2725 2147 2748 mo-

1269 2763 1451 2799 nachorum
1487 2766 1678 2808 quaestiones
1700 2766 1885 2808 composuit
1910 2789 1920 2804 ,
1956 2766 1989 2799 ἀ
2009 2776 2147 2809 quatuor

1268 2815 1432 2859 generales
1443 2815 1596 2858 synodos
1617 2816 1712 2849 sacris
1723 2815 1937 2849 Ecclesiarum
1961 2813 2079 2849 tabulis
2101 2815 2148 2848 in-

1270 2865 1389 2908 scripsit
1399 2863 1466 2907 ejus
1489 2865 1588 2898 haeres
1608 2862 1831 2907 Justinianus,
1855 2865 2010 2909 atqueita
2034 2864 2148 2899 omnia

1270 2913 1485 2949 credebantur
1497 2916 1683 2957 pacificata

1319 2963 1461 2998 Paulus'
1453 2965 1584 2998 interim
1598 2964 1746 2998 Ecclefiae
1757 2962 1988 2999 Alexandrina:
2013 2964 2145 3008 Episco-

1271 3025 1330 3056 pus
1352 3013 1556 3048 orthodoxus
1578 3013 1801 3059 degradatur,
1837 3014 1997 3058 relegatur
2023 3014 2146 3048 Gazam

1270 3062 1459 3106 Palestinae,
1485 3063 1555 3098 eoa
1577 3063 1730 3107 Principe
1740 3065 1880 3099 mittitur
1903 3064 2055 3107 Pelagius
2076 3062 2147 3096 Ro-

1272 3124 1373 3147 manae
1398 3113 1546 3148 Ecclefiae
1567 3114 1736 3148 Diaconus
1766 3115 1800 3149 δε
1821 3114 1940 3159 Vigilii
1973 3112 2146 3145 Pontificis

1273 3163 1495 3206 Apocrisarius
1506 3188 1518 3203 ‚
1538 3163 1755 3198 Patriarchale
1763 3165 1811 3199 illi
1824 3164 1956 3208 pallium
1968 3162 2002 3195 δε
2011 3172 2147 3195 omnem

1273 3213 1488 3247 restitutionis
1500 3213 1587 3256 spem
1611 3213 1797 3254 ablaturus,
1823 3213 1993 3254 evenitque
2015 3211 2147 3245 interim

1273 3264 1382 3304 casus,
1408 3261 1449 3297 de
1459 3274 1526 3306 quo
1536 3262 1708 3298 Liberatus
1720 3265 1889 3297 Diaconus
1911 3258 2147 3304 Carthaginen-

1274 3313 1309 3345 sis
1320 3312 1354 3346 in
1378 3312 1561 3347 Breviario.
1589 3315 1741 3347 Redeunte
1765 3312 1881 3354 Pelagio
1906 3309 2149 3351 constantinepo-

1272 3363 1325 3394 Iim
1335 3387 1345 3403 ,
1372 3361 1510 3395 Monachi
1521 3364 1644 3405 quidam
1654 3363 1692 3394 ab
1701 3358 1896 3403 Hierosolymis
1907 3384 1918 3400 ,
1940 3367 1997 3400 per
2011 3370 2080 3401 quos
2094 3362 2149 3393 Pe-

1276 3413 1371 3456 lagius
1393 3418 1425 3445 in
1447 3416 1564 3446 Gazam
1582 3409 1736 3452 tranfitum
1757 3409 1860 3442 habuit
1886 3434 1897 3449 ‚
1935 3418 2083 3442 venerunt
2103 3410 2150 3442 ad

1276 3467 1384 3496 eumin
1404 3466 1556 3498 comitatu
1569 3486 1580 3505 ‚
1599 3467 1756 3505 portantes
1771 3459 1916 3504 Capitula
1926 3459 1963 3493 de
1972 3458 2057 3492 libris
2078 3463 2145 3491 ort·-

2008 3514 2097 3554 genis

1312 3580 1332 3592 f

1229 3497 1246 3607 ,....„-..

1230 3593 1309 3619 ss

1265 2176 1343 2200 vum
1368 2190 1375 2198 .
1404 2152 1567 2210 Maia&
1591 2169 1756 2209 aneraeor
1777 2189 1788 2205 ‚
1813 2165 2028 2209 Eutychianae
2047 2176 2146 2210 atque
2192 2188 2194 2191 -

2164 3336 2236 3371 Cap.
2254 3335 2302 3368 23:
