2340 3736
627 171 713 215 An
747 166 1030 211 SYNODUM
1063 162 1674 213 CHALcEDoNeNsEM.'

241 255 408 299 Episcopus
426 256 508 288 dixit
533 277 541 285 .
581 253 765 288 Baffianum
786 253 835 287 uti
858 252 1031 296 spoliatum
1050 261 1122 284 cen-

243 306 315 339 sent
337 302 589 345 restituendum,
615 305 649 339 &
670 314 748 339 tunc
769 304 804 339 in
823 303 917 337 illum
927 299 1122 346 judicialiter

242 355 426 400 agendum.

291 403 349 438 Ad
369 405 476 440 SanCti
499 405 620 440 Leonis
638 404 811 440 Pontificis
827 403 869 438 de
881 401 1029 437 Bassiano
1041 400 1121 443 judi-

241 454 331 489 cium
342 452 452 488 denuo
465 455 676 499 proclamavit
689 454 871 498 Stephanus
882 477 892 492 ‚
918 450 1061 495 reposuit
1071 461 1122 484 ve-

241 503 280 538 ro
291 503 472 548 Cecropius
484 504 662 549 Episcopus
674 502 972 546 Sebastopolitanus
988 514 996 534 ι
1023 505 1121 534 Domi·

240 563 279 586 ne
301 554 448 597 stephane
473 579 485 596 ‚
519 554 648 600 cognosce
666 554 813 597 quantum
832 552 923 595 poteli
949 553 1121 586 Flavianus

239 603 338 638 beatae
358 610 506 639 memorio
517 613 610 639 etiam
618 603 683 647 post
694 612 832 636 mortem.
861 604 904 636 Et
924 602 1033 637 statim
1045 612 1120 635 cum

239 653 388 688 Ecclefiae
429 653 807 697 Constantinopolitanae
847 651 984 687 Clericis
1018 651 1123 695 plures

240 703 396 747 Episcopi
419 704 659 738 acclamarunt:
686 707 804 736 Veritas
817 701 856 743 fic
875 702 963 735 habet
979 726 986 733 .
1011 705 1122 735 Omnes

242 752 306 787 baec
321 752 386 796 ipsa
409 755 548 787 dicimus.
575 754 727 787 Flaviano
750 762 865 786 aeterna
883 759 1042 786 memoria.
1069 755 1122 785 Or·

240 803 365 843 thodoxi
389 813 505 837 aterna
528 808 669 837 memoria
690 826 697 834 .
726 805 900 837 Flavianus
916 802 979 844 post
1001 811 1123 836 mortem

241 846 339 886 bivit.
351 855 476 894 Martyr,
486 860 543 894 pro
554 852 636 886 nobis
647 860 709 886 oret
720 877 727 885 .
743 854 916 886 Flavianus
923 853 988 894 post
1000 863 1123 886 mortem

236 901 328 943 fidem
350 900 498 945 exposuit.
527 904 700 936 Flavianus
722 902 768 936 hic
787 902 848 943 est.-
875 901 1065 936 Ortbodoxus
1076 902 1123 935 bic

240 950 279 992 est
300 976 308 983 .
336 954 513 987 Flavianus
533 952 675 996 nobiscum
690 955 842 994 praedicat
864 977 871 984 .
899 952 1032 986 Sanetus
1054 952 1125 986 Fla-

240 1001 356 1035 vianus
377 1002 485 1036 Sansti
501 1003 626 1037 Leonis
641 1003 790 1038 adversus
801 1001 987 1036 Baffianum
1000 1002 1123 1036 senten·

240 1050 323 1084 tiam
350 1052 454 1086 fuerat
478 1063 634 1088 executus
654 1077 665 1093 ,
692 1053 912 1087 Antecefforis
939 1052 986 1087 sui
1013 1052 1124 1087 Procli

240 1101 364 1136 cassans
383 1100 564 1145 judicium,
590 1113 687 1147 atque
710 1104 757 1138 ita
778 1102 1011 1138 adscendendae
1022 1099 1124 1146 Ephe-

241 1151 317 1185 finae
329 1151 487 1188 cathedras
497 1163 625 1197 portam
635 1152 802 1197 Stephano
819 1163 1003 1198 aperuerat:
1031 1153 1125 1200 Qo-

241 1211 315 1236 rum
337 1203 490 1237 omnium
514 1202 638 1238 oblitus
663 1203 719 1237 ille
743 1204 907 1239 Dioscoro
935 1202 1065 1237 adhaefit
1088 1202 1124 1236 in

241 1248 408 1294 Epheiino
428 1252 605 1289 latrocinio
630 1277 641 1294 ‚
677 1255 711 1288 δε
738 1254 891 1288 Sanstum
910 1252 1125 1292 Flavianum,

242 1299 321 1334 lieet
341 1311 382 1334 ex
402 1311 493 1336 metu
506 1326 518 1342 ,
543 1311 653 1338 tamen
679 1303 912 1337 latrocinaliter
936 1302 1124 1336 damnavit.

241 1348 324 1385 Erat
343 1349 411 1385 loci
432 1352 631 1396 Episcopus;
659 1352 860 1387 Dioscorum
870 1354 1001 1387 trastare
1009 1350 1128 1387 debue-

242 1408 292 1434 rat
310 1425 322 1441 ,
347 1401 427 1436 ficut
451 1403 611 1446 ,ioannem
631 1400 822 1437 Antiochia:
845 1401 1068 1437 Patriarcham
1091 1403 1126 1436 in

241 1449 409 1493 Ephefino
445 1452 602 1488 Concilio
635 1454 784 1487 trastarat
821 1453 889 1495 ejus
924 1450 1127 1497 praedecessor

242 1499 408 1536 Memnon
423 1526 434 1542 ,
459 1513 576 1537 omnes
590 1501 745 1537 claudens
765 1502 907 1541 basilicas
917 1503 1016 1537 etiam
1027 1503 1060 1536 in
1072 1502 1127 1536 die

241 1548 352 1585 sancto
376 1551 605 1591 pentecostes,
629 1553 663 1586 ἀ
685 1553 789 1595 ipsum
809 1564 848 1587 ac
867 1553 936 1596 ejus
947 1553 1126 1596 Episcopos

241 1599 284 1634 ab
297 1601 363 1635 illis
373 1611 522 1644 potenter
530 1613 645 1637 arcens
654 1627 662 1633 .
684 1602 779 1636 Hinc
789 1602 956 1646 Stephano
967 1603 1127 1637 talionem

241 1650 262 1684 a
283 1651 399 1686 Sancto
419 1652 578 1686 Flaviano
600 1651 692 1687 reddi
715 1653 894 1697 Cecropius
918 1654 952 1687 δε
975 1653 1030 1687 alii
1052 1662 1130 1687 cum

242 1699 384 1735 laudatis
405 1701 540 1737 Clericis
554 1701 708 1746 Episcopi
729 1703 971 1740 adseverarnnt.
1000 1702 1032 1737 A
1052 1704 1127 1738 san-

243 1752 303 1785 stis
321 1752 411 1786 enim
434 1763 509 1786 cum
527 1750 661 1787 Christo
671 1753 824 1787 Domino
837 1751 1048 1797 regnantibus
1061 1754 1129 1788 suas

243 1800 445 1844 quandoque
466 1802 598 1844 injurias
620 1803 654 1836 in
677 1803 771 1836 vivos
792 1801 946 1836 homines
969 1802 1128 1837 vindicari

241 1848 369 1884 ostendi
381 1850 421 1884 ad
435 1850 606 1894 Synodum
618 1854 782 1886 ostavam.

250 1913 253 1915 ·
295 1900 374 1934 Erat
393 1901 488 1935 causa
510 1900 679 1944 perplexa,
707 1899 846 1945 ideoque
865 1901 995 1947 gloriosi
1006 1901 1129 1944 judices

242 1950 285 1984 ad
306 1949 435 1993 plenam
456 1951 630 1993 Synodum
645 1953 718 1985 sunt
743 1951 956 1986 interlocuti:
983 1953 1129 1986 Omnibus

243 2006 425 2033 examinatis
451 2001 487 2032 de
503 2002 637 2041 Baffiano
658 2000 852 2043 &Stephano
861 2003 1103 2043 reverendiffimis
1118 2026 1128 2042 ,

244 2049 358 2082 relec‘iz's
377 2055 469 2083 etiam
480 2050 651 2083 eanonibus
663 2075 674 2091 ,
701 2052 781 2084 dicat
789 2049 899 2094 sanc‘la
913 2053 1041 2091 synodus
1056 2054 1131 2094 quid

244 2101 407 2132 videatur.
434 2098 546 2134 Plures
558 2099 713 2144 Episcopi
725 2101 977 2144 responderunt:
998 2101 1130 2146 Justitia

245 2149 417 2189 Baffianum
426 2159 534 2188 vocat,
559 2151 822 2194 regulae·teneant.
850 2151 897 2185 Et
920 2151 1044 2185 rursum
1065 2152 1130 2185 inu-

245 2198 314 2232 dati
334 2198 457 2242 judices
470 2213 480 2232 :
506 2199 604 2232 Nobis
624 2201 741 2243 quidem
763 2202 887 2234 videtur
908 2212 1000 2243 neque
1019 2202 1131 2241 Baffia-

245 2259 315 2281 num
334 2250 457 2293 dignum
476 2249 613 2290 existere,
642 2259 676 2283 ut
687 2249 726 2291 fit
740 2249 929 2293 Ephesiorum
940 2249 1107 2294 Episcopus
1118 2274 1128 2289 ‚

243 2303 384 2341 quoniam
408 2311 446 2333 ex
467 2298 614 2341 invasione
636 2300 769 2333 violenta
789 2299 1003 2343 Episcopatum
1016 2300 1130 2342 sibimet

244 2349 441 2391 vindicavit3
468 2361 559 2391 neque
581 2349 784 2391 Stephanum,
811 2356 862 2393 qui
877 2359 935 2393 per
956 2352 1130 2391 conjuratio-

245 2401 304 2432 nef
321 2399 355 2432 (π
370 2401 448 2433 tales
467 2400 694 2432 adinventiones
718 2398 930 2442 Episcopatum
950 2400 1064 2442 sibimet
1085 2413 1130 2433 ac-

245 2447 363 2490 quifi'vit
376 2459 387 2479 .·
407 2448 534 2493 Justum
555 2453 623 2483 vero
645 2450 697 2492 esse
716 2459 749 2483 ut
771 2451 895 2493 eligatur
906 2451 982 2483 alius
997 2475 1008 2491 ‚
1034 2452 1130 2493 qui&

242 2497 334 2540 fidem
358 2499 470 2541 integre
492 2496 589 2539 sciat,
617 2501 651 2532 <ff
671 2504 738 2532 vita
760 2499 896 2542 noscatur
920 2510 1066 2540 ornatus,
1093 2510 1127 2532 ut

246 2548 300 2592 effe
320 2548 403 2589 poffit
426 2545 607 2590 Episcopus.
633 2551 739 2580 Totum
758 2558 857 2582 autem
873 2549 978 2592 sant‘lo
1004 2551 1131 2583 Concilio

247 2600 441 2638 relinquimus
451 2619 461 2635 ‚
486 2598 631 2639 quatenus
647 2595 829 2639 sententiam
841 2624 850 2639 ‚
864 2611 944 2641 *quae
955 2605 987 2631 in
999 2599 1054 2633 bac
1066 2611 1131 2633 cau-

243 2646 284 2690 sa
300 2646 399 2688 fuerit
421 2645 488 2689 visa
501 2670 512 2686 ,
538 2647 692 2689 depromat
706 2672 713 2678 .
741 2648 784 2681 Et
806 2648 897 2692 plena
917 2649 1071 2692 Synodus
1081 2661 1132 2683 ac-

247 2695 422 2731 clamavit:
450 2700 520 2729 Haec
534 2696 617 2737 Justa
633 2696 787 2740 sententia
805 2698 861 2739 est.
889 2703 949 2731 Hoc
970 2702 1028 2732 Dei
1042 2700 1128 2739 judi-

248 2753 326 2781 cium
344 2745 400 2787 est.
429 2745 564 2786 Christus
579 2748 740 2789 judicavit
762 2746 907 2791 causam.
935 2754 1073 2782 canones
1097 2750 1132 2783 <Et

247 2798 325 2841 leges
338 2807 392 2830 vos
405 2795 572 2836 custoditis.

293 2845 426 2882 Verum
438 2846 607 2881 adversum
618 2847 775 2882 clamores
794 2849 870 2883 illos
890 2836 1131 2884 intercesserunt

248 2896 368 2941 Legati
393 2894 600 2939 Apostolici:
629 2899 754 2932 clarent
772 2911 839 2941 quae
849 2900 888 2933 ab
899 2898 1038 2942 universo
1056 2903 1132 2932 Con-

246 2949 311 2980 cilio
330 2946 412 2979 ditia
427 2943 500 2988 sunt
512 2972 519 2979 .
531 2949 635 2994 ‘Quid
653 2950 690 2980 de
700 2947 755 2981 hac
765 2948 854 2992 causa
858 2949 924 2991 five
930 2948 1064 2992 personis
1084 2953 1132 2982 vi-

248 2998 357 3030 deatur
368 3020 378 3035 ‚
405 2998 440 3030 ὠ·
463 2996 589 3038 nostrum
609 2998 642 3031 (θ’
663 2997 766 3032 horum
787 3000 824 3041 est
836 2999 1005 3042 confirmare
1018 2997 1132 3042 serum·

248 3053 324 3079 tiam
336 3071 343 3079 .
372 3047 457 3080 Rem
469 3047 687 3090 graviffimam
701 3049 854 3089 voluere,
883 3062 952 3084 non
974 3051 1129 3084 acclama-

248 3096 396 3130 tionibus
410 3120 420 3135 ,
447 3097 498 3130 sed
511 3096 660 3130 distineio
680 3096 882 3142 {iugulorum
895 3100 1131 3144 Episcoporum

249 3146 402 3190 suffragio
425 3146 615 3180 definitam.
639 3147 751 3193 Qare
773 3149 960 3193 suffragium
982 3161 1063 3184 mox
1085 3148 1132 3183 di·

249 3196 298 3230 xit
321 3196 500 3230 Anatolius
522 3195 911 3240 constantinopolitanus
930 3200 1131 3244 Episcopus,

248 3245 467 3290 gloriosorum
479 3245 624 3288 judicum
637 3248 829 3282 sententiam
839 3246 1002 3291 probans,
1022 3250 1061 3291 ¹&
1078 3249 1132 3291 ad-

249 3297 349 3329 dens:
377 3297 532 3336 Baffianus
556 3298 590 3330 (v
613 3295 780 3338 stephanus
801 3300 978 3341 dignitatem
999 3306 1132 3332 tantum·

249 3346 335 3378 modo
358 3344 554 3389 Episcopatus
575 3346 705 3379 habeant
722 3349 993 3382 &communionem
1005 3372 1014 3388 ,
1041 3348 1132 3391 neces-

248 3393 384 3437 sariaque
391 3393 511 3438 salaria
523 3420 534 3436 ,
560 3407 627 3438 quae
638 3399 658 3428 ἁ
667 3395 844 3438 sanlliffima
854 3398 910 3430 bac
922 3396 1130 3441 consequentur

251 3444 393 3486 Ecclesia.
419 3446 465 3482 Et
485 3447 613 3480 rursum
634 3445 826 3482 adclamavit
838 3448 947 3482 omnis
959 3447 1130 3491 Synodus:

348 3492 449 3534 Christ.
460 3499 536 3538 Lupi
547 3500 628 3546 oper.
644 3499 717 3528 Tem.
727 3500 763 3529 ΙΙ.

1895 184 1986 223 291

1190 254 1258 285 Haec
1284 249 1367 292 ‚iusta
1400 248 1566 294 sententia.

1239 300 1287 335 At
1297 312 1373 335 ecce
1382 302 1446 336 alia
1458 312 1516 345 pro
1526 300 1676 338 Baffiano
1688 305 1866 341 interceffio
1877 306 1918 341 ab
1929 308 2063 351 Episco-

1190 351 1239 394 pis
1250 351 1423 386 dioeceseos
1433 350 1600 391 Asiaticae,
1627 354 1661 388 in
1672 367 1778 398 genua
1795 357 1976 400 prostratis:
2003 361 2063 390 Mi-

1183 399 1323 443 seremini
1333 400 1437 441 nostri.
1465 405 1531 434 Nos
1536 399 1735 444 supplicamus
1742 405 1846 448 saneJo
1857 408 2005 446 Concilio,
2024 414 2060 439 ut

1188 450 1359 494 misereatur
1376 451 1503 494 filiorum
1524 451 1704 492 nostrorum,
1727 466 1762 488 ne
1779 456 1862 497 forte
1875 466 1997 500 propter
2007 466 2061 489 nos

1188 503 1222 535 ὁ·
1229 510 1353 543 peccata
1363 502 1458 542 nostra
1467 506 1633 539 moriantur
1647 526 1657 541 ,
1683 510 1716 534 ut
1728 502 1771 534 his
1781 507 1934 540 clemenna
1946 505 2063 540 tribua-

1187 561 1254 600 τμη,
1281 553 1317 585 (9⁹
1336 551 1420 584 nobis
1442 553 1619 586 condonetur
1626 550 1733 594 saltem
1749 553 1899 592 Bafflanus
1909 559 1952 588 ad
1962 556 2063 589 tollen»-

1187 602 1228 633 da
1243 603 1349 634 mala.
1377 606 1464 647 Nam
1474 601 1506 644 fi
1513 600 1659 645 quispiam
1669 600 1818 643 bicfuerit
1828 607 1980 638 ordinatus
1991 627 2002 643 ,
2027 605 2063 639 <¹1

1182 650 1242 693 filii
1253 651 1339 691 nostri
1348 657 1538 693 moriuntur,
1566 654 1720 686 &civitas
1734 653 1863 694 deperit.
1891 653 2060 694 Bassiano,

1185 710 1282 744 quem
1303 700 1418 735 vident
1435 701 1504 744 jure
1517 713 1584 735 non
1597 703 1682 745 poffe
1693 701 1848 743 defendi,
1873 701 1940 735 fieri
1953 703 2067 746 suppli-

1186 760 1263 785 cant
1282 748 1533 794 dispensationis
1551 753 1690 796 gratiam
1703 777 1714 794 ‚
1741 751 1839 797 idque
1849 763 1891 786 ex
1907 753 2001 785 causa
2014 764 2067 795 pu-

1187 799 1271 835 blica
1291 801 1325 834 ὃ(
1345 800 1548 845 graviffima:
1575 801 1632 835 Ad
1654 802 1860 838 avertendam
1873 801 2069 836 seditionem.

1189 849 1322 896 populi,
1347 851 1540 894 ruinamque
1552 852 1815 886 tantaecivitatis.
1839 850 2070 895 Autocephala

1189 911 1256 935 erat
1278 899 1493 944 Epheliorum
1515 900 1655 936 Ecclefia
1668 926 1680 942 ‚
1703 900 1850 946 adeoque
1866 902 1934 945 ejus
1944 901 2069 935 Primas

1189 951 1222 984 in
1236 951 1302 994 ipsa
1316 951 1370 986 sua
1381 951 1558 985 civitate&
1572 951 1645 986 sede
1654 962 1721 987 erat
1743 952 1761 986 ὲ
1782 953 1911 996 propria
1932 951 2070 993 Synodo

1189 1001 1358 1045 eligendus
1378 1001 1411 1035 &
1433 1000 1671 1036 consecrandus
1685 1016 1695 1035 :
1721 999 1969 1046 Autocephalus
1996 1001 2070 1045 Epi-

1190 1052 1304 1095 scopus
1323 1049 1364 1085 ad
1386 1051 1509 1085 nullius
1529 1062 1664 1086 manum
1677 1051 1910 1087 consecrandus
1921 1049 2047 1086 accedit
2058 1074 2070 1091 ,

1190 1099 1230 1135 ab
1255 1101 1349 1134 omni
1375 1100 1591 1135 patriarchica
1617 1102 1775 1145 potestate
1800 1102 1846 1136 est
1877 1112 2070 1146 exemptus,

1191 1162 1252 1184 con
1259 1151 1395 1184 secratur
1404 1153 1532 1194 propria
1543 1154 1733 1189 austeritate
1744 1175 1756 1192 ‚
1773 1151 1983 1197 postmodum
1995 1162 2073 1186 con·

1190 1199 1368 1234 firmandus
1388 1200 1407 1234 a
1427 1201 1499 1235 solo
1522 1201 1687 1237 Pontifice
1709 1202 1867 1237 Romano
1887 1228 1894 1234 .
1923 1202 1969 1236 Et
1993 1213 2072 1246 quo*

1190 1251 1279 1284 niam
1292 1250 1656 1295 constantinopolitani
1669 1251 1824 1296 Episcopi
1846 1276 1857 1293 ,
1885 1264 1953 1287 non
1964 1252 2072 1287 solum

1191 1300 1272 1334 alios
1294 1300 1328 1334 in
1353 1300 1412 1334 ista
1434 1300 1562 1335 dioecesi
1579 1302 1832 1346 Metropolitas,
1856 1302 2073 1346 sed&ipsum

1191 1348 1507 1393 Archi-Episcopum
1531 1353 1726 1386 confirmare
1756 1376 1768 1391 ,
1793 1352 1981 1387 consecrare
2003 1375 2015 1391 ,
2040 1352 2075 1384 &

1192 1401 1252 1434 suae
1278 1398 1489 1434 patriarchali
1517 1400 1668 1444 potestati
1695 1401 1864 1445 subjugare
1887 1401 1953 1444 jam
1973 1411 2078 1443 coepe-

1192 1460 1263 1484 rant
1278 1473 1289 1489 ‚
1316 1450 1488 1495 dignitatis
1507 1450 1569 1484 suae
1590 1451 1715 1486 zelosus
1737 1449 1949 1496 Ephefiorutn
1976 1461 2076 1494 popu-

1193 1501 1242 1534 lus
1262 1501 1348 1534 mori
1368 1500 1530 1540 malebat,
1555 1501 1588 1534 &
1612 1502 1725 1535 omnia
1746 1512 1835 1536 ruere
1849 1500 1973 1537 sursum
1984 1500 2075 1535 deon

1192 1551 1262 1585 sum
1281 1575 1290 1591 ,
1312 1561 1411 1594 quam
1449 1550 1593 1595 accipere
1628 1551 1828 1595 Episcopum
1864 1549 2077 1586 Chalcedone

1194 1602 1416 1635 consecratum
1429 1626 1436 1633 .

1243 1650 1334 1684 Hinc
1346 1652 1430 1685 moti
1442 1651 1574 1695 gloriosi
1584 1650 1710 1695 judices
1723 1660 1897 1696 rogarunt:
1923 1654 2076 1694 ,Quoniam

1189 1700 1346 1744 secundum
1359 1712 1440 1734 voces
1447 1700 1549 1744 sanlii
1561 1703 1685 1735 Concilii
1710 1714 1802 1744 neque
1814 1702 1964 1741 Baffianus
1987 1710 2082 1742 neque

1194 1750 1357 1792 Stephanus
1369 1752 1451 1794 digni
1456 1750 1527 1794 sunt
1537 1775 1546 1790 ,
1571 1758 1662 1794 quiin
1675 1751 1861 1794 Ephesiorum
1871 1757 1995 1784 civitate
2015 1749 2077 1791 fint

1196 1800 1352 1844 Episcopi,
1379 1800 1475 1842 Afiani
1485 1811 1582 1834 autem
1594 1801 1732 1845 Episcopi
1752 1802 1799 1835 hic
1822 1807 1926 1843 reperti
1949 1802 2050 1835 dicunt
2061 1812 2076 1840 ;

1197 1853 1232 1884 51
1242 1851 1289 1884 hic
1299 1853 1450 1884 ordinetur
1460 1854 1536 1885 alter
1549 1851 1707 1894 Episcopus
1721 1877 1731 1892 ,
1758 1851 1944 1893 Ephesiorum
1965 1859 2078 1884 contur-

1198 1902 1264 1934 bari
1274 1906 1428 1934 civitatem
1439 1924 1449 1939 ‚
1472 1900 1666 1944 dicatsanHa
1677 1903 1803 1939 synodus
1813 1924 1824 1940 ,
1847 1902 1896 1933 ubi
1906 1901 2009 1934 volunt
2019 1903 2079 1932 Cae

1196 1962 1284 1984 nones
1292 1949 1468 1994 Episcopum
1479 1949 1819 1994 Ephefinaesanliiffimae
1850 1949 1981 1991 Ecclesiae
2002 1951 2080 1983 ordi-

1197 2007 1281 2034 nari.
1310 2001 1354 2035 Et
1367 2001 1444 2034 varii
1458 2001 1610 2044 Episcopi
1621 2001 1819 2035 clamarunt.-
1850 2005 1886 2034 In
1900 2003 2079 2034 Provincia.

1197 2050 1340 2085 Addidit
1361 2052 1534 2094 Diogenes
1559 2051 1747 2093 Cyzicenus
1769 2050 1967 2094 Episcopus,
1998 2049 2083 2084 Hel·

1199 2100 1385 2143 lesponticae-
1394 2098 1428 2133 in
1440 2099 1560 2133 Asiana
1573 2100 1700 2134 dioecefi
1714 2100 1892 2134 Provinciae
1912 2099 2082 2143 Metropo-

1197 2150 1256 2184 lita
1270 2161 1277 2180 ι
1302 2148 1486 2192 Consuetudo
1497 2148 1547 2183 boc
1559 2149 1664 2183 habet.
1690 2152 1719 2183 5i
1723 2149 1824 2191 sallus
1828 2149 1930 2194 fuisset
1940 2149 2079 2190 Constan-

1196 2201 1318 2242 sinopoli
1329 2198 1490 2242 Episcopus
1502 2222 1512 2238 ‚
1537 2211 1595 2233 non
1620 2199 1683 2232 haec
1708 2200 1887 2242 accidffent.
1914 2200 1978 2232 Illic
2001 2205 2080 2233 enim

1197 2250 1393 2293 salgamarios
1405 2251 1566 2290 ordinant,
1594 2252 1628 2284 (τ
1652 2250 1716 2283 ideo
1731 2249 1916 2292 perturbatio
1933 2250 1988 2291 fit.
2016 2251 2078 2284 Di-

1197 2300 1247 2334 xit
1259 2300 1455 2345 dignitatem
1467 2298 1560 2334 istam
1575 2299 1742 2344 Ephefinae
1751 2299 1909 2334 cathedra:
1919 2299 2028 2344 potitis
2037 2311 2081 2333 ex

1197 2350 1433 2384 consuetudine
1459 2373 1470 2389 ,
1507 2360 1602 2394 quam
1629 2361 1669 2383 ex
1710 2350 1851 2384 Canone
1877 2350 2082 2390 convenire,

1199 2397 1335 2442 ideoque
1346 2401 1409 2434 sine
1424 2399 1650 2457 Ecclefiasticae
1659 2398 1889 2434 Hierarchiae
1882 2399 1999 2443 injuria
2011 2401 2081 2443 pos-

1197 2450 1227 2483 se
1240 2450 1390 2495 infringi.
1418 2450 1463 2482 Et
1472 2450 1534 2484 effe
1546 2435 1676 2483 causas:
1703 2448 1804 2498 Qod
1818 2460 1934 2493 nempe
1947 2449 2080 2495 prdi·

1198 2499 1232 2533 ni
1246 2499 1418 2557 Epistopi'
1411 2511 1444 2532 in
1456 2500 1515 2532 suae
1531 2500 1783 2534 consecrationis
1808 2500 1863 2534 die
1888 2500 1951 2533 fint
1972 2500 2078 2543 Salga-

1201 2550 1296 2584 marii
1310 2574 1317 2582 .
1343 2549 1494 2594 Salgama
1507 2550 1579 2583 sunt
1594 2550 1735 2593 pecuniae
1745 2574 1756 2590 ‚
1767 2549 1930 2583 esculenta
1945 2549 2078 2589 ‚vestes‚

1197 2599 1324 2641 aliaque
1345 2600 1387 2633 ad
1410 2597 1588 2633 humanam
1615 2599 1714 2633 vitam
1734 2599 1907 2633 facientia:
1934 2598 1996 2633 Per
2007 2597 2078 2634 Ro·

1198 2649 1564 2688 manumpontificern,
1590 2647 1813 2687 patriarchas,
1838 2648 1981 2691 aliosque
2008 2646 2078 2682 Pri·

1197 2711 1298 2734 mates
1325 2699 1506 2742 Episcopos
1531 2709 1586 2743 per
1613 2699 1675 2732 suae
1699 2699 1955 2733 consecrationis
1990 2698 2078 2733 diem

1199 2749 1302 2793 spargi
1329 2750 1483 2783 consueta
1508 2748 1543 2782 in
1572 2747 1699 2792 plebem
1716 2773 1723 2781 .
1751 2747 1887 2783 Profusa
1913 2747 2076 2790 nimium,

1198 2798 1395 2843 quandoque
1408 2800 1496 2833 fuere
1507 2820 1519 2838 ‚
1541 2798 1667 2842 plebejo
1680 2799 1832 2844 suffragio
1855 2797 1897 2832 ab
1906 2797 2077 2833 ambienti-

1198 2850 1258 2884 bus
1278 2849 1510 2893 Episcopatum
1523 2849 1660 2883 Clericis
1681 2848 1829 2893 promiffi
1841 2872 1853 2889 ‚
1878 2849 2052 2885 simoniaca
2063 2873 2076 2890 ‚

1198 2898 1336 2943 ideoque
1349 2901 1382 2934 in
1398 2900 1455 2934 suo
1466 2897 1507 2934 ad
1521 2899 1681 2944 Joannem
1695 2898 1871 2933 secundum
1881 2897 2077 2933 Pontificem

1200 2949 1338 2989 Editio,
1363 2949 1526 2984 Bonifacii
1554 2949 1686 2984 secundi
1712 2947 1863 2983 adversus
1889 2949 1982 2983 istam
1993 2949 2079 2984 Dio-

1196 3000 1276 3034 scori
1290 2998 1484 3043 Anti-Papae
1494 2999 1664 3033 fimoniam
1675 2999 1814 3033 Decreta
1836 3000 2052 3033 confirmante
2067 3023 2077 3039 ‚

1197 3050 1306 3084 statuit
1318 3048 1509 3084 Gothorum
1531 3049 1606 3082 Rex
1633 3047 1860 3083 Athalaricus:
1888 3048 2077 3083 Patriarcbae

1196 3111 1251 3142 per
1263 3100 1321 3132 suae
1331 3098 1583 3133 consecrationis
1593 3099 1682 3132 diem
1704 3105 1738 3132 in
1762 3098 1934 3132 civitatibus
1954 3097 2016 3141 suis
2037 3107 2077 3130 te-

1197 3150 1330 3188 nuiffimae
1339 3147 1418 3190 plebi
1429 3160 1486 3181 non
1498 3148 1624 3194 amplius
1635 3159 1725 3191 quam
1734 3155 1904 3192 quingentos
1914 3147 2024 3193 solidos
2042 3145 2077 3190 se

1196 3198 1394 3239 distributuros
1403 3198 1453 3241 effe
1464 3196 1646 3242 cognoscant.
1673 3198 1717 3232 Et
1727 3199 1819 3233 addit
1826 3200 1954 3233 causam
1964 3211 1975 3230 .·
1989 3199 2076 3240 ,Quia

1195 3252 1231 3282 de
1243 3252 1272 3281 E
1274 3246 1428 3288 ccless'astt'co
1439 3260 1553 3282 munere
1563 3248 1738 3291 pauperibus
1746 3249 1842 3291 potius
1873 3247 1911 3288 est
1929 3245 2074 3290 consulem

1196 3301 1280 3332 dum.
1309 3299 1419 3333 Etiam
1434 3299 1451 3332 ὲ
1464 3298 1646 3334 Valentino
1657 3298 1743 3342 Papa
1755 3299 1945 3333 consecrato
1960 3297 2076 3331 instru—

1196 3351 1283 3383 &um
1304 3348 1397 3382 fuisse
1416 3347 1644 3393 amplissimum
1669 3348 1880 3388 convivium,
1905 3347 2076 3382 Senatum-

1196 3410 1259 3443 que
1275 3421 1285 3438 ‚
1311 3396 1437 3441 plebem
1451 3423 1460 3438 ,
1488 3398 1522 3431 &
1534 3398 1692 3442 populum
1706 3397 1789 3432 varia
1813 3409 1892 3442 roga
1912 3397 2074 3432 donatum

1196 3449 1341 3484 adfirmat
1351 3447 1386 3481 in
1398 3448 1466 3492 ejus
1477 3449 1543 3484 vita
1560 3448 1743 3481 Anastasius
1754 3446 1943 3484 Cardinalis.
1959 3444 2076 3482 Adria-

1590 3498 1624 3532 O
1649 3509 1671 3531 o
1722 3509 1744 3535 2
1943 3506 2022 3531 num
