2340 3736
644 166 1143 224 Rznuu,e·r
1209 163 1723 214 vennonen-
1871 168 1958 228 381

1559 296 1656 383 R
1718 334 1724 338 .

1262 445 1372 485 Abula
1382 444 1569 490 {Theodori
1585 446 1808 491 Mopsuesteni
1827 450 1911 487 acris
1930 451 2039 489 adver-

1195 505 1197 507 ’
1286 497 1383 532 sarius
1393 521 1401 529 .
1940 510 1994 548 32.
2007 514 2039 540 2.

1161 545 1360 583 Ratramnus
1394 544 1584 581 Monachus
1613 546 1859 583 eruditissimus.
1900 548 1977 596 308.
2006 552 2059 588 22·

1211 597 1329 641 scripsit
1348 606 1461 631 contra
1496 596 1716 631 Hincmarum
1735 595 1956 633 Rhemensem
1978 600 2040 635 Ar·

1210 645 1478 691 chi-Episcopum
1489 671 1496 678 .
1739 663 1743 668 v
1959 649 2038 685 ibid.

271 251 362 291 Vide
407 253 435 286 C
525 260 558 283 ³·

222 279 422 350 propositio,
474 305 602 335 minitas
628 297 667 340 est
700 303 785 334 carni
813 297 954 343 compaffa
967 324 978 341 ‚
1004 298 1102 339 item,

273 341 406 394 veui&
409 351 510 394 passus
519 360 585 383 cum
596 359 686 385 carne
698 373 711 392 ,
735 349 755 387 ὲ
777 350 807 386 S.
823 350 1002 398 Fulgentio
1013 349 1102 384 dam-

273 413 369 439 natur
379 426 386 435 ·
973 397 1053 438 268·
1069 411 1099 436 2·

271 450 380 490 Vide,
407 449 541 492 Cbrtstus
553 475 560 482 .

221 500 404 546 Propofitio
414 498 480 535 haec
493 522 504 539 ‚
525 505 605 534 Deus
626 499 665 540 est
679 500 797 544 paffiu,
820 498 967 543 quamvis
986 510 1025 535 ea
1049 510 1100 534 ne-

270 550 376 595 quiter
394 547 598 594 Eutychiani
623 547 712 584 abusi
724 573 735 589 ,
761 550 806 583 est
818 560 890 585 vera
903 575 910 582 .
1013 548 1098 583 ibid.

219 600 406 644 propositio
427 600 483 634 illa
495 614 506 633 .-
532 603 615 634 Unus
639 600 656 634 ἒ
676 602 823 633 Trinitate
843 610 900 633 non
922 599 973 640 est.
989 600 1099 642 crucifi-

269 663 350 692 xus,
376 650 413 685 in
432 647 620 684 Theodoro
640 649 875 692 Mopsuesteno
895 649 1037 694 graviter
1055 660 1099 683 re·

269 698 442 745 prehensa.
541 727 543 730 Α
980 696 1055 744 187·
1071 709 1098 734 1·

218 749 429 794 Propofitio‚
455 748 582 782 Verbum
605 747 644 789 est
663 748 777 790 paffum
793 755 850 790 per
866 759 1003 783 carnem:
1028 758 1097 782 non

266 800 333 841 fic,
358 802 441 833 Deus
459 796 498 838 est
518 798 619 840 paffus
638 807 745 839 carne,
770 796 852 832 reste
876 797 1096 842 improbatur.

266 846 348 886 268.
361 859 393 885 2-

217 897 428 943 Propofitio,
453 897 723 932 UnuseTn’nitaete
741 895 781 937 est
800 897 924 940 passus,
948 896 1027 932 fidei
1037 896 1098 931 Ca·-

265 947 398 981 tholicae
411 956 478 979 non
491 944 691 982 adversatur.
713 943 791 981 ibid.
806 957 835 983 1.
857 946 952 981 Hinc
972 947 1098 982 fallitur

266 995 502 1031 Theodoretus
512 1020 520 1027 .
1014 996 1095 1031 ibid.

217 1046 426 1091 propositio,
451 1049 563 1087 Pater,
588 1047 624 1080 θ
646 1046 768 1088 Filius,
793 1046 960 1089 &Spiritus
971 1047 1097 1081 samqus

264 1095 341 1140 sunt
369 1103 432 1130 tres
464 1093 625 1139 hypostasis
644 1119 657 1139 ,
697 1096 717 1134 a
736 1096 856 1132 Latina
875 1096 1016 1131 Ecclesia
1042 1095 1096 1130 ali·

1209 744 1374 789 judicare,
1399 745 1453 780 sed
1477 747 1610 781 contra.
1638 745 1894 793 269.1.·Q10d
1918 749 2040 791 praela-2

1210 795 1242 830 re
1262 797 1281 830 a
1301 796 1473 831 Martiano
1488 795 1644 840 Augusto
1666 798 1826 831 servatum
1843 821 1850 828 .
1873 795 1951 831 ibid.
1968 809 1995 833 1.
2007 810 2040 834 2.

1161 844 1294 880 Relatio
1305 845 1525 881 Antiochenae
1547 845 1677 889 synodi
1698 846 1740 881 ad
1760 847 1790 882 S.
1811 845 1934 891 Papam
1957 846 2040 881 Dio-

1210 897 1339 939 nysium
1361 897 1407 931 est
1426 895 1541 934 mutila
1555 921 1562 928 .
1730 942 1734 945 θ
1916 906 1994 945 330.
2010 904 2038 931 1.

1162 944 1236 979 Rex
1249 970 1256 977 .
1287 943 1374 981 Vide
1392 951 1556 989 Imperator
1568 969 1577 978 .
1604 948 1769 989 Princeps.
1799 949 1908 981 Laicus
1922 970 1930 978 .

1163 994 1336 1031 Restristio
1349 996 1499 1031 mentalis
1509 1006 1618 1031 verum
1628 995 1674 1030 est
1684 995 1903 1031 mendacium.
1915 993 1993 1033 281.
2006 1007 2038 1032 2-

1211 1044 1304 1080 lllius
1321 1044 1512 1082 Nestoriani
1534 1057 1571 1080 ac
1592 1045 1763 1091 Pelagiani
1781 1051 1875 1080 erant
1896 1045 2041 1089 peritiffi·

1211 1095 1278 1128 mis.
1311 1094 1393 1131 ibid.
1441 1095 1472 1130 E
1508 1095 1699 1131 Gentilibus
1728 1094 1825 1130 duxit
1852 1095 2036 1141 originem.
2084 1101 2087 1107 “

265 1145 402 1190 quando
423 1145 487 1181 suit
514 1144 697 1191 improbata
716 1170 732 1188 ‚
771 1155 872 1192 atque
899 1146 1096 1191 proscripta.
1211 1142 1337 1181 282.1.

268 1205 348 1244 341.
361 1207 394 1233 2-
1162 1192 1254 1228 Reus
1274 1194 1486 1230 criminaliter
1515 1197 1679 1230 accusatus
1708 1206 1765 1239 per
1796 1204 2040 1240 procuratorem

215 1243 419 1289 propositio.
444 1243 554 1287 Vide,
581 1244 716 1287 cbristus
737 1271 747 1279 ,
1212 1242 1345 1278 defendi
1370 1256 1441 1280 non
1465 1246 1591 1289 potest.
1768 1255 1889 1293 215.1.
1913 1256 1993 1294 219-
2007 1257 2039 1283 2.

216 1294 462 1339 Propofitiones
482 1294 677 1337 dogmatiae
704 1295 836 1339 possunt
857 1295 1023 1340 duplicem
1041 1294 1098 1330 ha·
1163 1291 1428 1331 Resureffionem
1473 1296 1524 1330 vel
1544 1294 1613 1329 fine
1635 1295 1694 1341 ‘vel
1713 1306 1790 1330 cum
1810 1294 1951 1332 aethereo
1973 1304 2043 1332 eor⁴

266 1343 340 1379 bete
350 1342 489 1377 sensum.
976 1355 1053 1393 330.
1068 1356 1096 1381 1.
1211 1352 1288 1384 pore
1303 1344 1444 1379 futuram
1464 1346 1627 1391 Origenes
1645 1354 1812 1380 autumat.
1919 1345 1996 1393 136.
2011 1356 2040 1381 1.

216 1391 403 1430 Provincia
411 1389 560 1437 quaedam
580 1389 665 1426 olim
686 1390 795 1426 divisae
806 1390 860 1440 83.
876 1401 904 1429 1.
931 1394 1036 1441 Qod
1046 1405 1097 1428 ve·
1163 1390 1262 1426 Ritus
1287 1391 1399 1432 idem,
1422 1402 1511 1426 nune
1536 1394 1642 1436 potest
1669 1395 1819 1438 praecipi,
1840 1405 1929 1429 nunc
1955 1400 2043 1429 vem.

267 1452 316 1477 tat
326 1443 445 1478 Canon
457 1439 669 1475 duodecimus
677 1439 1095 1481 Chalcedonensis.ibid.2.
1209 1442 1255 1475 ri.
1852 1471 1854 1479 .
1919 1453 1996 1488 152.
2009 1453 2042 1479 2.

216 1490 396 1528 Pulcheriae
406 1489 564 1536 Augustae
574 1489 769 1526 encomion.
821 1490 902 1530 262.
915 1504 949 1530 2·
970 1494 1095 1541 2764.
1161 1491 1312 1527 Romana
1347 1491 1488 1526 Ecclefia
1507 1500 1605 1534 caput
1635 1490 1680 1525 est
1709 1491 1862 1526 omnium
1886 1491 2043 1527 Ecclefia-

1207 1552 1278 1577 rum
1292 1566 1300 1574 .
1940 1566 1948 1574 .
1968 1552 1996 1577 1·
2010 1553 2039 1578 2.

1159 1590 1332 1626 Romanus
1354 1590 1533 1634 Episcopus
1552 1590 1599 1624 est
1623 1589 1717 1635 plena
1728 1550 2039 1634 Synodoffigerior.

1178 1684 1181 1687 Ι
1207 1653 1285 1690 257.
1303 1650 1331 1675 1.
1357 1639 1411 1674 Illi
1440 1641 1501 1674 soli
1513 1640 1671 1684 competit
1682 1639 1908 1682 Praefidentia;
1929 1652 2039 1685 quam-

1208 1693 1259 1725 vis
1279 1699 1389 1726 tamen
1413 1690 1515 1724 soleat
1540 1701 1596 1734 per
1620 1690 1763 1735 Legatos
1796 1691 1939 1734 praeess‘e.
1978 1689 2040 1724 Ca-

1206 1740 1349 1776 tholicus
1382 1740 1436 1774 seu
1467 1739 1655 1775 universalis
1694 1738 1777 1774 reste
1815 1747 2038 1785 nuncupatur.

607 1639 736 1754 Q

314 1840 431 1876 Uintae
455 1835 583 1882 Synodi
617 1838 719 1881 prima
741 1833 877 1875 collatio
900 1854 991 1877 anno
1013 1852 1092 1891 504.
1156 1801 1482 1885 Roiggnizsspiscopi
1505 1840 1542 1875 in
1573 1839 1716 1885 Synodis
1746 1838 1953 1885 generalibus
1985 1851 2041 1876 au-

211 1842 470 1953 QVigilio
505 1887 594 1931 Papa
630 1888 663 1922 &
701 1889 887 1932 Iustiniano
918 1892 1091 1939 Augusto.
1208 1888 1367 1925 thoritas.
1914 1888 2038 1938 2842·

1157 1940 1304 1974 Romani
1315 1939 1432 1984 Legati
1446 1965 1453 1972 .
1479 1939 1568 1974 Vide
1588 1943 1696 1984 Legata
1705 1965 1713 1973 .

1158 1989 1328 2025 Romanus
1346 1989 1504 2026 Pontifex
1525 1989 1614 2025 nulla
1641 1989 1864 2035 appellatione
1887 1990 2040 2034 suspendi

356 1936 475 1974 182.1.

217 1991 256 2025 In
278 1989 392 2037 quinta
411 1985 548 2030 Synodo
570 1985 675 2021 Graeci
698 1986 846 2025 indebite
855 1993 1091 2035 processerunt.

272 2037 347 2085 185.
628 2045 631 2047 ’

216 2088 345 2134 Quinta
354 2085 506 2129 Synodus
515 2085 578 2121 tria
599 2086 753 2130 Capitula
772 2089 1024 2127 condemnavit.
1049 2092 1093 2127 Et

266 2139 304 2173 in
315 2137 368 2171 his
377 2135 553 2170 Theodori
564 2135 789 2180 Mopsuesteni
798 2140 970 2183 personam
980 2166 990 2173 .
1016 2140 1091 2190 198.

267 2200 300 2226 1·
321 2186 474 2222 Decrevit
491 2185 605 2220 itidem
627 2185 853 2232 Episcoposin
875 2190 1023 2227 Fcclefiae
1042 2203 1096 2236 pa·

264 2249 304 2273 ce
340 2236 409 2272 vita
440 2236 566 2270 funstos
596 2238 684 2278 posse
704 2236 874 2281 damnari,
899 2241 1028 2277 nullum
1049 2252 1096 2277 ta-

264 2298 342 2322 men
375 2283 511 2320 adduxit
543 2287 752 2330 exemplum,
777 2288 832 2324 sed
858 2290 889 2325 S.
912 2289 1093 2337 Augustini

264 2335 463 2372 authoritate
497 2335 615 2369 nititur
643 2336 776 2380 probare
791 2364 799 2371 .
836 2338 916 2374 ibid.
947 2342 1093 2377 Deci-eto

260 2389 323 2421 ‘suo
346 2383 592 2429 quatuordecim
610 2385 758 2429 adjunxit
777 2389 920 2433 capitula
932 2390 968 2425 in
989 2393 1094 2436 Syno-

265 2436 311 2470 do
332 2434 539 2467 Lateranensi
571 2433 630 2468 sub
657 2436 809 2472 Martino
833 2439 859 2472 1.
890 2440 972 2476 lesta
997 2451 1094 2485 atque

269 2483 414 2518 laudata·
970 2490 1051 2526 ibid.
1062 2502 1094 2526 2.

219 2535 352 2586 Qintae
374 2530 500 2574 synodi
522 2530 607 2565 auio
627 2532 761 2575 septima
781 2536 818 2570 δι
840 2539 954 2574 octava
981 2540 1002 2573 a
1020 2541 1095 2576 Mo-

268 2580 442 2619 nothelitis
462 2579 594 2615 vitiata.
610 2592 685 2628 157.
698 2594 728 2620 2.
753 2582 834 2621 Aea
853 2596 967 2623 contra
979 2590 1096 2635 Orige-

267 2644 344 2668 nem
366 2641 436 2664 non
461 2628 604 2664 exstant.
633 2631 715 2668 lbid.
749 2633 871 2670 Canon
904 2638 1096 2675 undecimus

268 2685 304 2717 in
327 2680 509 2725 Origenem
526 2680 649 2722 exstat,
674 2693 714 2717 ac
734 2685 835 2720 etiam
855 2687 1096 2730 Iustinianilit-

1206 2039 1329 2084 potest.
1901 2051 1979 2086 240.
2005 2049 2041 2076 24

1158 2089 1305 2123 Romani
1334 2087 1515 2124 Pontifices
1546 2088 1705 2133 judicium
1725 2091 1819 2125 suum
1843 2100 1899 2134 per
1933 2091 2040 2133 Syno-

1207 2139 1287 2176 dum
1306 2138 1455 2174 adversus
1473 2139 1679 2185 obreptiones
1700 2140 1859 2176 retraetari
1872 2139 2039 2175 interdurn

1207 2190 1420 2233 permiserunt
1430 2215 1438 2223 .
1691 2230 1693 2232 ,
1912 2189 1991 2236 246.
2007 2200 2036 2226 1.

1158 2239 1306 2275 Romani
1339 2238 1517 2275 Pontifices
1552 2240 1691 2284 potestas
1727 2241 1765 2275 in
1805 2238 2038 2275 suburbicarias

1206 2290 1375 2335 regiones.
1401 2298 1479 2337 295.
1505 2301 1534 2326 1.
1580 2291 1662 2325 Non
1688 2290 1733 2325 est
1757 2289 2013 2325 extraordinaria
2028 2315 2038 2324 .

1208 2339 1289 2374 ibid.

1157 2388 1304 2425 Romani
1331 2388 1505 2427 Pontificis
1529 2389 1566 2424 in
1590 2401 1706 2426 omnes
1731 2388 1937 2426 Patriarchas
1971 2389 2038 2433 ple-

1206 2450 1249 2473 na
1267 2438 1314 2474 est
1335 2438 1474 2484 potestas
1486 2465 1495 2473 .
1910 2437 1993 2479 208·
2004 2451 2036 2477 2,

1207 2488 1318 2530 Vide,
1343 2489 1502 2531 Pontifex.

1157 2540 1235 2575 Sine
1266 2538 1424 2572 Romanae
1449 2538 1531 2572 sedis
1557 2539 1757 2580 affistentia,
1784 2550 1854 2574 non
1879 2537 2034 2583 Synodus

1205 2587 1273 2629 est,
1298 2586 1353 2622 sed
1378 2586 1541 2622 humanus
1562 2598 1763 2624 conventuS.
1903 2599 1984 2635 277.
2001 2599 2035 2625 2.

1158 2640 1318 2674 Rornanae
1339 2636 1420 2672 sedis
1440 2636 1638 2674 authoritas.
1909 2647 1952 2685 25
1958 2647 1988 2686 3.
2000 2649 2036 2677 2.

274 2743 349 2768 terae
361 2756 369 2764 .
974 2749 1015 2785 15
1021 2736 1051 2775 8.
1064 2750 1094 2776 1.
1563 2738 1621 2825 S

219 2784 350 2830 Qinta
381 2776 518 2823 Synodo
547 2780 669 2824 peradia
689 2805 702 2824 ‚
745 2783 865 2831 ingens
894 2795 1094 2824 terraemotus

267 2840 401 2867 exortus
413 2854 422 2862 .
976 2848 1052 2886 173.
1068 2850 1095 2876 1.

224 2884 356 2931 Qinta
378 2877 531 2923 synodus
550 2879 683 2914 tandem
703 2881 722 2916 a
742 2882 873 2930 Vigilio
882 2887 1094 2929 confirmata,
1218 2887 1368 2924 Abellius
1384 2887 1422 2922 in
1445 2888 1520 2922 Deo
1538 2888 1670 2923 unicam
1689 2889 1878 2929 erientiam,
1902 2889 1939 2924 &
1958 2888 2033 2923 uni·

267 2930 399 2975 quando
412 2929 429 2960 ἓ
492 2979 500 2986 .
1014 2937 1094 2972 ibid.
1242 2949 1315 2973 eam
1337 2937 1568 2973 subfistentiam
1590 2938 1696 2974 dixit.
1725 2948 1801 2988 303.
1816 2940 1893 2976 2.&
1907 2950 1985 2987 311.
2000 2950 2029 2976 1·

221 2983 356 3030 Qintae
376 2978 501 3020 synodi
522 2990 641 3025 magna
674 2982 878 3022 authoritas:
913 2987 1029 3023 Minor
1050 2997 1095 3022 ta-
1205 2987 1338 3032 quando
1358 2989 1394 3021 in
1417 2987 1590 3022 Ecclefiam
1601 2989 1734 3032 coeperit
1744 2989 1891 3034 grassari,
1906 2999 1984 3037 305.
2001 3000 2028 3024 1.

271 3043 347 3066 men
368 3029 468 3073 quam
488 3029 652 3072 priorum,
676 3035 757 3067 cur?
977 3047 1050 3084 1⁷4.
1066 3050 1092 3074 1-

222 3081 348 3130 Qinta
371 3077 524 3121 Synodus
546 3078 587 3113 ab
614 3079 770 3125 Hispanis
799 3084 880 3120 olim
915 3098 985 3122 non
997 3073 1095 3122 ‘rece-

271 3139 325 3175 pta
339 3139 456 3177 1751.
482 3127 556 3175 176.
574 3138 603 3163 1.
623 3129 703 3167 Hoc
729 3132 863 3170 schisma
885 3137 906 3172 a
928 3138 1094 3183 &Grego-

271 3182 322 3215 rio
340 3179 519 3214 extinctum
530 3203 537 3209 .
972 3188 1049 3235 176.
1060 3199 1092 3225 2-

224 3229 264 3264 ln
282 3230 395 3275 quinta
415 3226 554 3273 Synodo
575 3227 655 3272 quid
678 3233 870 3275 peractum?
933 3244 1008 3283 175·
1020 3248 1092 3276 1·2-

1156 3037 1333 3074 Sabiniano
1351 3037 1370 3071 a
1391 3038 1568 3072 Dioscorus
1589 3038 1707 3081 eJestus
1732 3063 1744 3080 ‚
1770 3049 1866 3083 rogat
1890 3038 2030 3073 restitui.

1204 3087 1370 3131 Legitime
1389 3089 1435 3123 est
1449 3098 1636 3131 promotus.
1662 3088 1786 3136 296.1.
1811 3088 1844 3123 Si
1868 3088 1936 3132 ejus
1958 3099 2031 3132 prar-

1204 3137 1347 3172 deceffor
1379 3134 1576 3172 Athanasius
1600 3139 1642 3175 de
1671 3138 1811 3174 crimine
1834 3149 1904 3173 non
1930 3136 2030 3173 fuerit

1204 3187 1393 3228 convictus,
1419 3187 1611 3223 Sabinianus
1643 3187 1783 3236 ejusdem
1804 3189 1865 3222 erit
1890 3186 2032 3231 Coadju·

1205 3246 1275 3274 tor.
1839 3247 1848 3273 .’
1889 3248 1911 3275 2
1937 3236 1968 3274 6.
1995 3249 2028 3275 2·

1158 3288 1252 3322 Sacra
1268 3284 1362 3328 juffio
1387 3297 1492 3330 preces
1515 3297 1627 3329 erant,
1653 3300 1722 3323 non
1732 3247 1981 3334 mandata>.951-
1997 3298 2028 3324 1-

1157 3338 1328 3381 Salgama‚
1351 3336 1453 3379 quid?
1479 3339 1604 3382 profusa
1630 3337 1770 3372 nimium
1802 3336 1938 3373 subinde
1961 3338 2029 3371 fue-

1206 3395 1306 3428 runt,
1330 3384 1436 3421 immo
1456 3387 1651 3423 fimoniaca.
1678 3397 1757 3435 291.
1781 3399 1812 3424 1.
1845 3386 2028 3423 Pontifices

326 3427 428 3468 christ.
441 3431 519 3473 Lupe
527 3432 609 3472 oper.
622 3431 739 3466 romu
1593 3437 1622 3470 Z
1647 3448 1666 3471 z
1911 3436 1978 3469 Ro-

1160 694 1293 742 Regum
1315 709 1385 732 non
1406 696 1453 731 est
1474 697 1510 729 in
1541 695 1678 742 negotio
1696 696 1773 732 fidei
1795 696 1838 731 de
1871 699 2039 743 Episcopis
2107 729 2110 732 .
