2340 3736
650 123 731 166 AD
767 118 1056 165 SYNODUM
1091 115 1699 168 CHALCEDONENS'EM.

269 188 399 240 ut‘vintra
404 205 512 249 paucos
522 204 585 236 dies
596 204 763 244 tranquilla
775 212 873 237 mente
884 228 894 243 ,
923 206 957 237 (τ
971 215 1028 237 non
1045 201 1144 237 turba·

269 265 300 289 to
324 262 443 294 animo,
469 262 536 296 quae
562 255 624 285 Deo
641 253 763 295 placent
788 255 823 287 (9⁶
837 253 954 296 fandis
978 254 1144 295 Patribus,

1916 137 2014 187 257

1212 201 1377 247 Dioftorum
1398 201 1548 242 Ecclesi‘is.
1575 205 1632 237 Sub
1652 209 1773 247 imperio
1794 205 1887 247 vestro
1907 211 2018 243 malum
2028 221 2085 244 non

1204 252 1263 295 fiat
1275 278 1286 294 ‚
1306 250 1364 296 sub
1386 257 1508 294 imperio
1529 254 1622 292 vestro
1642 255 1787 299 discordia
1810 261 1949 301 nonfiat.
1977 260 2084 302 Ajtint

267 305 453 339 ordinentur.
481 304 632 346 ,Quoniam
654 306 724 336 ver&
747 314 823 336 nunc
840 307 959 336 Domini
979 303 1086 344 nostri,
1113 305 1146 336 (tt
1210 303 1427 343 Dioscorum‚
1454 312 1522 335 non
1538 302 1664 343 solum,
1691 306 1744 340 sed
1755 317 1830 340 cum
1840 308 1936 341 omni
1946 309 2085 351 Synodo

267 354 437 395 Sanffiffimi
449 354 551 385 Patris
566 377 576 393 ,
604 354 638 386 (5
651 352 891 396 Archi-Episcopi
903 357 1011 387 Leonis
1025 377 1035 393 ‚
1060 355 1146 386 ador-

268 411 372 441 nantis
383 401 568 445 Apffloiicam
578 404 679 436 sedem
688 426 699 444 ‚
724 403 799 437 lena
807 403 846 443 est
856 402 989 444 Epistola
999 427 1009 443 ,
1034 411 1145 444 oportet

267 457 304 490 θ
314 454 409 488 beatae
422 459 567 486 memoriae
577 453 677 490 cyrilli
688 452 850 495 Epistolam
857 450 1003 494 scriptam
1022 453 1066 485 ad
1081 457 1144 485 Ne-

261 504 382 546 storium
393 529 403 544 ‚
429 510 461 536 in
472 515 531 545 qua
534 503 625 544 jubet
635 515 702 536 eum
719 500 880 545 conftntire
891 502 1040 535 duodecim
1051 506 1143 544 Capi-

264 555 357 595 tulis,
384 555 418 587 (ν
436 552 514 586 hanc
535 554 605 585 dari
626 552 728 590 nobis,
758 561 792 584 ut
807 557 840 584 in
851 560 977 594 tempore
998 549 1143 594 difiepta—

265 610 356 638 rionis
375 608 480 645 parati
501 606 708 636 inveniamur.
735 601 780 634 Et
799 600 854 634 alii
873 602 1026 645 Episcopi
1041 602 1140 636 accla-

265 663 397 688 marunt
408 667 419 687 :
445 655 477 685 51
496 652 613 693 jubetis
637 653 708 684 dari
726 650 809 683 nobis
829 653 966 684 inducias
977 676 988 692 ,
1008 658 1140 693 petimus

264 704 377 737 Patres
390 701 481 744 fimul
489 699 689 743 perscrutari.
717 699 755 733 ld
765 699 810 733 est
824 724 835 740 ,
860 702 1001 744 accipere
1013 712 1141 745 tempus

264 753 428 788 sufficiens
446 750 683 794 perscrutandis
703 749 889 790 Patribus‘,
915 751 1023 795 eisque
1041 751 1142 795 Papa-

264 803 331 837 lem
353 801 532 845 Epistolam
552 799 742 834 conferendi
767 825 775 833 .
813 801 1041 844 Reposuerunt
1062 802 1140 835 vero

263 850 479 899 gloriofiffimi
489 849 611 892 judices
623 864 633 883 .·
660 849 824 890 Diffl’ratur
833 851 987 884 audientia
996 850 1087 894 usque
1099 853 1144 884 ad

264 908 394 945 quinque
402 901 468 933 dies
481 924 492 940 ,
517 906 550 932 ut
559 906 639 933 inter
648 899 701 932 bos
714 906 872 934 conveniat
882 900 979 941 vestra
988 903 1009 933 5
1009 900 1138 934 anc‘i'itas

263 949 512 994 adsanc‘lrfftmum
523 948 800 993 Archi-Episcopum
811 951 999 990 Anatolium,
1025 953 1059 984 δ’
1068 962 1137 983 com·

263 1007 394 1041 maniter
403 1002 439 1034 de
443 999 505 1041 fide
514 1000 650 1033 tradetis
659 1025 671 1041 ,
696 1001 731 1034 (3*
743 1007 794 1042 qui
806 1002 948 1034 dubitant
961 1003 1120 1034 doceantur
1132 1026 1139 1033 .

264 1055 300 1084 N
303 1063 351 1083 am
368 1050 405 1090 est
426 1050 608 1093 necessarium
622 1061 677 1083 vos
696 1062 794 1083 omnes
806 1057 960 1084 convenire
970 1076 980 1092 ‚
1002 1049 1061 1094 sed
1070 1057 1140 1094 quia

261 1106 439 1144 conveniens
460 1100 497 1140 est
509 1100 642 1133 omnibus
651 1100 852 1133 dubitantibus
874 1100 1073 1144 persuadere,
1097 1113 1140 1134 re-

262 1150 482 1190 verendifflmus
496 1149 755 1193 Archi—Episcopus
767 1151 921 1184 Anatolius
934 1153 1024 1194 eligat
1044 1153 1081 1184 de
1091 1150 1138 1183 bis

262 1207 314 1242 qut
336 1199 535 1244 Apostolicae
555 1200 705 1242 Epistolae
708 1203 780 1242 jam
789 1199 1042 1244 subscripserunt,
1069 1212 1139 1243 quos

256 1256 419 1291 putaverit
440 1251 555 1282 idoneos
573 1250 625 1293 effe
636 1252 831 1283 adducendos
853 1263 901 1284 eos
913 1256 965 1293 qui
975 1250 1118 1283 dubitant
1129 1275 1136 1282 .
1188 1269 1190 1271 -

259 1298 331 1332 Hic
350 1298 396 1333 est
417 1297 546 1341 synodi
570 1300 661 1333 locus
675 1323 686 1339 ‚
711 1298 751 1333 de
778 1311 845 1343 quo
867 1300 1039 1334 Facundus
1058 1298 1138 1333 Her-

93 1346 241 1386 [ὤς-03·
258 1347 449 1383 mianenfis:
476 1348 572 1380 Nobis
594 1348 765 1389 Nestoriam·
786 1350 908 1387 dicum,
934 1351 1086 1393 ,Quomodo
1108 1351 1138 1382 il-

259 1399 322 1432 lam
335 1400 478 1438 synodum
488 1398 631 1440 recepistis
641 1423 652 1439 ,
678 1405 711 1431 in
723 1410 784 1442 qua
794 1410 853 1432 non
859 1397 952 1442 solum
963 1401 1048 1432 multi
1058 1422 1068 1438 ,
1082 1398 1141 1443 sed

257 1454 350 1483 etlam
354 1455 464 1491 potiori
476 1449 533 1482 loco
540 1446 681 1492 sederunt
694 1448 835 1492 Episcopi
846 1473 857 1489 ,
872 1456 924 1492 qui
934 1450 974 1482 ab
988 1449 1139 1488 Eutychia·

258 1506 308 1533 nis
333 1501 464 1532 ordinati
478 1497 550 1542 sunt
563 1522 573 1538 ,
598 1500 632 1532 c&
653 1498 821 1537 Eutyche-tis
833 1508 923 1542 atque
934 1499 1060 1543 Dioscori
1072 1501 1140 1543 dog-

258 1558 309 1582 ma
322 1547 413 1591 secuti
427 1548 618 1590 probantur?
646 1548 771 1583 Revera
793 1550 885 1583 enim
911 1548 1087 1584 Anatolius
1105 1550 1139 1582 in

258 1595 365 1633 Sanffl
390 1598 538 1632 Flaviani
559 1597 792 1633 latrocinaliter
801 1598 970 1644 degradati
982 1599 1141 1634 Constan-

257 1647 513 1690 tinopolitanam
535 1646 722 1682 cathedram
744 1650 848 1683 fuerat
859 1649 900 1683 ab
910 1648 1082 1692 Ephesino
1099 1649 1140 1684 la-

258 1698 404 1733 trocinio
423 1697 597 1733 ordinatus
613 1709 650 1732 ac
674 1699 814 1733 intrusus
827 1722 838 1738 ‚
862 1700 1050 1742 cunstisque
1061 1699 1142 1734 Dio-

258 1749 340 1782 scori
354 1771 364 1787 ‚
390 1748 503 1790 utpote
526 1748 594 1790 ejus
605 1746 920 1789 Archi-Diaconus‚
946 1748 1141 1783 latrocinali·

258 1797 320 1832 bus
330 1796 423 1830 Actis
432 1797 554 1830 ibidem
568 1807 760 1840 cooperatus
771 1823 778 1831 .
806 1797 900 1832 Hinc
912 1799 1013 1843 igitur
1026 1799 1143 1833 Nesto·

259 1842 340 1882 riani
353 1846 526 1889 Synodum
540 1847 682 1881 nostram
696 1871 706 1887 ‚
732 1847 766 1881 in
781 1858 844 1891 qua
863 1846 1061 1888 Anatolius‚
1086 1848 1141 1883 ho·

261 1906 318 1932 mo
340 1896 565 1940 Eutychianus
575 1922 585 1937 ‚
613 1908 680 1930 non
699 1896 803 1931 solum
815 1907 851 1931 ut
863 1897 1000 1942 vulgaris
1011 1899 1143 1942 Episco-

259 1958 321 1991 pus
332 1972 342 1987 ‚
368 1946 401 1979 &
421 1946 518 1989 judex
531 1944 673 1981 adfuerat
684 1972 694 1987 ,
722 1948 774 1981 sed
786 1947 835 1981 uti
845 1950 1037 1982 cundiorum
1052 1948 1142 1983 dubi-

259 1997 404 2030 tantium
417 1996 653 2039 Episcoporum
664 1997 706 2030 sal
718 1997 750 2030 ὃς
763 1998 872 2032 lumen
887 2000 986 2032 fuerat
1005 1996 1142 2032 honora·

258 2054 311 2079 tus
321 2070 332 2087 ‚
359 2056 526 2088 tamquam
547 2044 789 2089 Eutychianam
803 2057 858 2081 aut
868 2049 951 2082 certe
964 2047 1142 2091 Eutychia-

257 2106 302 2129 na
323 2096 560 2130 communione
584 2097 742 2138 pollutam
754 2098 1142 2140 fueruntpertinaciffime

254 2143 404 2179 detestati
418 2169 424 2176 .
452 2145 500 2178 At
511 2146 576 2179 fine
587 2145 824 2180 fundamento.
853 2146 1040 2181 Memorata
1051 2149 1140 2181 enim

255 2195 338 2229 vitia
350 2194 527 2229 Anatolius
538 2207 592 2238 per
604 2196 831 2239 poenitentiam
843 2221 854 2237 ‚
882 2208 936 2240 per
954 2197 1062 2231 Sancti
1084 2197 1141 2232 Pe-

256 2245 299 2279 tri
325 2243 479 2288 Apostoli
502 2244 607 2279 claves
630 2247 761 2280 Saucius
773 2246 842 2280 Leo
857 2245 1037 2287 Pontifex,
1065 2247 1139 2282 licet

255 2306 332 2328 cum
354 2295 586 2339 dispensatorio
609 2296 788 2330 Canonum
810 2297 964 2337 vulnere,
990 2297 1030 2331 ad
1053 2297 1141 2331 Mar-

253 2344 341 2378 ciani
354 2344 496 2389 Augusti
509 2356 619 2388 preces
641 2357 854 2391 expurgarat.
880 2346 924 2380 Et
938 2347 1070 2390 quidem
1094 2348 1140 2381 so-

253 2395 303 2428 las
325 2394 495 2436 inducias,
523 2406 728 2439 nequaquam
751 2396 919 2431 solennem
947 2396 1139 2439 Cyrillianae

254 2443 407 2487 Epistolae
419 2445 593 2479 lectionem
606 2446 736 2484 Atticus
747 2446 930 2489 impetravit
943 2469 951 2477 .
979 2447 1137 2481 Notanda

256 2494 334 2527 sunt
359 2493 426 2535 eius
448 2493 543 2527 verba
568 2495 608 2527 ad
630 2495 757 2537 plenam
772 2496 963 2538 Synodum-:
993 2500 1136 2530 Dominus

254 2541 343 2582 noster
358 2567 367 2583 ‚
390 2542 582 2586 sanc‘h'ffimus
597 2546 689 2577 Pater
701 2568 711 2584 ‚
737 2546 771 2578 ὁ*
786 2544 1046 2589 ΑνεόἰνΕρὶῘεορω
1058 2550 1117 2580 Leo
1130 2573 1136 2579 .

252 2593 423 2627 Evincunt
453 2593 643 2627 Romanum
664 2589 865 2639 Episcopum
887 2595 948 2629 effe
971 2596 1064 2640 plena
1078 2598 1136 2641 Sy-

253 2641 344 2677 nodo
356 2643 551 2686 superiorem
563 2668 572 2675 .

301 2692 368 2727 Sub
387 2691 535 2727 Actionis
547 2693 647 2727 finem
660 2692 793 2737 quidam
805 2694 960 2738 Episcopi
971 2706 1029 2738 pro
1041 2695 1134 2740 lapfis

250 2743 287 2777 in
311 2740 477 2784 Ephefino
498 2743 671 2777 latrocinio
685 2745 854 2788 Episcopis
867 2770 877 2785 ,
904 2746 1070 2789 praesertim
1083 2747 1133 2790 Ju-

250 2792 355 2826 venali
378 2792 707 2837 Hierosolymitam),
731 2793 903 2829 Thalaffio
925 2795 1132 2836 Caesareenfi,

250 2841 392 2877 Eusebio
404 2842 586 2886 Ancyrano
598 2868 609 2884 ,
635 2843 754 2878 Basilio
769 2845 959 2879 Seleucienfi
974 2870 983 2885 ,
1011 2858 1047 2879 ac
1066 2845 1131 2880 Eu-

249 2892 345 2927 statio
370 2892 534 2936 Berytenfi
546 2917 557 2933 ,
583 2895 662 2937 quin
688 2895 721 2928 &
735 2906 795 2937 pro
806 2895 875 2938 ipso
889 2895 1052 2930 Dioscoro
1065 2908 1129 2939 pre·

249 2942 314 2976 cati
328 2942 402 2975 sunt
415 2943 541 2978 veniam
554 2966 564 2982 ,
589 2944 723 2987 quidam
736 2944 809 2977 illos
819 2946 858 2979 ad
870 2944 1013 2979 decretas
1026 2947 1041 2979 ὲ
1055 2947 1128 2991 glo-

216 3000 220 3005 ·
249 2992 339 3026 riofis
349 2991 511 3034 judicibus
522 3004 631 3037 poenas
641 2994 841 3037 postularunt
854 3017 864 3034 ‚
890 2995 1125 3030 exclamantes:

249 3045 309 3075 Pro
321 3043 464 3075 Patribus
470 3049 599 3084 petimus
613 3067 622 3082 ,
650 3046 758 3077 Patres
769 3047 874 3083 synodo
886 3047 1022 3079 reddite.
1052 3051 1127 3080 Con-

244 3091 400 3136 sentaneo-5
415 3097 505 3126 Leoni
515 3095 624 3132 synodo
639 3118 645 3124 .
672 3097 779 3128 Patres
799 3096 920 3133 Synodo.
954 3095 1043 3137 Eos,
1069 3097 1124 3139 qui

248 3142 470 3187 dogmaticam
490 3143 593 3177 Sancti
607 3143 727 3177 Leonis
740 3144 920 3188 Epistolam
934 3145 1127 3180 subscribere

247 3192 283 3226 ὅ(
296 3193 434 3235 profiteri
449 3194 580 3227 fuerunt
592 3195 714 3236 parati,
738 3194 902 3236 postulant
915 3196 1055 3238 relinqui
1068 3197 1126 3230 suo

249 3240 391 3281 honori,
415 3254 452 3276 ac
472 3255 540 3277 non
563 3243 843 3277 detrudiaSansta
855 3244 993 3287 Synodo
1006 3246 1038 3278 in
1059 3246 1126 3289 ssig-

250 3292 372 3336 gestom
384 3293 402 3325 a
413 3292 560 3336 gloriosis
569 3291 727 3334 judicibus
737 3292 983 3327 damnationem
995 3320 1001 3327 .
1032 3294 1074 3328 Et
1085 3295 1125 3328 11-

251 3340 401 3383 lyriciani
425 3343 576 3389 Episcopi
603 3341 795 3377 addiderunt
823 3357 830 3375 :

251 3402 336 3431 mus,
362 3398 489 3425 omnium
509 3392 700 3436 miseremini.
725 3397 795 3425 Has
816 3404 902 3425 voces
922 3393 1058 3426 catholico
1069 3399 1123 3426 Im-

249 3448 397 3482 peratori.
427 3444 558 3485 Eeclefiae
576 3441 756 3485 scinduntur
774 3467 781 3473 .
809 3441 977 3486 Dioscorum
1001 3445 1122 3481 synodo.

353 3490 457 3529 christ.
474 3497 552 3534 Lupi
564 3498 653 3534 Oper.
669 3497 789 3525 TomJI.
852 3504 856 3507 “

867 3349 977 3376 Omnes
991 3350 1124 3385 peccavi·
1175 3362 1177 3364 ·

1207 353 1297 387 fuisse
1309 352 1434 397 lapsum
1449 376 1460 392 ,
1486 352 1551 386 fine
1571 351 1750 389 schismatis
1761 356 1904 399 periculo
1914 369 1982 391 non
1995 359 2085 401 poffe

1205 403 1353 437 damnari
1364 427 1375 444 ,
1401 400 1542 446 ideoque
1562 413 1616 446 per
1633 401 1792 447 Principis
1803 406 2011 441 clementiam
2023 419 2083 451 pro

1206 453 1274 496 ipso
1295 452 1519 487 obtestantur.
1547 453 1595 486 At
1617 451 1762 486 Ecclefiae
1781 455 2084 500 Constantinopoli-

1204 513 1287 537 tanae
1311 502 1454 542 Clerici,
1481 502 1624 536 fidiffimi
1644 503 1760 536 Sancto
1782 505 1958 547 Flaviano,
1985 507 2084 541 inter-

1203 555 1273 588 ceff
1287 562 1360 587 runt
1376 564 1382 584 :
1409 555 1477 596 ,Qui
1497 557 1689 585 communicat
1700 551 1830 595 Dioscoro
1845 579 1855 594 ‚
1874 559 2011 600 Judaeus
2024 557 2079 597 est.

1204 603 1246 636 Et
1259 566 1413 646 {piscopi
1426 603 1613 638 Orientales
1624 617 1636 636 .·
1660 605 1836 646 AEgyptium
1847 607 1932 637 exilio
1944 631 1955 646 ‚
1980 611 2082 640 Haere·

1201 657 1291 685 ticum
1311 654 1414 686 exilio.
1443 651 1500 686 Ad
1522 664 1592 695 quae
1603 652 1972 697 gloriofiffimijudices:
1999 659 2080 699 ,ραι

1200 703 1374 736 interlocuta
1392 701 1465 745 sunt
1478 727 1488 742 ‚
1516 702 1633 742 effec‘Ius
1656 709 1861 744 mancipentur
1883 727 1891 734 .
1917 704 1994 737 Hoc
2014 706 2058 738 est
2071 729 2081 744 ,

1202 753 1241 786 de
1265 753 1429 786 Dioscoro
1449 754 1482 785 ὃς
1496 752 1588 795 lapfis
1605 763 1679 786 cum
1691 752 1750 787 illo
1763 752 1933 797 Episcopis
1943 753 2016 787 data
2027 765 2081 796 pet

1202 814 1264 836 nos
1283 802 1443 836 sententia
1462 802 1650 836 executioni
1673 803 1843 838 mandetur
1865 827 1872 834 .
1911 802 1955 836 Et
1975 802 2081 838 statim

1202 853 1374 886 Domnino
1396 851 1430 884 &
1452 851 1619 894 Cyriaco,
1645 852 1794 886 Ecclefiae
1804 853 2083 896 Constantinopo-

1201 902 1307 936 litanae
1344 901 1505 935 Diaconis
1531 925 1542 941 ‚
1579 901 1816 945 Episcoporum
1840 903 1881 937 ad
1909 900 2081 945 Synodum

1200 951 1470 986 convocatoribus
1481 975 1491 991 ,
1517 950 1562 985 est
1574 951 1756 994 injunctum
1769 977 1779 992 ‚
1796 962 1832 987 ut
1843 952 1882 987 ad
1895 953 2080 994 proximam

1203 1001 1375 1035 Aciionem
1398 1002 1500 1036 etiam
1518 1012 1595 1036 cum
1618 1002 1690 1036 aliis
1701 1002 2082 1047 EpiscopisDioscomm

1202 1062 1397 1086 invitarentr

1383 1333 1716 1382 ACTIO
1784 1337 1886 1381 III.

1306 1498 1334 1533 B
1357 1498 1500 1535 Actione
1511 1503 1625 1543 tertia,
1652 1503 1785 1537 exclusis
1805 1502 1952 1547 gloriosis
1970 1502 2087 1546 judici-

1322 1550 1380 1583 bus
1394 1551 1472 1584 sa&a
1494 1554 1590 1586 terrio
1602 1553 1672 1586 idus
1684 1553 1840 1587 Ostobres
1851 1577 1861 1591 ‚
1890 1552 2009 1586 AEtius
2022 1554 2088 1587 Ec-

1203 1601 1301 1635 clefiae
1323 1600 1697 1645 Constantinopolitanae
1711 1600 1998 1637 Archi-Diaconus
2013 1627 2023 1643 ,
2048 1603 2085 1636 &

1205 1651 1418 1686 Notariorum
1433 1650 1703 1686 patriarchalium
1717 1652 1945 1692 primicerius,
1973 1653 2086 1697 exegit

1205 1702 1239 1734 in
1262 1702 1491 1735 executionem
1514 1703 1600 1736 mitti
1621 1702 1683 1745 jam
1704 1703 1823 1736 dietam
1836 1703 1979 1745 ipsorum
1993 1703 2088 1735 inter-

1204 1751 1426 1791 locutionem„
1439 1751 1554 1785 discuti
1568 1754 1696 1786 causam
1709 1753 1863 1786 Dioscori
1878 1775 1889 1792 ,
1915 1752 2088 1786 &libellos

1205 1799 1352 1835 adversus
1373 1796 1468 1835 illum
1491 1800 1658 1836 exhibitos
1680 1802 1721 1836 ab
1742 1801 1887 1836 Eusebio
1921 1801 2088 1846 Episcopo

1205 1851 1352 1894 Dorylaei
1366 1875 1373 1883 .
1402 1850 1456 1884 Ad
1474 1863 1543 1895 quae
1556 1852 1690 1886 Saucius
1703 1851 1915 1885 Paschasinus
1930 1876 1940 1891 ‚
1966 1852 2090 1886 Roma-

1205 1913 1253 1934 nae
1275 1900 1423 1934 Ecclefiae
1435 1900 1587 1936 Vicarius
1598 1903 1632 1938 δι
1653 1902 1816 1945 Legatus:
1846 1906 1962 1934 Notum
1974 1902 2011 1942 est
2023 1902 2090 1935 huie

1205 1954 1267 1983 Deo
1288 1950 1411 1982 amabili
1434 1952 1562 1983 Concilio
1575 1975 1585 1990 ,
1611 1953 1645 1984 <9⁴
1665 1953 1710 1984 ad
1732 1952 1847 1984 beatum
1860 1976 1870 1989 ,
1898 1953 1932 1985 (θ’
1954 1951 2088 1993 Apostoli-

1202 2012 1267 2034 cum
1279 2025 1290 2040 ‚
1318 2002 1351 2034 Θ·
1370 1999 1541 2033 catholicum
1563 2003 1682 2042 Papam
1703 2005 1828 2035 Leonem
1835 2000 1937 2044 sacras
1949 2002 2000 2044 effe
2009 2003 2087 2034 litte-

1203 2063 1256 2082 ras
1266 2049 1430 2090 destinatas
1442 2073 1452 2088 ‚
1478 2052 1623 2092 quatenns
1635 2050 1702 2083 huic
1707 2050 1817 2093 sandio-
1825 2053 1953 2084 Concilio
1966 2050 2089 2093 seprae·

1200 2098 1323 2142 sentare
1341 2101 1535 2143 dignaretur.
1562 2101 1623 2132 sed
1640 2107 1779 2142 quoniam
1791 2112 1883 2142 neque
1896 2107 2021 2142 antiqua
2033 2101 2086 2134 hoc

1203 2154 1298 2183 tenuit
1322 2148 1514 2192 consuetudo,
1540 2160 1632 2190 neque
1637 2151 1786 2193 generalis
1797 2159 1957 2191 temporum
1980 2152 2086 2191 necesst-

1202 2207 1250 2231 tas
1274 2205 1446 2240 permittere
1465 2200 1626 2232 videbatur
1639 2223 1648 2238 ,
1676 2200 1802 2239 nostram
1816 2203 2005 2233 Parvitatem
2018 2201 2087 2233 huin·

1197 2247 1301 2292 sancio
1322 2252 1448 2281 Concilio
1466 2257 1522 2290 pro
1539 2248 1570 2293 se
1587 2249 1743 2291 praefidere
1758 2255 1904 2295 praecepit
1924 2262 1930 2281 :
1959 2252 2083 2292 Ideoque

1202 2299 1383 2342 neceffarium
1401 2298 1439 2339 est
1459 2298 1523 2331 baec
1541 2322 1551 2338 ‚
1576 2311 1642 2340 quae
1661 2305 1693 2332 in
1715 2302 1844 2332 medium
1862 2300 2083 2342 proferuntur,

1197 2357 1253 2390 per
1275 2348 1401 2388 nostram
1426 2350 1672 2382 interlocutionem
1683 2350 1862 2392 disceptari.
1891 2353 2017 2391 Propter
2032 2349 2082 2383 boc

1201 2405 1288 2443 igitur
1304 2399 1460 2440 porrecqus
1484 2399 1598 2432 libellus
1611 2401 1630 2431 ἃ
1641 2399 1829 2443 religifffflmo
1833 2399 1934 2441 fratre
1947 2400 2081 2439 nostro&

1201 2447 1397 2490 CaEpfiopo
1409 2447 1536 2491 Eusebio
1545 2447 1692 2492 susceptus
1705 2456 1842 2483 recitetur
1853 2474 1860 2482 .
1888 2449 2018 2497 Qbus
2039 2462 2080 2484 ex

1200 2497 1303 2532 verbis
1326 2497 1485 2532 habemus
1502 2510 1642 2542 quatuor
1666 2527 1674 2531 .
1701 2499 1815 2533 Primo
1837 2524 1848 2539 ,
1886 2501 2079 2535 Romanum

1199 2548 1397 2591 Episcopum
1408 2547 1490 2582 reste
1511 2549 1618 2582 vocari
1635 2548 1855 2587 catholicum,
1880 2550 1931 2583 seu
1954 2550 2080 2589 univer-

1197 2599 1295 2632 salem
1314 2623 1320 2629 .
1343 2597 1492 2632 Secundo
1506 2623 1516 2638 ,
1534 2598 1693 2642 generalis
1705 2598 1830 2640 Synodi
1843 2599 2081 2642 praefidentiam

1196 2648 1250 2692 ipfi
1264 2649 1322 2681 soli
1338 2647 1492 2690 privative
1505 2659 1702 2691 competere.
1729 2648 1848 2682 Tertio
1860 2672 1872 2688 ,
1900 2649 1987 2691 quod
2005 2661 2077 2683 non

1196 2709 1250 2741 pet
1272 2698 1498 2739 semetipsum,
1526 2699 1578 2731 sed
1594 2709 1649 2740 per
1671 2698 1813 2742 Legatos
1826 2698 1926 2732 soleat
1937 2699 2078 2741 praefide-

1194 2759 1245 2781 re.
1275 2747 1365 2780 Nam
1390 2748 1422 2781 &
1435 2747 1841 2782 Arelatenfi&Sardicensi
1855 2747 1939 2783 intra
1954 2749 2078 2782 Roma-

1194 2808 1271 2830 num
1296 2795 1558 2831 patriarchatum
1577 2796 1719 2840 Synodis
1743 2798 1901 2841 Sylvesser
1920 2810 1958 2832 ac
1971 2798 2079 2841 Julius

1192 2846 1344 2880 Pontifex
1358 2847 1567 2889 personaliter
1586 2848 1690 2882 adesse
1705 2847 1879 2882 noluerunt
1891 2873 1898 2880 .
1925 2847 2076 2896 Qattti,

1191 2897 1280 2940 quod
1301 2897 1459 2941 omnium
1476 2897 1675 2939 synodaliter
1685 2897 1920 2932 trastandorum
1934 2899 2074 2941 proposi-

1191 2948 1239 2981 tio
1259 2948 1374 2990 spestet
1395 2946 1434 2981 ad
1453 2947 1583 2982 cosdem
1609 2949 1771 2992 Legatos.
1799 2947 1901 2982 Porro
1914 2947 2074 2982 Paschafi-

1189 3009 1249 3031 nus
1271 2997 1334 3031 fuit
1357 2996 1423 3031 haec
1443 2999 1588 3040 praefatus
1611 2996 1757 3031 adversus
1782 2997 2074 3034 notuinsolentias

1187 3048 1251 3090 jam
1274 3046 1438 3090 judicandi
1462 3047 1637 3087 Dioscori,
1663 3059 1705 3082 ex
1726 3046 1818 3090 cujus
1839 3048 1994 3092 suggestu
2007 3048 2071 3080 Eu·

1188 3096 1303 3140 tyches
1326 3096 1497 3130 Romanos
1518 3096 1662 3142 Legatos
1680 3098 1867 3142 suspestarat
1881 3098 1916 3131 in
1943 3095 2072 3140 Ephesi-

1190 3159 1234 3180 no
1248 3146 1425 3181 latrocinio
1436 3169 1446 3186 ,
1473 3157 1569 3190 atque
1581 3147 1627 3180 ita
1639 3147 1657 3180 a
1678 3146 1819 3181 praesidis
1830 3146 1952 3181 throno
1964 3145 2071 3180 detru-

1188 3199 1294 3230 serat:
1328 3195 1499 3238 Ejusmodi
1525 3207 1628 3240 nugas
1653 3208 1756 3242 neque
1783 3196 1849 3239 jam
1876 3198 1910 3230 in
1937 3195 2069 3241 agendo

1189 3245 1340 3279 Dioscori
1366 3244 1511 3288 judicio,
1539 3258 1640 3290 neque
1662 3247 1696 3280 in
1719 3249 1838 3291 quovis
1850 3245 2002 3291 deinceps
2014 3257 2069 3282 au,

1188 3295 1321 3330 diendas
1333 3294 1538 3330 paschasinus
1550 3297 1740 3340 protestatur
1753 3321 1760 3327 -

1236 3345 1367 3378 Eusebii
1381 3357 1434 3388 per
1445 3346 1612 3380 laudatum
1627 3347 1760 3380 AEtium
1775 3345 1927 3381 recitatus
1938 3345 2068 3380 libellus

1189 3395 1282 3429 verba
1309 3395 1450 3429 faciebat
1475 3407 1534 3439 pro
1561 3397 1630 3439 ipso
1658 3394 1799 3430 Eusebio
1826 3419 1836 3437 ,
1864 3407 1923 3440 pro
1949 3396 2067 3431 Sansto

1188 3446 1334 3488 Martyre
1354 3444 1517 3482 Flaviano
1532 3470 1543 3487 ‚
1569 3447 1604 3480 ἀ
1626 3457 1682 3487 pto
1705 3444 1867 3484 catholica
1890 3444 1956 3481 fide
1975 3470 1986 3485 ,
2013 3444 2070 3486 hay

1601 3493 1632 3528 K
1659 3495 1682 3530 k
1908 3495 2019 3535 bebat-
