2340 3736
361 114 458 150 260

297 189 412 222 babens
423 187 499 232 leges
518 189 740 229 praevarieari,
767 176 847 219 nibil
864 182 1021 218 arbitrans
1045 182 1124 226 quod
1143 182 1181 214 ab

299 237 359 282 ipso
370 244 402 270 in
415 235 531 281 sanHae
553 240 699 269 memoriae
718 236 906 269 Flavianum
925 233 963 274 est
985 231 1158 275 emmissum
1170 256 1180 273 ,

294 284 418 332 'insuper
426 289 471 322 ad
486 288 568 321 mala
578 288 694 326 majora
699 282 733 329 se
753 291 864 320 vertit.
893 287 1181 318 Excommunicatio·

299 351 368 373 nem
378 350 506 380 namque
521 337 638 380 faciens
657 345 760 373 contra
774 334 983 379 fimenfflmum
1005 343 1039 366 ac
1062 332 1182 371 beatff-

299 401 382 424 mum
393 389 554 431 apostolica·
581 387 667 423 Sedis
691 397 819 430 ,magnae
839 388 942 419 Romae
981 379 1182 424 Epffcopum,

295 438 388 485 suafit
391 437 571 483 subscribere
581 442 644 477 eis,
671 441 794 480 quicum
810 432 872 477 ipso
883 434 920 466 de
943 431 1077 478 AEgypto
1102 438 1182 467 exie-

301 498 387 531 runt,
407 487 590 532 sanllifflmt‘s
601 487 757 532 Episcopis
772 487 844 527 plus
865 482 962 517 mimis
989 492 1109 516 numero
1133 482 1184 516 de·

300 551 362 574 cem
376 543 388 578 (
402 549 496 583 neque
514 544 594 573 enim
615 538 720 580 plures
741 534 806 577 aust
816 533 891 578 sunt
910 539 993 567 exire
1014 542 1078 565 cum
1099 530 1182 576 ipso,

296 597 421 633 propter
433 601 469 624 ea
480 601 547 634 quae
558 589 597 623 ab
609 586 670 631 ipfh
680 593 712 620 in
724 582 840 630 Ephesia
851 590 951 618 contra
972 583 1046 627 leges
1055 581 1184 624 peraeta

295 638 395 686 sunt)
421 640 576 682 aliquoties
586 642 786 676 comminans,
811 635 965 678 aliquoties
987 634 1116 668 nolentes
1128 633 1180 665 de-

299 695 413 732 cipiens
430 715 437 723 .
461 691 546 723 Unde
556 690 743 723 lacrimantes
755 694 846 728 atque
862 691 1016 729 gementes
1037 681 1181 724 nefandae

299 741 345 774 illi
354 739 469 774 chartae
475 735 708 783 subscripserunt
718 760 727 769 .
753 735 835 783 Qo
846 735 924 769 fuco
935 731 1182 769 audaciffimum

300 801 340 823 ac
361 789 563 833 desperatum
585 787 712 822 facinus
733 783 962 829 praesumpserit
981 783 1182 823 Dioscorus,

300 841 359 876 suo
372 839 447 874 loco
468 837 514 873 est
536 836 677 881 dietum.
703 834 830 871 Omnia
850 834 919 869 haec
942 832 1124 874 vindicari,
1149 832 1183 868 &

298 888 412 936 'gradui
426 888 483 923 suo
495 889 525 921 se
535 886 660 923 restitui
673 885 865 931 supplicavit
877 882 1078 921 Theodorus
1092 907 1103 924 ,
1123 882 1182 918 sibi

299 940 357 983 ipsi
384 938 425 972 ad
447 936 580 982 plenam
604 936 805 981 fingulorum
825 933 1054 979 probationem
1081 932 1185 968 adesse

298 987 410 1024 denuo
420 987 584 1032 spondens
593 1011 605 1028 ,
633 998 687 1031 per
698 986 793 1021 testes
803 985 898 1021 omni
909 985 1105 1029 exceptione
1117 995 1184 1018 ma-

297 1038 403 1085 jores,
428 1039 530 1073 etiam
542 1049 597 1081 per
608 1035 837 1082 Agorastum,
862 1034 1096 1075 Dorotheum,
1123 1034 1186 1070 Eu-

294 1089 446 1129 sebium,
472 1100 510 1122 ac
524 1087 707 1133 Joannem,
733 1086 890 1122 Dioscori
917 1086 1041 1121 amicos
1067 1086 1102 1119 <Sc
1125 1084 1180 1118 do*

296 1138 467 1180 mesticos,
494 1149 578 1182 quos
589 1135 726 1182 proinde
737 1136 898 1182 flagitavit
914 1134 973 1180 sub
993 1134 1122 1176 custodia
1133 1134 1186 1177 fie-

293 1195 325 1224 ri
338 1213 349 1230 ,
376 1190 526 1232 quatenus
537 1200 605 1231 quae
616 1193 742 1223 veritati
747 1185 821 1231 fiant
843 1186 1031 1226 ‹stendantur
1041 1210 1048 1220 .

344 1237 477 1274 Exinde
486 1238 527 1274 ad
540 1238 704 1275 Bonifacii
715 1238 862 1273 Romani
872 1235 1056 1282 Presbyteri
1078 1247 1117 1271 ac
1128 1235 1186 1271 Le-

295 1289 366 1336 gati
380 1289 674 1325 interlocutionem
687 1289 787 1324 lestus
806 1288 852 1323 est
875 1286 1004 1323 libellus
1024 1285 1186 1329 ischyrio-

297 1341 350 1374 nis
364 1339 511 1375 Diaconi
525 1364 536 1380 ,
559 1338 686 1376 habens
697 1340 775 1375 item
787 1338 880 1383 plura
898 1338 1006 1382 capita
1016 1362 1024 1372 .
1051 1335 1164 1375 Primo
1175 1359 1186 1376 ‚

295 1389 367 1433 agit
385 1390 462 1425 Deo
489 1390 630 1436 gratias,
654 1389 745 1434 quod
773 1388 947 1433 tyrannica
963 1386 1186 1425 crudelitatis,

298 1439 610 1482 circumventionis,
636 1440 670 1476 &
683 1439 822 1474 avaritiae
843 1438 902 1475 sub
923 1438 1090 1473 Dioscoro
1110 1446 1186 1471 tem-

298 1500 377 1533 pora
389 1490 567 1524 transierint
581 1514 591 1529 ,
615 1490 648 1525 &
668 1488 817 1524 humano
841 1488 952 1533 generi
970 1485 1104 1522 tandem
1131 1486 1187 1520 ali·

292 1538 427 1583 quando
436 1539 581 1576 illuxerit
594 1539 726 1574 libertas
746 1537 986 1582 querimoniam
998 1538 1089 1572 suam
1109 1546 1185 1570 cum

293 1588 520 1625 nanciscendae
539 1588 670 1632 justitiae
693 1590 747 1633 spe
767 1587 854 1631 apud
877 1597 986 1622 veram
1010 1586 1183 1629 Synodum

291 1637 504 1683 deponendi.
543 1637 721 1680 Secundo,
747 1638 949 1674 Dioscorum
969 1637 1070 1672 etiam
1093 1647 1186 1670 accu-

292 1690 341 1724 sat
352 1689 394 1724 de
422 1686 529 1723 haerefi
544 1688 788 1735 Origenistica,
813 1687 952 1723 evomiti
974 1687 1010 1722 in
1033 1687 1184 1722 Sanctam

292 1738 501 1775 Trinitatem
509 1738 717 1784 blasphemiis
730 1762 741 1778 ,
767 1734 897 1773 vastatis
907 1737 1023 1772 alienis
1034 1735 1159 1782 praediis
1174 1759 1184 1776 ,

291 1788 609 1831 excifisarboribus‚
634 1788 790 1825 domibus
810 1788 1003 1828 destructis,
1030 1785 1182 1831 irrogatis

291 1838 423 1879 exiliis,
459 1839 766 1883 deportationibus,
798 1838 900 1875 -variis
925 1836 1181 1874 calamitatibus:

290 1889 376 1937 Qae
387 1889 499 1924 omnia
510 1901 550 1925 ex
566 1889 706 1933 publicis
718 1888 865 1933 judicum
887 1888 999 1925 Gestis
1015 1887 1061 1922 ait
1083 1886 1181 1930 lique-

288 1951 345 1973 re.
372 1937 514 1978 Tertio,
540 1940 669 1975 accusat
694 1940 912 1981 Dioscorum,
933 1936 1028 1981 quod
1047 1936 1183 1978 frumen-

291 1997 356 2023 tum
367 1990 388 2020 ἃ
401 1990 535 2030 piiffimis
557 1989 661 2029 nostris
674 1988 907 2031 Imperator-ibus
930 1985 1062 2030 Ecclefiis
1083 1986 1183 2024 Lybiae

289 2046 412 2082 propter
424 2039 599 2074 ariditatem
608 2040 689 2074 illius
701 2042 872 2074 Provincia»
884 2063 895 2080 ,
922 2039 957 2073 Θ
978 2042 1049 2079 quia
1068 2035 1111 2069 ibt
1131 2042 1182 2069 tri-

291 2093 386 2122 ticum
395 2090 514 2122 omnino
529 2100 588 2123 non
601 2087 734 2133 nastritur
745 2110 756 2128 ,
777 2085 1042 2131 praestarisolitum
1055 2110 1066 2125 ,
1087 2090 1182 2129 inpri-

295 2141 355 2171 mis
372 2139 493 2180 quidem
502 2147 536 2171 ut
546 2144 702 2173 incruenta
713 2149 752 2172 ex
771 2136 832 2181 ipso
842 2137 936 2178 hostia
947 2136 1086 2178 offeratur
1097 2160 1108 2176 ,
1135 2136 1183 2170 de-

293 2188 368 2221 inde
379 2197 413 2221 ut
423 2188 458 2221 (θ’
465 2194 627 2233 peregrim,
638 2200 688 2223 nec
697 2200 756 2222 non
776 2190 812 2223 Θ
825 2186 1028 2222 Provinciaeles
1034 2193 1182 2229 pauperes

296 2238 422 2279 aliquod
432 2248 605 2272 mereantur
611 2237 770 2281 fhlatium,
796 2250 854 2272 non
870 2235 1043 2280 permiserit
1054 2234 1182 2280 suscipe-

295 2286 525 2330 resanlliffimos
537 2292 566 2321 E
564 2287 696 2333 piscopos
709 2289 795 2323 illius
810 2290 981 2322 Provinciae
992 2311 1003 2327 ,
1023 2284 1082 2329 sed
1102 2287 1182 2319 adae-

298 2342 397 2377 rai-it,
424 2339 459 2371 Θ
476 2345 608 2373 coemerit
618 2348 808 2373 memoratum
820 2337 1010 2380 frumentum
1018 2336 1181 2380 largiffimis

292 2391 428 2432 pecuniis
440 2411 450 2426 ‚
477 2386 573 2432 ipsum
596 2392 667 2422 vero
687 2395 720 2423 in
739 2394 868 2430 tempore
881 2387 983 2430 famis
1000 2386 1181 2431 graviffrmis

301 2436 541 2477 aestimationibus
560 2440 789 2472 venumdederit
800 2463 807 2470 .
835 2442 881 2470 Et
890 2449 927 2471 ex
938 2436 989 2470 hoc
997 2448 1090 2480 neque
1097 2439 1182 2469 terri-

298 2487 597 2521 bile&incruentum
608 2486 784 2531 sacrificium
806 2487 985 2521 celebratum
1005 2486 1063 2527 est,
1090 2496 1183 2527 neque

294 2541 446 2580 peregrini
472 2546 527 2571 aut
548 2539 755 2572 Provinciaeles
775 2537 827 2570 hoc
858 2536 963 2580 solutio
978 2535 1074 2578 fruiti
1088 2534 1181 2579 sunt.

298 2586 518 2630 Eleemosyna
529 2586 589 2622 ista
600 2587 646 2621 est
661 2587 875 2622 Constantini
886 2585 1098 2630 Magniopus
1109 2609 1120 2625 ‚
1141 2584 1183 2619 de

297 2637 389 2680 cujus
412 2637 523 2680 rapina
549 2637 651 2672 etiam
677 2638 833 2672 Sanctum
853 2635 1071 2672 Athanasium
1097 2634 1182 2678 apud

298 2686 536 2721 Constantium
562 2685 752 2732 Augustum
778 2687 978 2721 calumniata
1008 2684 1056 2719 est
1085 2684 1184 2719 faetio

299 2736 484 2771 Eusebiana
496 2762 503 2769 .
530 2736 658 2783 Qarto
670 2760 681 2776 ,
704 2736 834 2771 libellus
844 2737 970 2771 accusat
981 2731 1184 2769 Dioscoruin

298 2789 340 2820 de
350 2797 438 2831 rapta
453 2786 628 2822 Peristeriae
637 2786 814 2821 clariffimae
825 2787 959 2820 faeminae
981 2783 1183 2819 haereditate.

299 2837 360 2871 llla
372 2848 512 2879 namque
520 2845 578 2879 pro
599 2840 710 2870 animae
724 2835 790 2879 suae
810 2838 963 2880 refrigerio
985 2835 1186 2870 testamentum

301 2888 428 2920 condens
438 2911 450 2927 ‚
458 2888 541 2929 J'uffit
552 2890 681 2920 multam
695 2892 896 2929 quantitatem
906 2891 1101 2928 pecuniarum
1107 2892 1187 2927 prae·

296 2935 374 2976 stari
384 2936 563 2977 monasteriis
575 2961 586 2978 ,
614 2947 664 2970 nec
677 2948 735 2969 non
749 2941 840 2970 etiam
862 2935 1058 2969 Xenodocbiis
1081 2937 1188 2976 &pto-

304 2984 379 3019 cbi1's
394 3010 405 3025 ,
431 2988 465 3020 so·
484 2989 552 3020 aliis
571 2987 753 3029 pauperibus
776 2985 968 3030 AEgyptiacae
998 2987 1186 3018 Provinciae.

306 3036 401 3079 ,Quod
412 3035 631 3077 molesteserens
641 3037 893 3077 reverendiffimus
908 3033 1062 3078 Dioscorus
1076 3058 1087 3074 ,
1112 3034 1146 3066 ob
1156 3035 1192 3066 id

305 3085 387 3129 quod
394 3089 426 3117 in
432 3084 558 3126 persiana
569 3089 632 3128 ejus
654 3087 718 3121 haec
739 3087 862 3119 minime
876 3084 936 3127 fint
955 3083 1092 3128 dimzffa‚
1111 3083 1189 3126 fecit

307 3132 424 3178 easdem
430 3142 569 3176 pecunias
590 3145 645 3178 pro
668 3135 841 3180 eleemosina
861 3134 1031 3175 Thymelicis
1057 3135 1092 3168 (θ’
1118 3135 1188 3167 alils

308 3185 472 3217 Theatricis
483 3182 633 3227 dispertiri
643 3186 776 3230 personis
789 3212 799 3227 ,
825 3194 861 3219 ut
872 3197 963 3228 neque
983 3182 1130 3227 incensum
1151 3195 1188 3218 ex

308 3236 450 3267 oblatione
460 3235 540 3267 illius
551 3234 722 3277 clarissimae
732 3242 876 3269 memoriae
891 3235 1052 3276 Peristeriae
1063 3259 1073 3275 ,
1098 3245 1192 3277 quan·

311 3294 373 3316 tum
395 3286 441 3317 ad
457 3295 521 3320 eum
541 3290 711 3326 pertinuit,
738 3289 798 3318 Deo
833 3285 984 3326 offerretur
998 3310 1005 3318 .
1035 3283 1190 3331 Qinto,

311 3333 402 3376 quod
427 3345 502 3367 cum
539 3332 713 3378 impudicis
740 3334 951 3375 mulieribus,
987 3333 1191 3368 famosissima

312 3383 482 3426 praesertim
496 3383 677 3429 pansophia
688 3409 698 3424 ,
729 3385 911 3428 frequenter
922 3384 957 3417 in
970 3384 1146 3428 Episcopio
1157 3385 1190 3418 &

312 3432 437 3467 balneis
448 3433 618 3470 deliciatus
631 3434 738 3471 fuisset
757 3434 935 3470 Dioscorus
944 3459 956 3478 ,
983 3434 1069 3470 unde
1081 3434 1191 3471 omniS

1006 102 1466 148 APPENDIX

1250 183 1388 226 populus
1399 182 1633 219 scandalizatus
1654 184 1887 230 composuiffe't
1909 186 2003 224 faedas
2025 194 2127 228 canti-

1247 231 1356 271 lenas,
1375 233 1417 267 &
1441 243 1496 276 per
1530 235 1674 278 compita
1710 238 1897 274 cecinisset.
1925 239 2130 281 Taleenim

1247 280 1469 317 Alexandrini
1495 284 1607 325 populi
1633 285 1725 320 fuisse
1745 288 1916 333 ingenium
1937 290 2072 325 testatur
2094 291 2129 326 in

1247 332 1314 366 vita
1325 332 1492 375 Saturnini
1515 332 1671 375 Tyranni
1689 332 1821 372 Flavius
1844 338 2027 383 Vopiscus.
2052 341 2131 375 Sex·

1245 379 1302 423 to,
1329 382 1375 416 ait
1400 382 1500 417 etiam
1527 380 1710 417 homicidia
1735 396 1790 428 per
1814 387 2012 426 admirabilis
2037 391 2129 425 istius

1245 433 1401 468 Doaoris
1428 432 1631 467 occasionem
1657 442 1802 478 patrata.
1828 439 1997 482 Septim),
2023 440 2129 485 queri-

1244 492 1297 517 tur
1307 482 1476 528 ischyrion
1489 483 1552 517 sese
1573 483 1684 518 abillo
1700 483 1741 517 ad
1765 484 1993 532 Episcopatum
2017 492 2132 526 nescio-

1243 543 1307 577 qua
1319 535 1371 567 via
1394 542 1548 577 promoto
1558 533 1651 568 fuisse
1673 545 1753 568 mox
1773 533 2002 581 degradatum,
2027 542 2129 575 incar<

1244 593 1407 622 ceratum,
1431 592 1568 619 exutum
1594 585 1690 619 omni
1727 586 1937 629 poffeffione,
1963 589 2127 627 redactum

1244 633 1284 669 ad
1302 641 1524 677 paupertatem
1538 642 1719 669 extremam
1731 660 1742 676 ,
1769 636 1878 671 occidi
1890 637 2028 679 justum,
2048 651 2129 684 quae-

1244 684 1340 718 situm
1354 683 1466 726 saepiits
1485 683 1525 718 ad
1536 695 1698 728 mortem;
1725 697 1786 720 nec
1797 686 1861 721 alia
1873 685 1914 721 de
1929 688 2020 722 causa
2035 712 2046 728 ,
2073 690 2130 727 nisi

1243 733 1332 778 quod
1343 734 1460 768 Sancto
1471 733 1599 780 Cyrillo
1609 735 1719 772 fuisset
1739 737 1885 778 amicus,
1910 737 2009 772 acilii
2022 739 2058 773 in
2079 750 2132 774 va-

1244 784 1299 818 riis
1310 784 1350 819 ad
1364 784 1504 829 Regiam
1528 785 1695 820 civitatem
1710 811 1721 827 ,
1746 787 1881 829 aliisque
1902 799 1957 832 per
1982 799 2071 822 snare
2097 789 2135 824 δι’

1244 844 1362 869 terram
1374 834 1483 880 longis
1494 835 1528 869 δε
1538 834 1726 872 difficilibus
1742 837 1914 872 itineribus
1934 847 2031 882 atque
2047 838 2132 885 lega-

1245 884 1411 925 tionibus,
1437 884 1583 929 equibus
1594 886 1718 921 senium
1739 889 1937 923 contraxerit
1963 898 2038 923 ante
2060 899 2134 923 aeta-

1243 945 1310 971 tem
1326 960 1335 974 ,
1361 934 1498 970 fideliter
1524 935 1695 971 serviiffet‚
1732 937 1815 972 Haec
1837 939 1950 973 omnia
1975 939 2132 985 legitimis

1245 985 1380 1021 testibus
1390 984 1557 1028 probanda
1568 986 1711 1030 promisit
1726 1011 1737 1027 ,
1762 999 1882 1032 rogans
1893 990 1926 1023 in
1939 989 2004 1024 fida
2025 989 2132 1023 custo-

1243 1036 1297 1070 dia
1307 1037 1408 1071 teneri
1429 1035 1662 1078 Dorotheum,
1689 1037 1901 1079 Diodonem,
1930 1038 2133 1080 Eusebium,

1246 1086 1530 1130 Apocrationem,
1557 1085 1710 1128 Petrum,
1737 1087 1902 1131 Gajanum
1925 1089 2130 1132 Episcopalis

1246 1136 1353 1171 balnei
1367 1135 1626 1177 Mediastinum‚
1651 1138 1804 1172 omniurn
1826 1140 1978 1172 conscios
1998 1150 2041 1173 ex
2064 1149 2137 1182 pro·

1248 1188 1391 1232 priorum
1406 1186 1580 1222 oculorum
1599 1188 1718 1222 notitia
1731 1213 1743 1232 ‚
1769 1188 1990 1233 Dioscorique
2010 1189 2135 1226 amicos

1247 1248 1344 1281 atque
1357 1237 1533 1273 familiares
1543 1262 1550 1271 .

1295 1286 1495 1325 Athanasius
1520 1287 1673 1324 Ecclefiae
1703 1288 1935 1324 Alexandrinae
1961 1287 2135 1332 Presbyter
2190 1280 2196 1284 ”

1247 1347 1314 1373 erat
1336 1338 1442 1372 Sancti
1456 1337 1576 1381 Cyrilli
1599 1349 1642 1372 ex
1663 1339 1784 1373 lfidora
1804 1340 1912 1374 sorore
1933 1350 2055 1383 nepos,
2081 1338 2137 1373 ha-

1248 1389 1328 1423 bens
1338 1389 1467 1422 fratrem
1478 1398 1672 1433 germanum
1693 1387 1835 1424 Paulum
1854 1388 1890 1423 δε
1914 1388 2074 1433 quosdam
2095 1398 2137 1422 ex

1249 1438 1308 1472 illo
1321 1447 1454 1481 nepotes
1463 1462 1474 1478 ,
1488 1449 1548 1472 nec
1560 1449 1628 1472 non
1639 1439 1672 1474 &
1684 1448 1901 1475 materterrarn
1914 1463 1925 1479 ,
1952 1437 2135 1483 insignibus

1249 1487 1457 1532 proventibus
1476 1488 1495 1522 a
1519 1488 1638 1523 saneto
1658 1488 1788 1532 Cyrillo
1811 1489 1952 1524 ditatos.
1980 1489 2076 1524 Hinc
2102 1489 2138 1524 &

1249 1538 1364 1572 illosin
1378 1539 1426 1573 sui
1438 1537 1653 1583 Episcopatus
1671 1537 1806 1573 exordio
1818 1539 1998 1574 Dioscorus
2018 1538 2065 1574 est
2078 1537 2137 1572 du-

1246 1587 1364 1623 rissime
1380 1587 1544 1632 adgressus
1555 1596 1576 1620 .·
1604 1588 1708 1623 Exuit
1732 1588 1888 1624 omnibus
1904 1588 2115 1625 facultatibus
2126 1611 2138 1627 ,

1247 1636 1326 1673 urbe
1349 1636 1466 1680 ejecit,
1492 1637 1638 1680 ipsorum
1654 1637 1774 1673 domos
1787 1639 1883 1673 vertit
1895 1638 1930 1672 in
1947 1637 2115 1673 -Ecclesias
2126 1661 2137 1678 ‚

1245 1687 1399 1723 omnium
1424 1685 1653 1722 Palatinorum
1664 1699 1757 1722 aures
1769 1687 2063 1732 Constantinopoli
2082 1685 2138 1722 ad·

1247 1737 1376 1773 versum
1389 1737 1478 1781 ipsos
1491 1738 1644 1780 praevenit
1655 1738 1688 1773 ὃ(
1700 1737 1813 1772 clausit
1824 1762 1835 1778 ,
1862 1738 1908 1772 ita
1921 1738 2024 1774 totius
2043 1747 2138 1773 mun-

1244 1787 1277 1822 di
1291 1797 1436 1823 extorres
1447 1787 1547 1828 fecit,
1573 1788 1751 1832 coegitque
1771 1787 1812 1821 ad
1826 1788 1989 1831 publicam
2013 1788 2138 1822 mendi·

1244 1839 1378 1873 citatem
1394 1862 1402 1870 .
1440 1835 1656 1870 Athanasium
1692 1838 1822 1880 insuper
1856 1836 2068 1880 degradavit,
2092 1836 2135 1870 ad

1243 1884 1497 1921 Thabennenfis
1507 1886 1697 1929 monasterii
1709 1886 1837 1931 asylum
1848 1886 1996 1932 fugitivo
2017 1898 2132 1922 vetans

1243 1936 1390 1972 exhiberi
1400 1934 1531 1981 publica
1551 1934 1688 1978 balnea,
1714 1936 1889 1970 transmitti
1913 1947 2052 1979 panem,
2078 1946 2135 1972 aut

1242 1986 1353 2022 cibum
1371 1984 1489 2027 vendi,
1516 1986 1677 2029 quatenus
1688 1985 1746 2020 sub
1757 1986 1899 2020 famis&
1922 1985 2066 2021 sordium
2078 1997 2135 2021 an·
2179 2025 2181 2028 ¹

1242 2039 1347 2082 gustia
1359 2036 1476 2080 periret
1490 2061 1496 2068 .
1525 2035 1574 2069 Ita
1585 2047 1641 2080 per
1651 2037 1772 2079 septem
1783 2046 1889 2070 annos
1900 2035 2028 2070 deloco
2047 2046 2131 2071 erra-

1241 2087 1334 2122 vitin
1347 2087 1478 2126 locum,
1504 2096 1575 2119 non
1587 2085 1693 2120 solum
1713 2084 1732 2119 a
1744 2082 1932 2125 Dioscoro,
1958 2085 2013 2120 sed
2032 2085 2134 2121 etiam

1242 2138 1260 2172 a
1272 2135 1488 2171 creditoribus
1507 2135 1638 2180 fugiens
1649 2146 1725 2170 cum
1744 2136 1836 2170 omni
1848 2135 2009 2170 affinitate
2019 2135 2053 2171 δε
2064 2136 2135 2169 san-

1242 2187 1364 2232 guine,
1391 2196 1471 2230 quas
1483 2186 1568 2220 inter
1581 2186 1724 2220 miserias
1746 2186 1843 2221 frater
1865 2185 1990 2220 Paulus
2010 2185 2056 2220 est
2077 2185 2134 2220 de·

1243 2238 1372 2271 funflus
1384 2262 1391 2269 .
1418 2235 1480 2270 lsta
1491 2236 1606 2270 omnia
1615 2236 1799 2271 Dioscorus
1815 2235 1910 2276 fecit,
1934 2236 2036 2279 spreta
2057 2235 2134 2270 San·

1243 2288 1283 2321 &i
1296 2285 1418 2330 Cyrilli
1430 2284 1656 2329 adjuratione,
1683 2285 1724 2320 de
1742 2296 1806 2328 qua
1830 2284 2055 2320 Athanasius:
2081 2290 2134 2324 c,-

1243 2337 1330 2371 rillus
1353 2341 1536 2376 moriturus,
1562 2335 1767 2375 testamentum
1788 2336 1916 2369 condens
1939 2359 1951 2376 ,
1971 2334 2132 2369 honoravit
2175 2369 2178 2371 Α

1242 2398 1325 2428 eum,
1350 2391 1522 2429 quit-umque
1531 2387 1580 2419 ille
1602 2385 1666 2428 post
1686 2397 1753 2418 eum
1768 2385 1873 2427 fuisset
1891 2386 2052 2418 ordinatus
2080 2390 2133 2417 Ar-

1243 2434 1484 2479 chi-Episcopus,
1505 2436 1648 2477 plurimis
1672 2437 1837 2477 &magnis
1863 2438 1987 2478 Legati:
2010 2435 2048 2468 de
2063 2443 2134 2476 pro-

1238 2492 1310 2528 pria
1314 2484 1483 2529 substantia
1493 2508 1504 2524 ‚
1530 2486 1688 2525 conjurans
1702 2491 1814 2518 eumin
1826 2486 1952 2525 scriptis
1969 2492 2026 2526 per
2045 2495 2133 2518 vene-

1243 2536 1352 2570 rabilia
1365 2536 1399 2570 &
1411 2534 1557 2568 terribilia
1567 2534 1698 2575 nusteria
1712 2558 1722 2574 ‚
1748 2542 1782 2567 ut
1795 2533 1882 2576 ipstus
1889 2533 2011 2574 foveret
2017 2545 2132 2577 genus,

1244 2588 1278 2620 <⁴1¹
1290 2590 1322 2618 in
1334 2585 1413 2618 nullo
1423 2590 1467 2618 eis
1489 2584 1621 2618 laborem
1642 2589 1799 2617 incuteret.
1826 2579 2003 2619 Malevolae
2023 2594 2134 2629 tyran-

1246 2634 1331 2671 nidis
1343 2636 1455 2669 fucum
1467 2628 1570 2677 aperi't
1582 2633 1754 2669 Liberatus
1766 2631 2031 2678 Carthaginensis
2043 2647 2050 2666 ι
2063 2637 2136 2666 Dio-

1239 2684 1339 2729 scorus
1352 2695 1444 2727 neque
1453 2695 1576 2718 uxorem
1595 2695 1687 2727 neque
1704 2683 1783 2726 filios
1796 2683 1903 2718 babuit
1915 2706 1925 2722 ,
1954 2695 2041 2726 quem
2063 2695 2133 2716 nar-

1243 2743 1295 2768 rat
1304 2740 1400 2777 opinio
1418 2740 1530 2767 civium
1548 2732 1670 2779 suorum
1693 2735 1836 2775 majorem
1861 2732 1984 2776 habuisse
2004 2734 2133 2768 dileHio-

1245 2797 1328 2819 nem.
1355 2785 1504 2827 siquidem
1526 2790 1695 2826 opprimens
1719 2784 1819 2823 cyrilli
1838 2782 1993 2823 haeredes,
2018 2784 2053 2818 &t
2075 2792 2132 2826 per
2160 2802 2176 2813 κ

1244 2837 1423 2870 calumniam
1434 2834 1473 2866 ab
1493 2838 1535 2867 eis
1559 2834 1698 2876 auferens
1715 2839 1858 2875 pecunias
1881 2834 1995 2867 multas
2009 2857 2021 2874 ,
2047 2834 2132 2868 dedit

1246 2884 1484 2927 easfinefoenore
1493 2885 1630 2925 atropolis
1656 2885 1691 2919 ὠ*
1712 2883 1891 2925 cauponibus
1913 2888 2050 2926 civitam
2063 2908 2074 2924 ,
2099 2892 2133 2919 ut

1246 2936 1459 2976 mundiffimum
1466 2941 1576 2976 panem
1598 2935 1632 2969 (θ’
1638 2934 1819 2976 puriffimum
1831 2939 1939 2968 vinum
1952 2933 2052 2968 viliori
2065 2941 2138 2978 pre-u

1247 2984 1413 3027 tiopopulis
1429 2983 1604 3018 exhiberent
1617 3009 1624 3016 .
1652 2983 1799 3024 Primus,
1826 2984 1883 3028 qui
1903 2982 1922 3017 ὲ
1933 2982 2132 3019 Patriarchis

1247 3046 1303 3069 aut
1316 3032 1514 3068 Primatibus
1536 3033 1705 3078 Episcopis
1726 3034 1920 3079 sanguinem
1944 3035 2036 3068 suum
2055 3043 2132 3077 opu·

1250 3086 1381 3119 lentaffe
1395 3108 1406 3125 ,
1427 3092 1524 3127 atque
1538 3085 1582 3118 ita
1595 3083 1755 3119 violentas
1766 3084 1950 3120 successoris
1959 3093 2075 3119 manus
2093 3081 2130 3114 in

1252 3135 1357 3178 ipsum
1381 3134 1535 3167 excitasse
1560 3133 1701 3179 legitur,
1737 3133 1783 3168 est
1809 3134 1944 3169 Sanctus
1968 3131 2130 3175 Cyrillu-s.

1215 3190 1218 3193 '
1251 3185 1340 3219 Nam
1361 3180 1515 3218 &Sancti
1539 3185 1615 3218 suos
1638 3182 1780 3219 habuere
1801 3194 1927 3219 naevos.
1954 3183 1998 3216 Et
2017 3179 2131 3224 paffim

1252 3234 1475 3269 infeliciffimae
1494 3234 1568 3267 sunt
1588 3233 1652 3268 istae
1673 3244 1769 3278 opes.
1801 3234 1884 3268 Haec
1903 3231 2003 3275 igitur
2015 3230 2131 3264 omnia

1250 3285 1368 3319 Sansto
1380 3283 1486 3318 Leoni
1498 3282 1656 3318 Pontifici
1680 3284 1713 3319 δε
1723 3283 1867 3329 praesenti
1880 3278 2018 3324 synodo
2033 3290 2132 3323 expo·

1253 3335 1315 3369 suit
1326 3332 1523 3369 Athanasius
1545 3332 1739 3377 Presbyter,
1764 3331 1941 3375 implorans
1965 3339 2022 3363 aut
2042 3329 2132 3372 justi-

1254 3387 1336 3421 tiam
1349 3408 1360 3425 ,
1386 3394 1443 3420 aut
1455 3383 1540 3418 certe
1551 3383 1809 3417 misericordiam
1821 3378 2061 3414 auxiliatricem
2075 3404 2083 3411 .

1304 3433 1493 3482 Sophronio
1503 3434 1568 3471 civi
1581 3429 1810 3474 Alexandrino
1830 3427 1998 3466 Macarius
2007 3428 2132 3466 ibidem

2018 3480 2085 3515 Cu-

2150 2455 2223 2495 Cap.
2236 2465 2279 2489 ιο.
