2340 3736
144 3297 258 3337 Epissa,

148 3529 211 3560 Aet

235 3536 260 3563 ἶ.

390 157 451 207 56

912 151 1557 197 DlssEnTATIO·

309 239 564 282 oinopolitanam
575 240 794 276 additamenta
807 241 988 280 damnant,
1015 238 1104 282 quod
1115 237 1190 272 fuis·
1235 238 1521 281 lMetropolitum:
1548 243 1780 285 ,Quodmonacbi
1801 257 1858 280 non
1871 248 2041 290 deponant,
2064 248 2129 284 five
2174 239 2176 243 ’

308 289 339 322 se
361 289 555 337 Eutycbetis
579 295 718 335 palmare
745 292 939 335 principium
964 289 1050 326 dixit
1071 289 1105 322 in
1130 287 1187 329 Sy-

309 339 400 373 nodo
416 340 673 375 Chalcedonenfi
696 342 865 387 Diogenes
885 338 1099 382 Metropolita
1120 336 1188 380 Cy-

309 389 440 424 zicenus
461 415 468 422 .
497 389 614 425 Eidem
635 391 851 426 fundamento
872 400 1007 424 omnem
1029 386 1124 430 hujus
1145 387 1188 420 la-

308 440 441 474 trocinii
470 434 671 476 machinans
695 442 872 476 Dioscorus
902 437 1182 483 superaedificavit.

308 489 415 525 Unde
436 490 624 525 Dorotheus
647 490 915 530 Archimandrita
938 513 950 530 ‚
974 488 1093 531 aliique
1117 497 1186 520 mo-

306 539 405 575 nachi
421 539 679 584 Eutychianistae
689 567 700 583 ,
719 540 846 585 abluere
858 539 949 573 illum
973 539 1037 581 jam
1053 536 1186 571 damna-

306 599 377 623 tum
399 591 530 630 conati,
556 592 665 627 dixere
686 592 728 626 ad
751 591 921 636 Synodum
941 586 1185 623 Chalcedonen-

241 684 247 692 η
306 642 390 675 sem.
418 643 582 677 Permaneo
601 648 634 674 in
652 642 717 684 fide
732 640 903 684 fundorum
926 642 1055 672 Panum
1075 646 1185 687 trfcen‘

304 700 406 725 torum·
420 692 514 725 decem
540 693 574 725 l&
591 691 649 724 odo
671 716 683 732 ,
709 697 759 733 qui
780 692 866 733 apud
885 695 1023 723 Nicaeam
1045 699 1184 722 convene-

304 750 395 781 runt,
421 741 455 774 (θ’
478 747 510 776 in
531 740 692 781 Constituto
713 752 829 782 eorum,
855 747 905 784 qui
927 741 1012 783 apud
1031 737 1184 781 Ephesum

303 790 472 831 Nestorium
496 791 736 825 damnaverunt.
764 796 811 826 Et
827 790 868 834 fic
889 792 991 829 credo,
1015 791 1050 823 (θ’
1069 798 1182 831 praetcr

302 842 379 879 banc
399 853 457 875 non
482 846 554 874 novi
570 843 664 875 aliam
681 841 793 884 fidem.
822 841 879 876 Ut
904 842 982 886 ergo
992 838 1056 873 hoc
1077 839 1182 881 ipsum

301 892 402 930 etiam
421 889 608 926 admitteret
628 916 641 933 ‚
664 891 699 925 δε
723 903 798 926 cum
818 890 973 925 damnato
994 887 1182 932 Eutychete

301 942 337 979 in
357 952 471 985 pacem
490 941 809 977 &communionem
832 941 954 976 resciss‘a
965 941 1021 973 sua
1043 937 1180 982 synodo

298 992 419 1030 rediret
438 991 573 1027 Sanstus
584 991 775 1031 Flavianus,
800 991 909 1034 saepius
928 991 998 1035 egit
1009 987 1050 1023 ab
1072 989 1182 1023 Eunu-

298 1041 365 1078 cho
376 1040 520 1076 sedustus
531 1041 686 1085 Princeps
699 1041 907 1075 Theodosius
919 1066 929 1081 ,
955 1037 1181 1085 pendenteque

299 1092 365 1129 hoc
384 1093 519 1128 tractatu
540 1092 643 1134 sparsa
654 1090 700 1126 est
725 1089 925 1126 restauranda
938 1102 1000 1134 pax
1010 1100 1099 1124 extra
1126 1100 1181 1133 ge-

296 1141 440 1180 neralem
460 1139 655 1184 Synodum}
682 1139 808 1175 Verum
818 1140 991 1174 Flavianus
1014 1140 1123 1174 noluit
1136 1140 1182 1172 es-

295 1193 328 1226 st·
340 1198 448 1225 tantus
459 1191 697 1234 praevaricator.
724 1191 819 1225 Hinc
830 1190 964 1226 tandem
974 1190 1056 1225 coiit
1076 1190 1180 1232 Syno-

295 1241 377 1283 dus,
402 1236 501 1284 atque'
510 1241 551 1276 ad
572 1241 665 1278 illam
676 1240 856 1285 Episcopus
867 1240 926 1275 iste
951 1240 1179 1279 sanctissimus,

292 1286 466 1336 tamquam
477 1303 549 1328 reus
561 1302 599 1327 ac
609 1289 767 1327 monachi
784 1292 951 1326 accusator
960 1315 972 1332 ‚
997 1290 1040 1325 est
1054 1289 1180 1326 accede-

295 1354 329 1378 re
339 1342 526 1386 compulsus
537 1367 545 1376 .
860 1348 862 1350 ’
1023 1349 1028 1353 ·

346 1392 465 1440 Qalis
485 1391 581 1437 porro
591 1392 710 1432 fuerit,
738 1404 837 1438 quem
855 1393 891 1427 in
912 1392 968 1427 sua
979 1393 1074 1427 Sacra
1099 1388 1180 1425 adeo*

294 1443 428 1478 extollit
447 1443 535 1478 idem
556 1443 710 1487 Princeps
731 1467 743 1484 ,
770 1440 1036 1478 Archimandrita
1071 1441 1181 1475 Barsu-

293 1504 385 1533 maS,
411 1492 509 1537 tradit
531 1494 566 1527 in
589 1493 728 1536 synodo
751 1492 1011 1527 Chalcedonenfi
1035 1489 1182 1525 laudatus

293 1542 510 1586 Metropolita
537 1542 722 1585 Cyzicenus
738 1537 937 1585 ,Barsumas
963 1541 998 1574 in
1021 1539 1182 1584 Ephefino

295 1592 472 1627 latrocinio
489 1594 594 1626 occidit
606 1592 725 1626 beatum
746 1593 951 1625 Flavianum„
977 1589 1044 1634 Ipse
1056 1589 1189 1630 instabat„

228 1638 237 1686 j
295 1644 330 1676 ὦ*
339 1642 470 1677 dicebat:
484 1642 675 1677 OCCIDE.
702 1642 745 1676 Et
758 1641 895 1676 Basilius
907 1640 1120 1683 Metropolita
1132 1640 1185 1675 Sev
1222 1644 1225 1647 '

294 1693 483 1727 leucienfis:
510 1695 707 1726 surrexerunt
716 1703 814 1725 omnes
826 1691 966 1735 AEgyptii
977 1689 1131 1734 Episcopi,
1151 1691 1184 1723 (θ’

297 1742 430 1777 monachi
439 1766 449 1782 ,
459 1747 510 1785 qui
515 1740 711 1785 sequebamur
724 1736 903 1785 Barsumam
915 1765 925 1781 ,
936 1743 969 1776 (3
979 1747 1073 1773 omnis
1086 1740 1183 1781 turba,

294 1794 484 1836 &coeperunt
498 1793 594 1827 dicere
605 1807 616 1826 .·
631 1791 745 1827 EUM
757 1817 767 1832 ,
780 1790 1021 1838 QU1D1CIT
1047 1790 1184 1829 DUAS

295 1841 538 1883 NATURAS
561 1868 573 1885 ,
598 1841 649 1876 IN
683 1842 796 1877 DUO
817 1840 1037 1876 INClDlTE
1057 1866 1068 1882 ‚
1105 1841 1184 1875 NE·

294 1893 578 1939 STORIANUS
596 1891 695 1927 EST.
722 1894 763 1926 Et
777 1903 892 1926 omnes
903 1891 1056 1935 Episcopi
1067 1893 1182 1925 Orien-

297 1944 396 1978 tales.
424 1946 668 1982 Omnemsyriam
684 1941 1000 1985 Barsumascvertit:
1030 1944 1127 1975 Duxit
1133 1940 1183 1985 su-

293 2002 350 2037 per
361 2006 412 2028 nos
422 1995 501 2027 mille
512 1992 666 2030 monachos
676 2017 683 2024 .
711 2000 743 2028 H
747 1994 901 2027 omicidam
913 1987 1002 2036 Burs
996 2004 1094 2026 umam
1116 1997 1181 2027 mit-

296 2054 324 2078 te
333 2043 418 2085 foras
429 2057 443 2086 ,·-
470 2043 647 2078 homicidam
657 2048 689 2081 in
711 2054 852 2078 arenam:
883 2043 1050 2080 Anatbema
1072 2043 1182 2087 Baesu-

297 2107 378 2135 mae,
405 2092 583 2136 Barsumam
595 2098 628 2126 in
643 2093 784 2126 exilium.
814 2095 858 2128 Et
869 2094 1040 2129 Liberatus
1059 2094 1180 2130 Diaco-

297 2156 359 2179 nus
373 2157 381 2176 :
409 2141 560 2186 Dioscorus
565 2141 665 2186 secum
675 2142 978 2184 habebatfortiſjimos
989 2145 1096 2178 milites
1117 2148 1177 2179 Rei-

294 2193 443 2238 puhlicae,
469 2204 533 2226 cum
542 2192 692 2226 monachis
715 2191 886 2236 Rursumae.
921 2193 1089 2228 Barsumas
1102 2196 1180 2240 ergo

299 2242 481 2287 Eutycheti
494 2243 528 2276 &
539 2244 707 2276 Dioscoro
726 2243 856 2276 adhaefit
870 2267 880 2282 ‚
908 2244 1092 2278 Orientales
1106 2245 1181 2288 Epi-

298 2296 413 2336 scopos
433 2302 601 2336 tamquam
614 2293 832 2327 Nestorianos
859 2293 1019 2327 aversatus
1027 2294 1071 2326 est
1084 2306 1181 2328 cona-

298 2355 352 2378 tus
373 2343 532 2386 expellere
542 2343 582 2376 de
603 2340 752 2383 sedibus,
779 2342 819 2376 ab
840 2352 954 2375 eorum
975 2344 1180 2377 communio-

299 2405 342 2434 ne
365 2394 397 2427 se
416 2391 542 2427 rebellis
565 2392 718 2436 separavit
731 2416 742 2432 ,
767 2393 801 2426 &
820 2391 963 2426 delusam
986 2392 1111 2435 plebem
1129 2394 1178 2427 ab·

298 2443 413 2478 ssraxit
433 2466 444 2483 ,
474 2442 610 2476 factioni
633 2443 694 2475 suae
715 2441 867 2485 adjunxit
887 2442 1044 2485 plurimos
1067 2454 1180 2477 mona-

299 2493 402 2535 chos,
428 2503 524 2536 atque
547 2492 591 2528 ita
608 2502 743 2526 omnem
765 2492 891 2534 Syriam
904 2491 1110 2526 turbulentiis
1124 2493 1182 2527 im-

301 2545 403 2588 plevit
414 2568 421 2576 .
449 2543 531 2576 Haec
542 2543 617 2576 sunt
626 2542 740 2576 metita
752 2566 762 2582 ‚
789 2541 834 2575 ob
844 2553 915 2585 quae
925 2541 1018 2575 illum
1029 2541 1183 2585 Princeps

301 2594 409 2628 voluit
420 2593 574 2631 omnium
596 2591 818 2627 Orientalium
844 2590 1182 2626 Archimandritarum

302 2644 474 2678 Vicarium
494 2640 642 2685 consedere
658 2639 772 2685 sanblae
801 2643 908 2680 synodo
932 2665 943 2681 ,
970 2643 1006 2675 Θ
1027 2653 1091 2674 eum
1111 2643 1182 2675 aliis

303 2693 416 2737 sanffls
433 2691 572 2726 Patribus
585 2694 620 2727 <5
632 2689 788 2734 Epist-opis
802 2715 812 2732 ,
837 2688 979 2734 quaesunt
992 2694 1112 2725 Domino
1119 2693 1184 2734 pla-

306 2749 365 2776 cita
390 2767 400 2783 ‚
425 2744 563 2779 ordinare
584 2767 590 2775 .
619 2742 731 2788 Qare
751 2746 890 2775 errorem
916 2741 1091 2776 continent
1117 2742 1182 2776 haec

304 2792 451 2827 Liberati
470 2792 567 2827 verba
583 2804 590 2824 :
615 2796 777 2833 Imperator
788 2792 867 2832 juffit
880 2789 1058 2834 Barsumam
1085 2792 1185 2825 Archi-

307 2842 491 2876 mandritam
500 2842 632 2885 interesse>
640 2843 788 2880 Concilio,
814 2842 938 2875 &vices
948 2853 1034 2884 agere
1059 2848 1186 2875 omnium

307 2891 507 2924 monachorum
526 2892 686 2925 orientales
700 2889 857 2934 Episcopos
879 2889 1091 2934 accusantium.
1120 2892 1185 2926 Ne·

310 2952 469 2984 quaquam
481 2940 673 2976 accusatoris
686 2965 697 2981 ‚
727 2942 779 2975 sed
790 2941 909 2983 judicis
919 2942 1002 2974 inter
1011 2942 1188 2985 Episcopus

311 2991 421 3024 locum
444 2990 533 3025 dedit
547 2991 597 3024 illi
619 2990 786 3036 Augustus
797 2999 912 3024 contra
937 2991 1189 3034 antiquummo-

311 3051 379 3075 rem
390 3041 423 3073 &
437 3040 629 3075 Canonem:
658 3039 750 3074 Olim
765 3041 853 3075 enim
865 3051 1069 3083 nequaquam
1095 3052 1190 3085 gene·

311 3088 451 3128 talibus,
477 3089 529 3122 sed
550 3091 624 3123 solis
644 3089 892 3124 Provinciarum
915 3100 973 3123 aut
997 3091 1188 3125 Dioeceseon

312 3138 456 3183 Synodis
479 3161 489 3178 ,
515 3138 548 3172 δε
568 3138 698 3180 quidem
717 3138 758 3173 de
772 3140 876 3185 gratia
895 3162 906 3178 ‚
931 3140 1061 3173 fuerunt
1073 3140 1177 3174 Archi

314 3187 480 3224 mandritae
493 3187 655 3231 suffragati
667 3213 675 3221 .
701 3190 794 3234 Qin
810 3190 914 3223 immo
924 3201 965 3223 ex
976 3191 1111 3233 antiquo
1130 3191 1190 3225 Ca-

316 3250 403 3273 none
416 3235 598 3272 monachus
623 3240 769 3271 accusare
784 3250 851 3273 non
864 3240 965 3281 potest
979 3265 989 3279 ‚
1017 3239 1190 3284 nequidem

314 3288 356 3320 de
367 3288 429 3320 fide
443 3300 450 3320 :
477 3289 562 3331 ,Quia
571 3294 686 3319 mortua
697 3309 707 3324 ‚
735 3286 842 3320 scribit
851 3287 890 3320 ad
903 3288 1001 3322 ltaliae
1013 3291 1192 3334 Episcopos

316 3336 468 3379 Pelagius
480 3336 637 3370 secundus
647 3358 657 3375 ,
685 3341 717 3367 in
728 3334 836 3368 talibus
849 3336 885 3375 est
897 3348 957 3369 vox
977 3341 1039 3378 ejus
1051 3362 1059 3369 .
1089 3339 1192 3374 Unde

316 3386 354 3424 in
376 3385 510 3427 Synodo
522 3384 888 3428 Constantinopolitana
909 3385 966 3420 sub
987 3388 1113 3423 Menna
1135 3388 1193 3423 Pa-

316 3433 457 3469 triarcha
469 3435 548 3468 dicit
562 3435 707 3469 secundas
719 3435 816 3477 Syriae
826 3435 939 3469 Clerus
953 3436 986 3469 in
1013 3437 1131 3472 libellis
1141 3439 1194 3472 ad-

319 3484 428 3525 versus
439 3483 571 3521 Petrum
597 3484 834 3530 Apameensem
855 3484 1052 3532 Episcopum
1066 3512 1077 3529 ‚
1102 3489 1194 3524 suum

1249 299 1326 321 aoeu
1331 289 1399 321 sent
1414 314 1424 329 ³
1452 290 1526 323 hanc
1537 291 1773 334 consuetudinem
1778 295 1914 339 superius
1925 299 2106 333 obtinuerunt
2117 309 2131 340 4

1242 336 1525 382 fidsufficlfi'tsolftm
1536 345 1569 372 in
1579 340 1704 383 lprrum
1725 348 2000 382 acclamationibus.

1297 388 1407 431 Hujus
1418 389 1545 445 synodi
1569 390 1745 436 Episcol’os
1768 396 1903 433 Basilius
1924 398 2131 434 Seleuciensis
2146 399 2210 431 Λᾶ.
2237 411 2261 430 1·

1248 438 1461 482 Metropolita
1473 440 1514 474 ad
1538 439 1710 483 Synodum
1720 443 2018 484 Chalcedonensem
2040 450 2129 484 dixit

1246 489 1341 523 fuisse
1351 500 1485 524 centurn
1497 490 1616 534 viginti
1629 501 1686 525 aut
1698 492 1853 536 triginta.
1884 498 1963 541 Ejus
1982 500 2130 544 suffraga.
2147 519 2167 545 E
2190 513 2246 544 Μ,
2273 518 2289 543 3

1247 549 1326 572 neus
1338 538 1540 574 Theodorus
1553 539 1866 585 claudiopolitanus
1876 546 1910 580 in
1922 549 2040 585 Isauria
2052 550 2130 594 Epi·
2153 523 2301 594 iim-1⁹43».

1247 588 1360 632 scopus
1393 591 1486 624 fuiffe
1516 600 1651 625 centum
1684 592 1821 637 triginta
1852 596 1997 639 quinque
2015 625 2023 632 ,
2063 601 2132 635 Eos
2148 577 2300 636 Epist-113·

1246 638 1480 675 Theodoretus
1491 641 1526 674 in
1537 640 1654 675 litteris
1663 640 1704 676 ad
1718 642 1919 679 Anatolium
1931 644 2110 683 Patricium
2119 674 2132 690 ‚

1246 689 1280 721 in
1294 688 1409 723 litteris
1419 690 1459 723 ad
1471 684 1627 733 Asparem
1640 693 1820 728 Consulem
1832 720 1842 734 ,
1869 695 1904 728 &
1916 695 1950 728 in
1962 695 2078 732 litteris
2087 701 2131 734 ad

1246 738 1484 773 vincomalum
1506 740 1702 785 Magistrum
1737 742 1844 777 scribit
1866 746 1959 779 fuisse
1981 745 2131 783 homines

1246 788 1450 823 turbulentos
1475 814 1486 830 ,
1511 789 1704 827 colleaitios
1726 817 1737 833 ‚
1776 795 1889 828 solitos
1921 797 2133 833 tumultuari.

1247 837 1349 872 Addit
1375 839 1408 872 in
1434 839 1549 874 litteris
1574 840 1616 873 ad
1637 841 1786 877 Sanctum
1811 844 1959 879 Leonem
1985 846 2128 891 Papam:

1246 892 1306 923 Per
1319 900 1364 923 eos
1378 913 1388 929 ,
1408 900 1478 933 quos
1495 889 1647 923 sanctitas
1673 887 1972 937 tua'Ephefiimmifit
1983 921 1994 936 ,
2021 906 2132 940 tempe—

1236 938 1325 979 statis
1345 944 1455 973 exitum
1472 939 1691 982 sperabamus.>
1709 942 1766 976 Ab
1794 944 1866 977 aliis
1889 952 2028 991 namque
2049 948 2129 992 Epi-

1243 990 1348 1033 scopis
1361 988 1444 1023 nihil
1455 1001 1521 1024 erat
1534 991 1599 1034 spei
1612 1016 1620 1023 .

1292 1039 1455 1084 Principis
1474 1041 1510 1074 in
1521 1040 1658 1083 synodo
1679 1041 1868 1086 Legatus&
1890 1044 2041 1082 Vicarius
2062 1047 2128 1082 fuit

1245 1089 1397 1133 Elpidius
1419 1091 1497 1124 sacri
1510 1090 1701 1126 Confistorii
1725 1092 1869 1134 Comes,
1895 1096 2128 1139 cuiadjunctus

1244 1140 1307 1173 fuit
1329 1140 1490 1184 Eulogius
1501 1141 1695 1184 tribunus&
1706 1142 1867 1177 Notarius
1880 1142 2106 1180 >praetorianus
2116 1171 2130 1187 ‚

1243 1189 1298 1233 qui
1321 1188 1411 1224 Ibam
1426 1189 1546 1225 Edeffae
1566 1191 1765 1235 Episcopum
1777 1204 1817 1226 ex
1845 1193 2014 1229 Osrhoena
2026 1195 2130 1239 nuper

1246 1240 1418 1274 Provincia
1438 1242 1473 1276 in
1496 1242 1633 1284 primam
1658 1240 1863 1277 Phoeniciam
1882 1243 2062 1279 deduxerat
2085 1244 2130 1280 ad

1244 1289 1417 1333 Synodum
1441 1291 1675 1334 Berytensem:
1700 1291 1818 1327 Homo
1842 1317 1853 1333 ,
1878 1295 1928 1328 uti
1948 1294 1983 1328 ὃς
2006 1295 2131 1331 Comes

1247 1339 1417 1383 Elpidius,
1442 1341 1627 1380 Dioscoro,
1654 1340 1831 1384 Eutycheti
1844 1367 1854 1382 ,
1873 1343 2131 1388 &Chrysaphio

1247 1389 1411 1424 Eunucho
1427 1390 1612 1425 obnoxius.
1640 1390 1697 1425 Eis
1707 1393 1791 1426 sacra
1805 1393 1934 1427 Divalis
1956 1395 2130 1436 austerita-

1245 1450 1312 1473 tem
1333 1441 1411 1474 fecit
1421 1442 1533 1474 nullum
1547 1439 1615 1483 fieri
1636 1443 1793 1475 tumultum
1811 1450 2006 1486 permittere,
2025 1441 2130 1488 sed&

1238 1488 1358 1531 fi‘quem
1369 1491 1507 1524 videritis
1520 1491 1788 1526 conturbationibus
1801 1495 1836 1527 l&
1847 1496 1989 1528 tumultui
2008 1494 2130 1535 studen-

1245 1541 1356 1574 temari
1363 1540 1500 1580 laeli'onem
1508 1539 1622 1583 sandlae
1630 1540 1702 1582 fidei
1714 1564 1726 1580 ,
1749 1541 1817 1576 hinc
1827 1536 1959 1584 custodiae
1975 1549 2128 1586 mancipa-

1246 1601 1278 1622 re
1288 1613 1300 1630 ,
1323 1590 1410 1623 &ad
1418 1590 1542 1631 nostram
1548 1590 1684 1633 perferre
1695 1599 1833 1625 notitiam
1849 1617 1860 1633 ‚
1884 1593 2045 1637 &caesam
2063 1599 2130 1636 qni·

1247 1640 1313 1672 dem
1331 1641 1432 1673 ordine
1447 1646 1609 1682 provenire
1622 1664 1633 1680 ,
1658 1642 1787 1683 intereffe
1808 1653 1906 1675 aurem
1921 1645 2037 1684 ,iudicio
2053 1666 2065 1683 ,
2092 1644 2127 1677 Θ

1247 1690 1319 1722 dare
1328 1697 1444 1731 operam
1456 1714 1467 1729 ‚
1492 1689 1608 1724 celerem
1619 1691 1653 1725 (5
1668 1688 1900 1734 circums‘pee‘Jam
1914 1692 2127 1734 probationem

1246 1741 1265 1770 ᾱ
1273 1737 1380 1782 [αηὲἶα
1390 1738 1570 1781 Synodofieri
1579 1764 1589 1780 ,
1616 1741 1651 1773 o·
1662 1739 1743 1772 nobis
1755 1747 1900 1783 cognitam
1904 1741 2009 1782 facere
2021 1754 2030 1785 3
2057 1741 2105 1775 bis
2113 1756 2128 1780 φ

1247 1795 1299 1832 qui
1305 1791 1424 1831 pridem
1434 1792 1465 1825 E
1467 1788 1604 1827 utycbetis
1621 1787 1806 1832 religiqfiffimi
1823 1789 2129 1832 Archimandritaeju·

1248 1842 1325 1874 dices
1337 1838 1508 1888 exstiterunt
1520 1862 1531 1878 ,
1550 1837 1750 1883 praesentibus
1762 1841 1879 1882 quidem
1894 1841 2101 1875 &tacentibus
2115 1858 2129 1881 ‚-

1248 1891 1359 1925 nullum
1378 1898 1479 1925 tamen
1496 1891 1702 1932 ‚iudicantium
1729 1889 1903 1924 habentibus
1925 1892 2015 1924 locum
2036 1915 2047 1932 ‚
2065 1888 2131 1934 <sed

1247 1952 1422 1976 communem
1447 1947 1574 1974 omnium
1585 1942 1708 1975 aliorum
1730 1939 1902 1984 sanc‘iorum
1915 1945 2047 1975 Patrum
2060 1939 2130 1984 sen·

1246 1999 1372 2027 tentiam
1395 1990 1658 2035 exspellantibus,
1683 1997 1820 2034 quoniam
1841 2003 1898 2032 ea,
1924 2004 1991 2035 quq
2013 1991 2128 2024 dudum

1246 2043 1284 2076 ab
1293 2040 1584 2085 ipfisJudicatasunt
1597 2066 1609 2083 ,
1632 2052 1709 2075 nunc
1726 2041 1926 2076 rotraHantur
1936 2066 1943 2072 .
1972 2041 2024 2074 Ex
2038 2039 2130 2074 hisce

1245 2093 1418 2137 praesertim
1439 2090 1545 2126 verbis
1563 2091 1725 2125 animatus
1747 2092 1930 2125 Dioscorus
1956 2090 2131 2123 Romanos

1247 2145 1391 2188 Legatos
1402 2140 1527 2185 Synodi
1540 2139 1738 2184 praefidentia
1757 2140 1913 2174 exclusit.
1941 2138 2131 2174 Exclusit&

1247 2192 1397 2237 suffragio
1411 2191 1563 2225 Bafilium
1574 2188 2004 2229 Seleuciensem,ssusebium
2016 2188 2131 2231 Ancy-

1247 2252 1360 2277 ranum
1382 2265 1393 2282 ‚
1429 2241 1575 2281 aliosque
1597 2239 1776 2282 Episcopos
1799 2249 1914 2272 omnes
1935 2262 1946 2277 ,
1983 2237 2040 2282 qui
2061 2237 2131 2271 una

1245 2304 1321 2326 cum
1331 2292 1450 2326 Sancto
1472 2289 1631 2323 Flaviano
1644 2287 1839 2322 damnarant
1861 2286 2129 2331 Eutychetemin

1246 2340 1387 2385 Synodo.
1397 2338 1764 2382 Constantinopolitana
1777 2362 1784 2369 .
1811 2336 1859 2370 At
1872 2338 2008 2371 Balilius
2021 2337 2129 2370 suffra-

1243 2393 1335 2436 gium
1346 2389 1484 2425 redemit
1506 2387 1586 2430 hac,
1613 2387 1691 2421 licet
1702 2398 1756 2430 per
1778 2387 1970 2430 tyrannicos
1990 2395 2127 2421 terrores

1245 2451 1370 2475 extorta
1392 2463 1404 2479 ,
1430 2438 1544 2472 infami
1564 2448 1673 2472 tamen
1699 2436 1734 2469 δε
1757 2437 1909 2481 sacrilega
1937 2435 2126 2481 palidonia.

1247 2489 1347 2532 Accufh
1369 2491 1402 2523 Θ
1424 2487 1604 2529 reprehendo
1623 2493 1778 2529 propriam
1798 2498 1916 2527 vocem,
1943 2498 2031 2529 quam
2057 2485 2124 2523 DE

1247 2538 1453 2575 DUABUS
1468 2537 1691 2571 NATURIS
1700 2536 1841 2580 prffeffus
1848 2534 1914 2580 sum
1926 2541 1958 2569 in
1974 2535 2062 2581 gestis.
2074 2535 2128 2568 ba-

1246 2590 1316 2623 bitis
1338 2589 1422 2630 apud
1428 2591 1551 2631 Regiam
1570 2592 1743 2627 civitatem,
1770 2589 1804 2620 (ν’
1816 2588 1904 2620 adoro
1927 2598 2019 2620 unam
2039 2594 2129 2619 natu-

1245 2651 1312 2673 ram
1323 2643 1453 2672 Deitatis
1465 2643 1609 2680 unigeniti
1629 2636 1863 2671 inhumanati&
1885 2640 2048 2670 incarnati.
2081 2633 2131 2668 ld-

1247 2701 1312 2734 que
1332 2698 1445 2723 contra
1470 2687 1631 2732 propriam
1654 2686 1885 2721 conscientiam
1909 2711 1919 2726 ‚
1955 2697 2019 2728 qua
2044 2684 2132 2729 prius

1248 2740 1413 2775 Dioscoro
1434 2736 1581 2772 dixerat:
1611 2739 1682 2770 Noli
1702 2740 1847 2775 Domine,
1874 2738 1934 2769 noli
1951 2734 2066 2779 solvere
2090 2743 2131 2767 to·
2145 2751 2173 2788 'F-

1249 2797 1309 2823 tius
1321 2791 1425 2822 mundi
1447 2793 1626 2829 opinionem.
1655 2786 1783 2820 Eodem
1806 2784 1909 2819 modo
1933 2785 2067 2819 redemit
2077 2785 2133 2818 Se-

1252 2842 1359 2875 leucus
1383 2838 1599 2880 Metropolita
1620 2837 1818 2870 Amasenus.
1846 2837 1898 2869 Ex
1923 2834 2059 2870 adducta
2077 2833 2132 2867 Sa-

1252 2901 1303 2924 cra
1317 2891 1395 2922 item
1416 2887 1504 2921 vides
1518 2886 1688 2929 Elpidium
1710 2886 1937 2930 &Eulogium
1958 2883 2130 2919 discutien-

1253 2940 1300 2974 dae
1311 2939 1388 2973 fidei
1411 2949 1479 2971 non
1500 2937 1638 2980 potuisse
1658 2936 1784 2970 misceri
1801 2961 1811 2976 ‚
1836 2936 1889 2969 sed
1910 2935 2002 2969 fuisse
2024 2944 2130 2967 meros

1253 2989 1431 3024 auditores.
1461 2987 1571 3020 Etiam
1588 2986 1707 3019 Proclo
1730 2985 1811 3020 Afiae
1826 2983 2017 3020 Proconsuli
2040 2993 2132 3016 man-

1254 3039 1345 3074 davit
1356 3035 1524 3082 Augustus
1545 3047 1679 3070 omnem
1691 3034 1811 3069 eisdem
1832 3034 1962 3079 praeberi
1984 3031 2132 3068 adsisten-

1254 3093 1355 3125 tiam:
1382 3089 1424 3125 Et
1435 3086 1513 3122 hinc
1527 3086 1691 3122 Dioscoro
1703 3086 1824 3123 milites
1845 3095 1913 3123 non
1934 3083 2106 3121 defuerunt
2122 3105 2132 3115 .

2201 2761 2266 2796 155.'

2001 3530 2089 3568 CA-
