2340 3736
717 72 801 116 AD
837 69 1062 113 Smonn
1081 85 1110 112 M
1147 70 1637 121 CHA'LQEDONENS
1659 90 1754 118 EM.

297 161 445 189 cernimus
468 157 502 190 Θ
513 155 646 188 honorem
656 153 854 196 Episcopatus
864 179 874 195 ,
902 155 936 188 (θ’
947 153 1104 195 Ecclesiam
1116 178 1126 194 ‚
1152 156 1171 185 ἃ

295 217 358 247 qua
377 205 484 246 iniuste*
502 207 536 239 o·
555 202 662 247 absens
673 202 856 247 expulsuscst
872 228 883 244 ,
908 211 934 238 ei
945 204 1173 245 restituendam.

295 259 343 289 De
358 254 531 298 samffffmo
551 259 643 298 igitur
662 252 810 297 ‘Episcopo
834 259 943 288 Nonno
963 280 974 296 ‚
1002 260 1052 297 qui
1067 263 1125 296 pro
1146 266 1176 287 eo

290 306 384 347 paulo
404 314 476 337 ante
489 303 594 345 fabius
607 304 645 344 est
656 328 667 344 ,
694 304 918 345 existimationis
931 311 988 338 erit
999 304 1175 338 venerabilis

294 351 436 397 Episcopi
460 349 802 396 Antiochenae'Ecclefiae
816 379 827 394 ‚
853 356 926 396 quid
946 361 1078 396 oporteat
1100 355 1137 387 dc
1147 365 1178 386 eo

286 404 381 444 statui
393 427 400 435 .
428 402 519 437 Ibam
534 415 601 438 non
613 403 823 439 solummodo
834 402 1025 447 degradarat
1047 402 1178 447 Ephefi-

291 464 373 487 num
387 453 592 488 latrocinium
607 479 618 495 ‚
645 454 699 489 sed
710 455 743 489 &
753 453 842 488 aliud
856 453 1054 497 Episcopum
1065 454 1099 487 in
1113 453 1179 496 ejus

289 501 395 538 sedem
416 503 560 539 ordinari
582 505 736 548 jusserat,
759 515 798 538 ac
808 503 980 537 ordinatus
1008 504 1070 537 fuit
1084 503 1178 537 Non-

287 564 350 587 nus
361 580 369 587 .
400 554 443 587 Et
455 545 534 589 hinc
543 565 631 589 nova
641 553 775 598 quaestio
787 578 795 585 .
824 552 958 587 Etenim
971 553 1050 588 vivo
1061 553 1095 586 &
1106 553 1177 587 ille-

287 605 409 647 gitimo
427 603 551 647 dejecto
572 604 663 638 Patri
687 604 745 637 suo
766 603 1028 646 superordinatus
1040 604 1176 648 Episco-

288 664 347 696 pus
358 653 404 688 est
416 655 582 695 intrusus,
606 665 644 688 ac
665 653 849 687 istiusmodi
867 664 982 687 omnes
993 653 1175 698 irreparabi-

286 703 361 745 liter
381 703 422 737 ad
442 703 546 737 laicos
567 703 672 738 reiicit
693 702 844 746 synodus
868 703 1060 738 Sardicenlis
1074 729 1081 736 .
1110 704 1175 738 Ve-

287 747 360 787 rr‘im
376 753 521 788 Nonnus
531 752 661 787 videtui·
670 753 762 787 fuisse
774 752 815 787 ab
828 751 984 797 Ephefina
1001 753 1174 797 iniquitate

287 802 468 842 innoxius,
493 803 527 836 δ(
559 814 627 837 non
657 814 713 847 per
734 803 920 844 ambitum,
948 802 1001 837 sed
1023 816 1078 847 per
1101 802 1175 837 obe·

287 853 447 887 dientiam
457 853 720 896 superordinatus
732 879 740 886 .
766 852 860 888 Hinc
873 853 967 887 illum
978 853 1175 897 dispensato-

283 901 331 936 rie
350 900 542 937 Patriarchae
571 903 776 947 beneplacito
799 902 1018 948 gloriofiffimi
1050 902 1175 945 judices

283 952 481 989 censuerunt
491 952 726 988 dimittendum
736 978 744 986 .
767 955 811 988 Et
824 952 1002 987 Anatolius
1016 953 1174 987 Constan-

283 1001 528 1046 tinopolitanus
543 1004 724 1047 Episcopus
734 1004 944 1038 confirmavit
958 1028 964 1035 .
993 1002 1105 1037 Etiam
1117 1002 1176 1040 Pa.

284 1052 430 1088 triarcha
441 1053 613 1088 Maximus
623 1078 634 1094 ‚
659 1052 783 1089 addens
797 1055 838 1089 de
850 1052 914 1087 lbae
927 1053 1073 1097 Epistola
1084 1067 1095 1087 .·
1120 1057 1176 1086 Or-

287 1101 421 1139 tbodoxae
431 1106 498 1144 ejus
510 1105 663 1138 declarata
674 1105 712 1144 est
727 1105 854 1138 dtc‘latio
864 1128 871 1135 .
899 1103 943 1138 Et
957 1103 1000 1138 de
1022 1104 1152 1138 Nonno
1165 1116 1175 1136 .-

282 1156 415 1188 Notmus
437 1157 497 1189 Dei
517 1156 728 1195 amanttffimus
752 1154 917 1198 Episcopus
936 1179 947 1195 ,
973 1161 1025 1195 qui
1044 1162 1102 1195 pro
1122 1153 1176 1185 Iba

274 1201 386 1244 saclas
409 1204 451 1242 est
461 1228 471 1243 ‚
497 1214 620 1238 maneat
629 1211 662 1238 in
673 1206 778 1239 eadem
789 1203 989 1247 Episcopatus
1002 1204 1150 1247 dignitate
1164 1226 1176 1244 ,

279 1254 380 1292 quoad
394 1252 487 1293 fimul
503 1265 570 1286 cum
593 1258 651 1288 Det
661 1255 864 1294 amantiffimis
878 1251 1035 1296 Episcopis
1050 1252 1174 1294 dioecefis

279 1312 356 1335 meae
375 1304 416 1337 de
436 1305 488 1336 illo
513 1303 684 1337 deliberem.
713 1305 756 1337 Ei
780 1303 935 1347 Episcopi
949 1313 1070 1336 nomen
1084 1302 1176 1337 &di-

281 1351 446 1396 gnitatem
462 1354 637 1396 relinquit,
662 1364 738 1388 cum
766 1354 820 1386 sua
842 1352 980 1395 Synodo
989 1351 1175 1396 opportune

279 1400 324 1435 de
342 1402 413 1447 ipso
431 1401 628 1440 definiturus
648 1403 740 1446 juxta
763 1402 937 1437 Canonem
949 1402 990 1436 de
1003 1403 1175 1445 Episcopis

283 1449 324 1485 ad
337 1451 482 1498 aliquam
499 1454 674 1488 Ecclesiam
688 1453 884 1487 consecratis
893 1475 904 1492 ‚
931 1453 964 1486 &
975 1451 1016 1486 ab
1026 1453 1092 1495 ipsa
1105 1464 1172 1486 non

281 1504 436 1547 receptis.
464 1503 569 1538 Vides
594 1504 724 1538 interim
745 1503 900 1537 famosam
913 1501 977 1536 Ibae
990 1502 1169 1545 Episso'arn

280 1551 300 1585 ὲ
322 1551 455 1597 Legatis
477 1553 661 1593 Romanis,
688 1552 851 1588 Anatolio
867 1552 1174 1595 Constantinopoli-

272 1610 382 1641 tano,
407 1605 442 1638 dc
462 1603 616 1637 Maximo
640 1601 829 1638 patriarcha
851 1599 1068 1637 Antiocheno
1079 1603 1172 1637 fuisse

279 1650 458 1694 judicatam
480 1652 721 1688 orthodoxam.

331 1700 381 1736 At
402 1703 570 1746 Juvenalis
583 1702 882 1747 Hierosolymitani
897 1702 1051 1746 Episcopi
1067 1703 1171 1736 suffra-

278 1750 374 1795 gium
389 1765 455 1787 non
471 1754 567 1796 plene
579 1755 739 1787 consonat
752 1765 759 1786 :
785 1757 850 1796 ‚Qui
861 1760 1072 1786 convertuntur
1085 1777 1095 1792 ,
1117 1752 1170 1786 bos

276 1803 432 1843 scn'ptma
453 1807 573 1836 Divina
590 1801 697 1846 suscipi
719 1805 847 1835 mandat
875 1827 881 1834 .
919 1805 1115 1845 ,Quapropter
1137 1803 1171 1836 Θ

276 1861 346 1889 eos,
371 1859 423 1894 qui
433 1852 472 1886 ab
490 1852 634 1886 haereticis
649 1860 868 1889 revertuntur,
891 1850 1064 1895 ficscipimus
1078 1877 1085 1884 .
1114 1856 1172 1885 Un-

278 1901 457 1945 deyaequum
481 1903 532 1946 effe
553 1901 670 1946 censeo,
695 1912 729 1936 ut
751 1903 1005 1942 reverendiffimus
1027 1902 1095 1934 ibas
1117 1903 1172 1935 cle-

277 1958 423 1985 mentiam
437 1958 575 1994 impetret
586 1977 597 1992 ‚
621 1958 695 1995 quia
700 1951 793 1996 senex
806 1947 842 1991 est
852 1976 862 1992 ,
885 1952 918 1984 <2⁰
929 1961 962 1983 ut
973 1950 1084 1985 habeat
1097 1955 1171 1994 Epi-

273 1998 418 2043 scopatm
424 2004 555 2045 gradum
565 2002 743 2035 orthodoxus
759 2002 884 2042 exislens
900 2026 907 2033 .
930 2001 1070 2036 Videtur
1079 2002 1170 2036 Ibam

278 2060 317 2085 ac
340 2048 411 2091 ejus
426 2051 606 2094 Epistolam
619 2075 630 2090 ‚
656 2063 724 2085 non
736 2062 771 2086 ut
783 2052 959 2086 innoxium
971 2052 1003 2085 &
1015 2050 1172 2087 orthodo-

276 2110 356 2135 xam
367 2101 543 2145 suscipere,
566 2100 621 2135 sed
633 2112 668 2135 ut
683 2102 897 2144 poenitentem
911 2125 922 2141 ,
947 2101 1031 2135 &ab
1046 2101 1171 2144 Episto-

277 2150 314 2184 1ae
337 2150 512 2192 iniquitate
522 2153 702 2186 correcwm
721 2168 736 2183 .<
758 2151 892 2186 Etenim
905 2152 937 2184 in
952 2151 1056 2194 prima
1066 2149 1171 2194 Ephe·

277 2201 346 2235 lina
355 2200 495 2244 Synodo
507 2201 673 2245 Iuvenalis
687 2201 804 2235 Sancto
819 2200 947 2244 Cyrillo
961 2224 972 2241 ,
991 2200 1064 2235 lbas
1075 2201 1172 2245 Joan·

279 2251 314 2284 ni
335 2249 553 2286 Antiocheno
576 2249 771 2286 Patriatchae
795 2251 966 2286 adhaeserat
990 2273 1002 2289 ‚
1029 2249 1169 2294 ideoque

277 2299 364 2343 apud
387 2301 575 2344 Iuvenalem
599 2302 721 2345 semper
733 2303 835 2336 fuerat
845 2301 885 2335 de
902 2300 1057 2334 Nestorio
1072 2301 1169 2343 suspe-

275 2352 362 2384 aus.
392 2351 436 2384 Et
453 2350 539 2384 istud
552 2352 738 2396 suffragium
753 2351 874 2394 placuit
886 2352 985 2385 etiam
996 2349 1166 2385 Thalaffio

274 2400 524 2435 Caesareenfium
538 2400 678 2435 Primati
693 2426 704 2442 ,
729 2401 915 2435 admittenti
937 2401 1030 2434 Ibam
1057 2401 1090 2434 in
1109 2399 1166 2434 ho-

273 2458 371 2484 nores
393 2449 565 2493 pristinos,
591 2450 680 2494 quod
701 2462 756 2495 pet
767 2450 940 2495 Synodum
956 2451 1165 2494 Berytensem

273 2499 380 2533 fuisset
401 2498 468 2543 jam
493 2499 618 2542 pridem
637 2500 791 2535 admissus
804 2525 814 2540 ‚
840 2501 873 2535 <Sc
892 2500 1060 2544 praesertim
1072 2500 1160 2544 quod

273 2548 399 2583 ibidem
406 2546 781 2592 anathematizaturumse
791 2550 847 2582 tlla
862 2572 872 2588 ‚
900 2561 968 2592 quae
979 2549 1161 2593 accusatores

272 2598 487 2643 deposuerant,
508 2596 699 2641 promifisset‚
727 2611 765 2634 ac
791 2600 1162 2643 etiamnumpromitte-

270 2658 321 2683 ret
334 2673 341 2680 .
365 2645 472 2696 Qud
484 2647 589 2693 ipsum
599 2649 633 2683 δε
643 2649 702 2682 alii
713 2649 866 2693 Episcopi
878 2647 1063 2692 judicarunt
1078 2675 1086 2682 .

322 2698 366 2732 Et
391 2698 471 2732 hinc
491 2698 606 2742 quinta
629 2698 785 2743 Synodus
803 2700 838 2734 <Sc
850 2698 1048 2742 Iustinianus
1060 2701 1161 2745 impe-

269 2758 358 2783 rator
368 2748 449 2782 reae
458 2747 613 2783 dixerunt
624 2747 688 2783 lbae
700 2748 885 2793 Epistolam
904 2749 944 2783 ab
957 2751 1051 2783 omni
1065 2748 1160 2785 Cha?-

270 2797 444 2833 cedonensi
467 2798 604 2841 Synodo
627 2798 814 2834 nullatenus
839 2800 933 2834 fuisse
955 2799 1127 2843 probatam
1150 2815 1161 2835 .-

270 2848 443 2896 Quoniam
467 2850 589 2892 privata
610 2849 741 2893 aliquot
756 2849 995 2894 Episcoporum
1008 2851 1041 2883 in
1056 2850 1148 2894 Syno

268 2899 322 2932 dis
343 2898 495 2943 suffragia
506 2908 708 2943 nequaqnam
722 2901 796 2934 sunt
806 2899 966 2943 judicium
979 2900 1137 2943 synodale
1151 2927 1157 2933 .

272 2947 369 2995 Qin
393 2947 497 2982 immo
517 2949 552 2982 in
575 2950 663 2983 sexta
685 2950 808 2993 quintae
831 2949 959 2994 Synodi
979 2949 1159 2985 collatione

270 2996 473 3032 Theodorus
490 2997 703 3046 Cappadocia:
729 2999 854 3034 Primas
880 3012 921 3034 ex
941 2998 1088 3034 adductis
1107 3001 1157 3044 Ju-

271 3048 394 3082 venalis
415 3048 448 3081 &
468 3046 627 3082 Thalassii
651 3049 810 3094 suffragiis
823 3050 952 3084 firmum
965 3050 1088 3093 accepit
1101 3050 1154 3085 ad-

270 3096 379 3131 versus
399 3095 462 3131 lbae
484 3097 667 3141 Epistolam
687 3099 958 3134 fundamentum:
978 3103 1153 3145 Juvenalis

270 3146 537 3189 Hierofhhmitanae
562 3153 699 3182 civitatis
725 3148 893 3193 Episcopus
919 3159 953 3182 ut
977 3151 1016 3183 de
1051 3150 1157 3192 haerefi

269 3206 403 3242 agentem
421 3204 630 3238 poenitentiam
642 3198 725 3231 Ibam
736 3223 747 3239 ,
774 3205 893 3233 veniam
906 3201 940 3233 Θ
951 3201 1154 3239 clementiam,

269 3249 402 3281 maxime*
419 3255 542 3289 propter
555 3246 732 3290 seneHutem
743 3273 754 3288 ‚
781 3250 907 3291 meruisse
918 3249 1104 3282 interlocutus
1115 3250 1153 3290 est

264 3295 425 3339 secundum
445 3296 577 3338 Ecclefiae
595 3299 794 3330 ‘cruditionem
816 3313 827 3332 .·
845 3300 950 3341 ,Juxta
977 3297 1151 3333 Canonem

270 3346 444 3382 adductum
456 3347 600 3383 &sancto
612 3345 793 3382 Athanasio
806 3348 840 3382 in
854 3348 999 3391 Epistola
1011 3347 1051 3382 ad
1071 3348 1150 3383 Ruf-

1970 92 1994 122 2
2005 79 2028 122 8
2043 91 2061 136 5

1243 152 1402 186 finianum
1430 178 1436 184 .
1475 153 1634 195 Thalaffius
1656 156 1802 201 Caesareae
1824 159 1988 203 Episcopus
2023 167 2125 205 aperte

1243 202 1365 244 ostendit·
1386 209 1419 236 in
1434 200 1492 246 sua
1512 206 1750 247 interlocutione,
1776 211 1856 251 quod
1874 223 2027 254 nunquam
2032 212 2125 257 susce-

1239 253 1324 297 ptffet
1345 252 1450 293 Ibam,
1476 252 1532 295 nifi
1542 256 1691 295 pollicitus
1712 258 1776 299 effet
1787 259 2041 295 anathematizare
2054 276 2090 296 ea
2108 289 2120 305 ‚

1241 315 1308 345 quae
1327 303 1366 336 ab
1386 300 1600 346 accusatoribus
1621 307 1683 344 ejus
1706 314 1738 340 in
1750 310 1873 350 5criptis
1884 312 2033 344 adversus
2056 325 2122 345 eum

1241 352 1367 395 deposita
1384 352 1458 397 sunt
1481 379 1487 385 .
1515 354 1638 387 Certum
1660 359 1731 389 vero
1751 357 1788 395 est
1808 381 1819 397 ‚
1843 360 1922 401 quod
1939 359 2121 404 accusatores

1241 404 1303 436 lbae
1334 403 1498 451 Epistolam
1528 405 1706 446 protulerint
1742 413 1774 439 in
1798 410 1862 449 ejus
1891 408 2121 453 accusationem.

1241 453 1320 488 Haec
1345 454 1511 497 Iuvenalis
1536 455 1569 488 &
1590 452 1751 488 Thalaffii
1770 458 1918 503 suffragia
1937 461 2121 502 quei-itura.

1240 505 1337 537 trium
1361 504 1590 547 Capitulorum
1613 504 1832 540 defensoribus
1854 509 1886 541 in
1908 516 2042 553 pravum
2057 513 2122 545 sen-

1239 555 1308 588 sum
1322 553 1527 598 detorqueri.

1290 604 1474 638 Eunomius
1493 603 1753 639 Nicomedienlis
1778 605 1974 649 Episcopus,
2003 610 2122 654 Bithy-

1239 665 1356 687 norum
1383 654 1595 698 Metropolita
1622 655 1667 688 est
1695 656 1736 689 de
1762 654 1817 689 Iba
1838 668 1874 689 ac
1901 657 2042 699 Epistola
2053 662 2120 704 ejus

1238 702 1327 736 hunc
1340 704 1375 736 in
1389 704 1524 738 modum
1544 705 1733 749 suffragatus
1745 719 1754 737 :
1775 709 1807 750 J
1810 718 1859 738 am
1878 708 1994 748 quidem
2006 720 2042 741 ex
2057 716 2094 742 iis
2109 736 2120 750 ‚

1236 764 1301 795 quae
1322 754 1430 786 relcc‘i'a
1449 752 1525 796 fiant
1550 778 1561 794 ‚
1596 759 1735 788 innoxius
1756 756 1935 797 approbatus
1967 756 2004 797 est
2038 771 2122 792 reve-

1237 804 1414 844 rendiffimus
1441 804 1512 836 Ihas
1538 828 1546 836 .
1585 808 1621 836 In
1643 805 1748 846 quibus
1772 812 1881 839 etenim
1905 808 2027 839 dicendo
2046 811 2124 845 mal}

1235 855 1352 895 culpare
1375 852 1459 897 visus
1483 853 1521 894 est
1544 853 1733 894 beatifflmum
1744 858 1902 895 Cyrillum,
1928 862 1959 889 in
1967 857 2121 899 postremis

1236 904 1315 937 recle
1336 904 1472 947 conftffus
1483 929 1494 944 ‚
1521 904 1574 936 illa
1595 910 1627 937 in
1649 904 1752 947 quibus
1763 906 1938 947 culpaverat
1950 907 2098 948 refutavit
2109 934 2118 941 .

1237 954 1321 987 Unda>
1334 956 1368 988 Θ·
1379 965 1429 998 ego
1439 954 1748 988 anathematizantem
1759 967 1824 988 cum
1836 955 2000 995 Nestorium
2013 959 2120 991 &Eu-

1237 1003 1335 1041 tychen
1347 1028 1358 1042 ,
1384 1007 1418 1038 (ς’
1433 1010 1526 1046 impia
1549 1016 1647 1038 eorum
1663 1006 1825 1050 dogmata,
1852 1006 2121 1050 &consentientem

1236 1057 1274 1084 iis
1286 1077 1296 1092 ‚
1322 1065 1390 1095 quae
1410 1057 1430 1087 ἃ
1447 1053 1619 1097 sanc‘ltffimo
1640 1055 1786 1100 Episcopo
1799 1059 1895 1089 Leone
1901 1055 2015 1099 scripta
2023 1057 2095 1100 fitz-t
2105 1084 2115 1098 ‚

1238 1103 1272 1135 Θ·
1295 1102 1361 1135 huic
1382 1103 1544 1147 universali
1556 1107 1681 1138 Concilio
1692 1130 1701 1145 ,
1729 1107 1854 1149 dignum
1868 1107 1918 1150 esso
1935 1106 2119 1150 Episcopatu

1237 1153 1358 1185 decerno
1371 1177 1379 1184 .
1407 1154 1511 1200 Qod
1524 1155 1709 1198 suffragium
1721 1150 1819 1189 trium
1831 1157 2054 1200 capitulorum
2067 1159 2120 1191 de-

1239 1203 1380 1236 fensores
1390 1205 1518 1247 magnis
1529 1204 1678 1239 laudibus
1688 1205 1894 1240 extulerunt.
1921 1206 1977 1240 Ab
1999 1207 2058 1241 illo
2071 1207 2121 1241 di-

1237 1263 1355 1286 xerunt
1377 1251 1685 1299 subtiliter'purgari
1712 1255 1892 1298 Epistolam
1912 1282 1922 1297 ‚
1951 1267 2119 1301 tamquam

1237 1312 1308 1345 quae
1327 1302 1363 1335 in
1385 1303 1433 1336 sui
1453 1303 1590 1338 exordio
1604 1306 1755 1339 adversus
1766 1306 1871 1340 Sancti
1885 1306 2004 1349 Cyrilli
2018 1309 2119 1351 perso-

1238 1363 1314 1385 nam
1335 1353 1370 1386 &
1393 1353 1534 1395 capitula
1558 1377 1569 1392 ,
1594 1355 1828 1399 Synodumque
1854 1355 2048 1399 Ephesinam
2073 1357 2119 1389 lc-

1235 1412 1352 1445 quatur
1371 1401 1542 1437 dumtaxat
1558 1404 1745 1444 recitative,
1771 1414 1804 1438 at
1825 1405 1903 1438 vero
1926 1406 1960 1438 in
1981 1406 2045 1439 fine
2059 1407 2120 1439 issa

1235 1451 1348 1485 omnia
1369 1452 1525 1486 adsertive
1546 1453 1660 1488 refutet
1682 1452 1858 1489 &damnet
1873 1479 1883 1495 ‚
1909 1457 2059 1498 atqueita
2076 1458 2118 1489 se-

1236 1501 1405 1545 metipsam
1425 1503 1513 1536 sanet
1534 1504 1568 1536 &
1589 1504 1744 1538 emundet
1762 1529 1769 1537 .
1800 1505 1959 1547 Reposuit
1983 1505 2058 1539 vero
2081 1507 2117 1540 in

1236 1550 1365 1586 laudata
1386 1552 1472 1585 sexta
1483 1551 1662 1586 collatione
1679 1552 1881 1588 Theodorus
1892 1555 2114 1589 Caesareenlis:

1236 1603 1388 1645 ‚Quomodo
1405 1600 1593 1646 praesumunt
1613 1604 1673 1636 Ibae
1694 1602 1862 1646 defensores
1884 1607 2060 1638 calumniari
2069 1612 2114 1638 in-

1235 1653 1450 1686 terlocuttonem
1469 1656 1612 1685 Eunomii
1633 1678 1644 1694 ‚
1670 1652 1753 1696 quasi
1765 1662 1886 1695 partem
1909 1657 2027 1696 quidem
2052 1668 2115 1688 con-

1234 1703 1426 1735 demnantem
1435 1702 1596 1744 Epistola»,
1619 1712 1741 1745 partem
1752 1712 1850 1737 autem
1872 1705 2116 1746 comprobantem,

1234 1763 1300 1785 oum
1321 1760 1383 1786 tota
1402 1752 1537 1794 Epistola
1557 1759 1722 1795 impietatis
1741 1754 1833 1795 plena
1844 1753 1908 1795 fit?
1935 1755 2117 1791 ostendere

1234 1811 1372 1836 conatur
1395 1802 1547 1845 Epistolae
1571 1803 1745 1846 posteriora
1766 1804 1828 1837 effe
1841 1806 1994 1845 nequiora
2007 1806 2118 1849 priori-

1234 1851 1294 1885 bus
1305 1876 1317 1892 ,
1343 1852 1506 1897 integram
1517 1852 1558 1887 ab
1570 1854 1639 1896 ipso
1650 1852 1707 1887 Iba
1720 1854 1812 1887 fuine
1824 1853 1858 1887 in
1872 1856 2009 1897 Synodo
2022 1855 2120 1898 Bery-

1235 1902 1314 1935 tenfi
1350 1901 1656 1937 anathematizatam
1674 1927 1685 1943 ‚
1711 1903 1910 1946 tandemque
1947 1905 2118 1938 concludit

1234 1951 1335 1985 solam
1358 1951 1455 1985 unius
1474 1953 1571 1995 partis
1584 1952 1760 1996 nequitiam
1774 1951 1913 1986 omnino
1925 1955 2066 1989 sufficere
2077 1952 2118 1989 ad

1234 2001 1336 2035 totius
1348 2001 1503 2046 Epistolae
1514 2002 1763 2036 damnationem
1773 2027 1781 2034 .

1284 2051 1395 2085 Etiam
1417 2052 1557 2095 Ioannis
1569 2051 1732 2086 Sebasteni
1753 2053 1786 2085 in
1807 2053 1907 2096 prima
1919 2051 2078 2089 Armenia
2098 2080 2109 2095 ‚

1234 2100 1357 2135 Seleuci
1376 2102 1410 2134 in
1435 2101 1675 2144 Helenoponto
1698 2101 1876 2144 Amaseni,
1902 2103 2116 2139 Constantini

1233 2151 1451 2186 Melitinenfis
1467 2151 1501 2184 in
1514 2151 1670 2186 Armenia
1692 2152 1831 2186 secunda
1843 2177 1854 2192 ‚
1881 2149 2009 2187 I‘atr'itii
2023 2154 2116 2198 Tya-

1232 2201 1340 2235 nenfis
1353 2201 1386 2234 in
1400 2201 1536 2235 secunda
1549 2201 1757 2245 Cappadocia
1770 2227 1780 2243 ,
1791 2213 1828 2236 ac
1843 2202 1932 2236 Petri
1946 2204 2115 2248 Gangren-
2143 2219 2146 2235 ι

1230 2252 1269 2284 fis
1285 2251 1318 2285 in
1331 2249 1558 2296 Paphlagonia
1570 2252 1810 2296 Metropolim,
1826 2264 1887 2287 nec
1900 2265 1967 2287 non
1983 2254 2112 2288 Atarbii

1231 2301 1469 2345 Trapezuntini
1495 2302 1670 2345 Episcopi,
1696 2302 1824 2346 agentis
1845 2303 1931 2337 vices
1946 2304 2112 2338 Dorothei
2148 2321 2155 2328 ·

1230 2350 1529 2386 Neo-Caesareenfis
1549 2353 1582 2386 in
1596 2351 1709 2397 Pqnto
1729 2351 1967 2386 polemoniaco
1988 2355 2112 2389 Metro-¹

1229 2401 1338 2444 politae
1352 2427 1362 2442 ,
1374 2402 1407 2435 ἃ
1420 2402 1558 2436 aliorum
1571 2402 1634 2435 illis
1648 2401 1917 2445 adstipulantium
1932 2404 2110 2449 Episcopo·
2130 2420 2132 2422 ¹

1227 2463 1297 2486 rum
1310 2451 1458 2497 suffragia
1470 2453 1600 2487 fuerunt
1611 2451 1765 2496 ambigua
1776 2478 1785 2493 ‚
1799 2452 1863 2486 lbae
1875 2452 2110 2498 Episcopatum

1227 2502 1315 2544 quafi
1330 2499 1580 2536 misericorditer
1593 2503 1791 2536 restituentia
1803 2525 1813 2541 ‚
1839 2503 1929 2543 quod
1949 2505 2063 2537 omnia
2074 2504 2111 2536 fi-

1228 2551 1260 2585 bi
1272 2551 1398 2594 objesta
1411 2551 1552 2596 negasset
1565 2554 1599 2585 in
1613 2550 1750 2595 Synodo
1765 2552 1928 2594 Berytenli
1944 2576 1953 2592 ,
1973 2552 2007 2586 &
2017 2553 2109 2597 quod

1225 2601 1348 2635 ibidem
1360 2602 1657 2636 anathematizasset
1669 2602 1860 2635 Nestorium
1873 2626 1883 2642 ,
1909 2602 1941 2635 ὃ(
1954 2604 2055 2637 modo
2069 2604 2104 2637 in

1224 2651 1336 2685 omnia
1348 2650 1509 2694 praesentis
1521 2649 1646 2694 Synodi
1670 2652 1770 2686 etiam
1795 2651 1942 2686 adversus
1953 2653 2107 2687 eumdem

1224 2701 1413 2735 Nestorium
1436 2702 1573 2736 Decreta
1608 2701 1823 2736 consentiret.
1852 2701 1894 2735 Et
1907 2700 1970 2735 illis
1990 2714 2107 2737 omnes

1222 2749 1363 2784 omnino
1385 2751 1539 2795 Episcopi
1564 2751 1783 2786 acclamarunt
1803 2764 1809 2783 :
1844 2751 2009 2791 Nestorium
2033 2753 2107 2786 lbas

1223 2803 1306 2834 modo
1316 2801 1553 2836 anathematizet
1565 2825 1577 2843 ,
1602 2801 1751 2841 Eutychen
1773 2803 1807 2836 &⁴
1818 2802 1957 2846 dogmata
1968 2805 2031 2844 ejus
2048 2815 2107 2835 mo-

1221 2853 1258 2884 do
1281 2850 1534 2885 anathematizet.
1562 2852 1606 2886 Et
1629 2851 1683 2885 ille
1706 2852 1846 2886 omnino
1864 2851 2031 2894 obedivit,
2057 2854 2106 2887 so·-

1221 2901 1360 2936 lenniter
1371 2901 1501 2936 locutus
1521 2902 1562 2937 ad
1574 2904 1703 2946 plenam
1718 2900 1887 2945 Synodum
1905 2916 1915 2936 .·
1935 2906 1986 2938 Et
1990 2905 2060 2944 jam
2072 2910 2107 2936 tn

1220 2950 1611 2994 scrfflto'anathematizavi
1622 2951 1789 2992 Nestorium
1800 2977 1811 2992 ‚
1842 2950 1959 2995 ejusque
1975 2953 2080 2996 dogma
2092 2978 2104 2992 ‚

1219 3003 1252 3035 Θ·
1265 3013 1341 3035 nunc
1350 3013 1415 3034 eum
1427 3002 1647 3036 anathematizo
1659 3004 1751 3035 decies
1762 3002 1867 3035 millies
1882 3027 1889 3034 .
1922 3004 2017 3045 ‚Quod
2025 3009 2105 3035 enim

1212 3050 1306 3094 semel
1311 3052 1349 3092 fit
1362 3063 1398 3083 ex
1412 3058 1513 3084 animo
1522 3076 1532 3092 ‚
1554 3051 1583 3094 fi
1586 3052 1644 3094 fiat
1657 3053 1747 3084 decies
1761 3052 1866 3085 millies
1877 3076 1888 3092 ‚
1916 3064 1974 3085 non
2002 3059 2105 3084 contri-

1209 3099 1272 3141 stat
1293 3125 1299 3131 .
1339 3096 1503 3133 Anathcm'a
1529 3103 1563 3135 (9⁶
1587 3101 1643 3152 ἱρῇ
1654 3095 1814 3143 ’Νεβονὶῃ
1841 3103 1875 3135 (3⁹
1896 3100 2041 3141 Eutychi,
2069 3104 2104 3135 ἐπ’

1219 3162 1312 3184 unam
1323 3151 1430 3182 dicenti
1441 3159 1582 3184 naturam
1592 3175 1600 3184 .
1627 3153 1674 3186 Et
1690 3147 1804 3185 omnem
1814 3163 1879 3184 eum
1891 3176 1901 3192 ,
1928 3156 2044 3193 quinon
2055 3149 2103 3195 sa-

1216 3205 1266 3242 pit
1274 3199 1347 3241 ficut
1359 3198 1422 3233 haec
1434 3198 1545 3243 santia
1555 3201 1681 3240 synoda}
1694 3224 1706 3240 ‚
1729 3201 1967 3235 anathematizo.
1995 3200 2043 3234 lta
2057 3211 2103 3234 re-

1219 3260 1330 3292 ceptus
1357 3249 1420 3282 fuit
1442 3250 1476 3284 in
1503 3251 1737 3294 Episcopatum
1752 3276 1759 3282 .
1795 3250 1923 3296 Qbus
1945 3250 2102 3284 omnibus

1220 3297 1419 3333 Theodorus
1430 3298 1611 3344 Cappadox
1623 3302 1658 3335 in
1669 3301 1753 3335 dic‘ta
1765 3301 1848 3334 sexta
1861 3300 2038 3334 collatione
2050 3300 2103 3334 ad-

1215 3348 1322 3383 versus
1336 3348 1427 3383 Ibam
1452 3350 1516 3385 fuit
1551 3361 1700 3394 potenter
1712 3350 1803 3398 usus.
1831 3350 1884 3384 Ex
1903 3348 2046 3384 articulis
2066 3350 2102 3383 in

1914 3398 2052 3444 Synodo
