2340 3736
60 842 215 882 Epist.3xc.

60 1149 212 1187 Epist-370-

59 1493 131 1531 Cap.
147 1497 194 1524 88.

59 1650 91 1679 L·
112 1659 175 1683 107·

58 2296 175 2328 Σάος.

557 157 661 202 DE

227 242 361 286 finiliter
373 245 500 275 Ananiae
506 239 538 283 J
539 240 692 272 udaeorum
704 239 837 278 Principi
864 237 1052 268 sacerdotum
1063 234 1116 267 lin·

232 303 326 338 guam
335 292 483 326 adversus
496 288 604 329 christi
614 286 768 331 discipulos
787 295 952 319 moventem
961 309 971 325 ,
994 284 1117 326 fhnilem

234 343 275 375 ab
285 348 329 377 ets
340 343 570 386 indignationem
581 344 717 381 experiri.
738 335 843 371 Addit
857 334 1047 370 Facundus.
1070 337 1116 366 Et

233 401 362 432 eaetera,
372 404 437 435 quae
448 397 480 424 in
492 392 591 424 eodem
600 398 679 431 opere
691 412 702 428 ,
719 386 819 429 fiquis
835 387 911 418 volet
922 409 932 424 ‚
960 389 1113 417 inveniet.

237 443 286 477 At
299 454 381 487 opus
407 442 474 486 jam
485 441 609 484 pridem
633 439 778 473 amissum
791 434 853 469 est.
880 434 960 476 Ejus
970 434 1113 477 quaedam

237 492 317 526 citat
329 494 427 527 etiam
442 491 601 525 Leontius
610 484 799 523 Monachus
810 484 1013 527 Byzantinus
1024 509 1031 515 .

284 542 400 576 Etiam
421 542 560 574 Isidorus
581 537 778 574 Pelusiotes,
804 533 951 567 Ecclefiae
972 533 1114 567 Alexan·

233 591 334 626 drinae
355 590 586 625 laudatissimus
608 595 704 629 atque
724 584 956 618 eruditiffimus
978 583 1115 626 Presby·

234 651 305 683 ter,
330 640 502 684 quemipsc
520 635 665 683 Cyrillus
676 635 856 678 Episcopus
877 633 1006 667 Patrem
1020 634 1112 667 suum

234 692 343 731 dixit,
368 691 403 724 δε
424 700 460 723 ut
479 687 610 721 Patrem
628 685 753 724 coluit,
781 684 915 718 damnat
937 683 1090 727 Capitula
1103 708 1113 724 ,

234 741 377 775 scribens
396 737 437 773 ad
464 737 629 780 Cyrillum
651 759 660 775 ,
688 733 856 777 Ephefinae
875 734 1012 777 Synodo
1035 734 1113 767 Prae·

234 791 388 826 fidentem
408 814 415 821 .
457 785 691 827 Examintjusto
711 783 816 827 causas
830 789 974 826 permitte
990 809 997 816 .
1024 784 1113 816 Multi

234 851 264 874 te
275 838 357 883 quasi
368 847 424 879 per
446 838 616 871 comaediam
636 836 762 868 irrident
773 846 810 867 en
833 834 901 874 his,
927 839 979 875 qui
1005 834 1112 866 collec‘li

227 889 300 934 sunt
312 894 344 921 in
365 886 539 931 Ephesum,
566 887 647 928 quod
662 890 824 928 privatam
845 886 990 925 injuriam
1014 885 1114 915 vindi-

232 950 328 978 cans,
352 949 412 971 non
422 949 490 980 quae
512 934 720 979 Christisum‚
749 934 906 967 orthodoxe*
927 939 1090 976 requireris
1108 958 1114 964 .

231 991 343 1021 Dicunt
353 1013 363 1028 ‚
390 989 469 1031 quod
475 986 660 1030 consobrinus
673 983 825 1027 Theophili
841 982 878 1023 est
890 1009 900 1024 ,
925 985 961 1017 ὢ·
977 989 1113 1015 imitatus

231 1040 311 1072 illius
333 1040 516 1071 voluntatem
528 1063 535 1069 .
563 1039 640 1070 Sicut
651 1040 729 1069 enim
751 1035 799 1067 ille
812 1031 961 1076 insaniam
980 1041 1115 1075 apertam

232 1088 356 1129 diffudit
379 1098 482 1122 contra
500 1091 656 1132 Joannem
677 1084 803 1125 nostrum
815 1108 826 1125 ‚
844 1082 884 1125 fic
900 1082 1115 1126 concupiscit&

232 1139 281 1171 ille
287 1140 430 1183 gloriari.
459 1138 545 1171 Eum
569 1135 715 1170 hortatur
736 1159 747 1175 ‚
773 1142 807 1166 ut
827 1132 991 1176 requiescat
1012 1135 1032 1165 a
1052 1144 1114 1165 con-

233 1195 361 1222 tentione
374 1212 385 1227 ,
412 1199 464 1220 nec
476 1188 614 1220 ultionem
620 1189 776 1227 propriam
790 1185 971 1224 injuriarum
982 1208 993 1223 ‚
1019 1194 1086 1224 quae
1098 1185 1117 1214 ἃ

233 1237 410 1271 mortalibus
422 1236 588 1273 hominibus
602 1235 724 1268 debetur
736 1258 747 1274 ‚
771 1238 872 1278 exigat
882 1235 902 1265 ἃ
924 1239 1048 1266 vivente
1060 1236 1089 1264 E
1092 1244 1116 1265 c-

233 1285 313 1329 clesta
325 1312 336 1328 ‚
364 1289 396 1321 (ar
407 1295 549 1320 aeternam
559 1284 735 1329 discordiam
742 1282 800 1327 sub
806 1291 965 1325 praetextu
987 1288 1115 1325 pietatis

234 1338 360 1380 edificet
373 1363 382 1371 .
712 1358 714 1360 -

283 1389 338 1422 De
348 1389 472 1431 Joanne
486 1387 563 1422 item
576 1386 724 1421 Ecclefiae
743 1383 961 1420 Antiochenae
983 1383 1116 1426 Presby-

233 1447 304 1472 tero
316 1438 424 1472 scribit
453 1439 488 1471 in
511 1437 676 1482 Catalogo
689 1435 880 1470 Gennadius
893 1434 1095 1468 Massiliensis
1111 1459 1117 1465 .

234 1492 394 1531 Impugnat
421 1489 539 1530 aliquas
563 1488 663 1526 cyrilli
687 1487 887 1519 Alexandrini
897 1482 1036 1527 Episcopi
1051 1481 1115 1526 sen·

236 1544 348 1570 tentias
358 1561 368 1577 ‚
394 1539 498 1571 docens
513 1539 628 1571 incaute
641 1536 680 1569 ab
689 1537 738 1569 illo
742 1537 880 1577 prolatas
895 1535 1042 1567 adversus
1055 1538 1119 1566 Ne-

229 1587 355 1628 storem,
382 1599 448 1630 quae
459 1599 534 1621 nunc
550 1587 721 1629 fomentum
741 1584 814 1629 sunt
826 1609 836 1625 ‚
862 1585 991 1619 &robur
1001 1585 1119 1616 addunt

235 1637 437 1670 Timotbeanis
457 1662 463 1668 .
492 1638 536 1670 Et
558 1637 644 1680 apud
666 1635 825 1668 Photium
851 1635 883 1668 in
913 1632 1118 1668 Bibliotheca

235 1685 372 1720 Basilius
393 1685 509 1726 Cilix,
535 1685 677 1729 ejusdem
703 1685 849 1718 Ecclefiae
871 1684 1041 1726 Presbyter
1062 1682 1120 1717 sub

235 1735 408 1768 Anastasio
422 1735 576 1779 Augusto
588 1736 623 1768 ὅ(
649 1735 807 1768 Flaviano
821 1733 962 1768 secundo
984 1733 1121 1768 Patriar-

233 1782 295 1818 cha
309 1808 320 1824 ,
332 1785 502 1829 impugnat
518 1783 618 1818 libros
633 1784 768 1826 Joannis
779 1782 1043 1826 Schytopolitani
1056 1806 1067 1822 ,
1086 1783 1120 1816 &

233 1834 388 1877 Capitula
401 1832 520 1877 Cyrilli
537 1858 547 1873 ,
560 1834 733 1877 praesertim
743 1833 986 1867 duodecimum.
1009 1833 1119 1866 Etiam

233 1883 275 1918 ab
288 1883 412 1918 Acacio
424 1881 609 1917 Berrheenfi
622 1884 785 1927 Episcopo
794 1908 804 1924 ‚
821 1882 910 1916 istius
923 1882 1025 1916 saeculi
1041 1884 1120 1916 sum-

234 1945 292 1968 mo
315 1933 490 1973 luminari,
515 1933 799 1976 fuiffeimprobata
822 1933 980 1977 gloriatur
1005 1931 1120 1967 Theo-

234 1985 365 2018 doretus
376 1985 409 2017 in
423 1984 537 2018 litteris
551 1983 592 2018 ad
622 1985 796 2017 Domuum
819 1982 1039 2016 Patriarcham
1052 1981 1120 2016 An-

234 2031 429 2068 tiochenum
442 2059 450 2066 .
479 2034 532 2067 Ex
544 2033 662 2077 quibus
673 2032 828 2068 omnibus
842 2034 944 2077 liquet
963 2033 1118 2076 Capitula

235 2081 305 2115 haec
316 2106 327 2122 ,
352 2084 369 2115 a
380 2083 479 2115 tantis
500 2084 576 2116 viris
587 2084 684 2117 etiam
697 2084 801 2126 potest
828 2083 1000 2126 Synodum
1014 2082 1121 2126 Ephe-

234 2131 338 2165 finam
360 2130 540 2174 improbata
553 2155 564 2171 ‚
590 2142 645 2174 per
656 2132 745 2165 illam
756 2144 792 2165 ac
805 2134 991 2167 Romanam
1011 2133 1121 2167 Eccle-

234 2181 312 2214 fiam
336 2179 470 2222 probata
483 2191 552 2213 non
577 2181 688 2214 fuisse.
716 2180 878 2225 Alioquin
891 2183 980 2216 enim
991 2183 1120 2216 firmum

232 2229 280 2264 est
303 2228 520 2272 quorumdam
542 2240 773 2274 argumentum
793 2255 803 2270 ,
829 2231 1011 2265 dicentium
1035 2231 1120 2275 apud

236 2278 408 2313 laudatum
428 2279 622 2313 Facundum
634 2279 674 2313 de
697 2280 866 2324 Episcopis
877 2281 1119 2315 Orientalibus:

233 2332 321 2373 ,Quia
332 2340 389 2362 non
402 2336 466 2362 tam
475 2338 578 2362 contra
592 2329 710 2362 beatum
730 2332 869 2369 cyrillum
879 2356 889 2371 ‚
920 2333 1010 2373 qucim
1019 2340 1120 2364 contra

236 2377 417 2422 prefinam
428 2381 570 2417 synodum
579 2380 665 2412 locuti
670 2378 745 2422 fient
755 2405 765 2420 ,
776 2387 824 2422 qui
832 2382 945 2422 parum
956 2381 1120 2425 intelligen-

234 2430 272 2462 do
283 2430 362 2473 male*
372 2430 408 2461 de
420 2430 479 2462 illis
487 2431 557 2471 jam
567 2435 688 2472 receptis
701 2432 850 2472 Capitulis
865 2432 1052 2464 crediderunt
1061 2457 1068 2463 .

285 2478 483 2522 Respondeo
504 2489 613 2513 tamen
638 2479 793 2523 Capitula
813 2482 876 2515 effe
888 2480 1028 2515 omnino
1049 2492 1120 2524 pro-

235 2529 330 2570 bata,
357 2530 392 2562 ὃ(
404 2540 458 2572 per
470 2530 656 2563 Romanam
669 2529 846 2564 Ecclesiam
859 2555 869 2570 ‚
893 2532 925 2565 &
941 2543 995 2574 per
1015 2530 1120 2574 Ephe-

232 2580 337 2613 finam
359 2579 552 2622 Synodum,
578 2580 611 2613 &
635 2579 768 2623 quidem
794 2581 827 2614 in
849 2581 972 2623 judicio
992 2590 1117 2615 contra-

233 2627 373 2662 distorio
384 2652 391 2659 .
422 2629 555 2662 Etenim
566 2629 704 2672 Joannes
719 2629 947 2665 Antiochenus
959 2656 969 2672 ‚
997 2630 1037 2665 ad
1051 2631 1122 2665 illa-

234 2689 303 2711 tam
316 2676 381 2710 illis
391 2678 625 2712 contumeliam
638 2680 655 2712 a
669 2681 787 2714 Sancio
807 2681 938 2723 Cyrillo
949 2681 1068 2715 citatus
1079 2681 1119 2715 ad

234 2728 256 2761 S
261 2726 411 2769 ynodum
423 2728 456 2761 &
471 2728 580 2762 Roma
592 2729 700 2762 missos
723 2730 865 2775 Legatos
889 2729 1097 2774 Apostolicos
1109 2756 1118 2771 ‚

234 2778 290 2811 fibi
305 2776 360 2820 ipfi
371 2776 492 2819 defuit,
520 2789 703 2822 comparere
715 2791 782 2813 non
795 2781 903 2814 ausus.
931 2784 1117 2824 Rogavimus

232 2829 317 2861 illum
329 2850 339 2866 ,
366 2827 472 2871 inquit
483 2829 516 2861 in
531 2828 616 2862 libro
642 2829 682 2863 ad
695 2828 880 2874 Principem
893 2829 1118 2876 Apologetico

178 2885 180 2887 ’
233 2875 379 2920 Cyrillus
402 2902 412 2917 ,
437 2887 470 2910 ut
483 2880 580 2919 juxta
601 2878 811 2919 Ecclesiasticus
832 2882 910 2924 leges
936 2886 968 2913 in
990 2881 1117 2913 medium

231 2928 392 2969 prodiret,
418 2924 482 2970 suos
487 2927 637 2970 sermones
651 2929 827 2971 firmaturus
840 2955 851 2970 ‚
876 2929 1036 2973 errorisque
1067 2942 1118 2963 nos

230 2982 417 3011 convinceret
438 3001 445 3008 .
472 2974 537 3020 Ipse
558 2988 656 3012 autem
677 2984 709 3012 in
729 2991 795 3013 eam
814 2979 972 3020 stultitiam
994 3003 1005 3019 ‚
1030 2983 1117 3013 immo

233 3029 306 3060 ver&
329 3027 518 3059 timiditatem
529 3039 566 3060 ao
583 3027 811 3071 desperationem
818 3028 974 3072 prolapsus
997 3030 1035 3070 est
1046 3054 1057 3070 ,
1083 3039 1116 3063 ut

235 3086 327 3118 neque
336 3076 380 3107 ad
388 3087 439 3108 nos
453 3082 552 3111 venire
564 3101 575 3117 ,
601 3089 691 3120 neque
696 3077 834 3121 sanciam
855 3081 997 3118 synodum
1008 3086 1116 3114 intueri

235 3123 428 3169 aususfuerit
441 3149 452 3166 ‚
464 3125 604 3170 ideoque
615 3128 815 3170 synodaliter
826 3129 1007 3163 damnatus.
1033 3130 1116 3163 Eun-

234 3174 311 3209 dem
322 3199 333 3214 ,
359 3174 439 3209 dum
451 3177 654 3211 contumeliae
664 3177 809 3213 chartam
821 3180 924 3213 affixit
937 3179 1054 3214 theatri
1068 3192 1119 3223 pa-

235 3223 368 3258 rietibus
389 3249 400 3264 ‚
435 3224 452 3257 ὲ
479 3226 554 3259 Deo
573 3235 662 3260 mota
691 3227 903 3271 Ephesiorum
929 3228 1116 3263 orthodoxa

235 3274 332 3309 Plebs
338 3273 444 3317 palam
456 3274 548 3309 irrisit
560 3300 567 3307 .
590 3275 693 3310 Aliud
702 3278 867 3323 dogmatis
878 3278 1040 3313 decretum
1050 3290 1115 3313 non

236 3325 314 3359 fecit
336 3323 511 3366 synodus.-
538 3325 612 3359 Sola
635 3325 786 3369 Capitula
809 3330 883 3362 sunt
904 3328 1065 3372 Ephesina
1086 3329 1118 3361 fi-

234 3373 311 3415 des,
337 3385 435 3417 quam
463 3384 500 3408 ut
510 3375 576 3408 Dei
600 3376 817 3419 Evangelium
837 3378 947 3412 omnis
973 3378 1031 3412 sub
1041 3379 1119 3412 caelo

235 3423 378 3458 Ecclesia
400 3425 464 3458 fuit
485 3425 608 3468 semper
627 3436 792 3460 venerata.
820 3427 914 3461 Hinc
937 3428 1041 3471 pergit
1055 3427 1120 3471 Cy·

239 3474 347 3506 xillus.
377 3475 465 3507 Fidei
484 3486 556 3508 meae
569 3474 738 3509 rectitudini
760 3475 953 3516 testimonium
969 3477 1122 3519 perhibuit

238 3523 277 3557 (5
300 3526 434 3555 Romana
455 3523 602 3566 Ecclesia,
628 3526 662 3559 (τί
680 3523 790 3568 sanc‘la
811 3538 921 3570 quoque
938 3529 1065 3566 synodus
1085 3540 1121 3562 ex

336 3570 439 3613 chria.
455 3576 530 3618 Lupi
542 3578 623 3618 oper.
637 3578 751 3608 Tomn.

733 155 1199 199 CoNc1L10
1271 148 1752 194 Epuesruo.

1941 166 1956 194 1
1970 164 1998 211 7

1177 227 1315 272 universo
1336 228 1402 262 orbe
1421 240 1612 273 congregata.
1643 229 1717 264 Esse
1728 229 1813 273 apud
1834 242 1950 265 omnes
1973 242 2063 266 extra

1182 277 1434 314 Antiochenum
1455 278 1712 316 Patriarchatum
1733 279 1913 324 Episcopos
1934 283 2067 316 summae

1177 329 1394 369 auctoritatis,
1421 330 1540 363 fatetur
1552 331 1587 362 in
1620 332 1760 365 laudatis
1771 329 1812 364 ad
1824 331 1998 365 Domuum
2016 334 2068 365 lit-

1177 381 1252 414 teris
1266 380 1331 423 ipse
1353 378 1606 414 Theodoretus.
1634 381 1780 415 Fuere&
1800 382 1885 423 apud
1908 382 2067 423 quosdam

1177 430 1286 465 inisto
1306 429 1527 464 Patriarchatu
1542 443 1553 462 .·
1579 428 1671 462 Nam
1693 430 1940 465 Osrhoenorum
1967 432 2068 465 Cleri-

1175 492 1292 514 corum
1303 479 1453 514 adversus
1464 479 1554 513 Ibam
1567 479 1817 521 Metropolitam
1838 481 1958 516 famosa
1971 482 2068 516 rebel-

1176 531 1223 564 lio
1235 541 1293 574 pro
1314 541 1436 575 magno
1446 528 1663 564 fundamento
1675 527 1791 563 habuit
1801 554 1811 569 ,
1838 531 1927 574 quod
1938 533 1994 567 ille
2007 533 2069 566 Ca-

1176 582 1279 624 pitula
1296 579 1483 615 damnaret.

1226 630 1452 665 Addustarum
1473 630 1569 675 porro
1586 628 1884 664 contradictionum
1910 634 2002 667 radix
2022 634 2068 668 est

1176 679 1305 724 duplex.
1316 681 1459 714 Primam
1471 682 1608 724 exponit
1615 681 1790 715 Facundus
1799 682 1975 724 Episcopus
1986 685 2084 718 Her-.n

1177 731 1349 764 mianensis
1363 755 1370 762 .
1397 733 1524 769 cyrillus
1543 730 1674 771 Nestorio
1690 730 1867 774 respondens
1881 755 1891 771 ‚
1917 739 1967 772 qui
1978 744 2070 767 unum
2088 730 2115 758 L*
2127 730 2153 756 6.
2166 735 2220 762 0-3-

1177 779 1367 820 Christumm
1387 782 1459 814 duos
1468 781 1549 823 filios
1570 781 1748 820 dividebat,
1774 782 1876 825 necesse
1887 793 1944 814 non
1967 781 2069 816 habuit

1177 833 1212 863 de
1222 830 1342 863 duabus
1365 836 1482 863 naturis
1492 832 1640 864 adversus
1651 843 1717 864 eum
1728 832 1897 865 evidentius
1919 839 2007 874 atque
2018 845 2069 866 ex-

1174 882 1292 922 p‘reffius
1315 878 1486 923 disputare·
1514 884 1600 925 ,Quin
1623 885 1732 921 immo,
1764 894 1799 914 ne
1820 884 1911 924 qucim
1921 883 2010 915 daret
2027 895 2069 916 oc-

1176 930 1309 972 cafionem
1329 931 1394 971 ejus
1414 937 1522 964 erroris
1536 954 1546 970 ‚
1567 938 1691 973 parcius
1704 933 1742 964 de
1763 941 1943 965 naturarum
1966 934 1997 964 di
2011 945 2070 966 cre-

1177 987 1254 1015 tione
1274 982 1382 1014 locutus
1405 981 1443 1021 est
1457 1006 1467 1021 ‚
1494 993 1530 1015 ne
1541 983 1605 1014 cum
1630 981 1692 1025 ipse
1703 990 1832 1015 naturas
1859 981 2067 1026 distingueret,

1177 1033 1225 1064 ille
1235 1032 1310 1064 duas
1322 1028 1466 1074 personas
1491 1033 1658 1065 induceret.
1685 1034 1850 1065 Sermonem
1856 1031 1944 1075 suum
1970 1039 2068 1076 magis

1177 1082 1222 1113 ad
1237 1092 1272 1113 ea
1284 1105 1294 1121 ,
1319 1093 1387 1123 quae
1410 1088 1536 1114 unitatis
1549 1081 1622 1125 funt
1634 1107 1645 1122 ‚
1671 1082 1859 1124 coare‘labat3
1881 1082 1980 1123 ficute
2005 1095 2069 1115 con-

1178 1136 1269 1163 trario
1285 1135 1400 1172 priores
1412 1131 1546 1171 Ecclefiae
1571 1132 1729 1173 Doctores,
1756 1131 1960 1175 respondentes
1983 1135 2070 1175 Apol-

1177 1182 1269 1214 linari
1282 1205 1292 1220 ,
1318 1189 1493 1212 naturarum
1505 1180 1704 1221 diversitatem
1708 1181 1865 1221 stultissime
1885 1182 2068 1223 confunden-

1178 1237 1202 1263 ti
1226 1255 1238 1271 ,
1264 1237 1296 1263 in
1318 1242 1421 1263 earum
1442 1230 1656 1271 distindJionem
1686 1233 1815 1273 amplius
1839 1232 2066 1266 incumbebant.

1180 1283 1285 1324 ‚Quare
1308 1279 1367 1323 ipse
1378 1280 1511 1320 Nestorio
1532 1289 1702 1324 repugnans
1709 1289 1817 1323 putari
1827 1294 1884 1315 non
1905 1283 2007 1316 debuit
2017 1295 2068 1316 ne·

1173 1331 1252 1375 gasse
1274 1330 1474 1371 dtfferentiam
1509 1340 1687 1364 naturarum
1707 1357 1717 1372 ‚
1740 1333 1986 1374 quemadmodum
2015 1345 2067 1366 nec

1179 1383 1222 1414 illa·
1239 1388 1440 1424 repugnantes
1467 1381 1650 1423 Apollinari,
1671 1384 1806 1424 putandi
1825 1381 1895 1424 sunt
1918 1390 2066 1416 unitatem

1180 1429 1436 1475 negaffeperfhnae.
1460 1434 1546 1474 ,Quia
1557 1443 1614 1464 non
1624 1433 1701 1464 idem
1708 1431 1825 1475 semper
1835 1433 1902 1465 ordo
1908 1432 1946 1473 est
1952 1441 2064 1475 pugnae

1179 1483 1232 1515 vel
1251 1483 1375 1522 modus,
1399 1480 1498 1524 sedin
1523 1489 1719 1525 oppugnatore
1729 1481 1816 1525 causa
1841 1481 1899 1522 est,
1925 1485 2066 1526 quomod&

1179 1538 1323 1564 contraire
1336 1531 1440 1563 debeat
1448 1539 1650 1575 propugnator
1659 1556 1666 1564 .
1695 1531 1926 1567 Nihilominus
1936 1532 2066 1576 quibus-

1181 1580 1257 1615 dam
1269 1581 1398 1620 Bafilii,
1426 1581 1579 1626 Gregorii
1602 1581 1763 1625 Nysseni‚
1789 1583 1993 1626 aliorumque
2004 1583 2066 1617 Pa-

1183 1642 1268 1664 trum
1281 1629 1430 1664 adversus
1443 1630 1665 1674 Apollinarim
1677 1630 1771 1666 diuis
1798 1632 1923 1666 strenue
1935 1634 1968 1666 in
1981 1644 2067 1666 erro-

1183 1693 1250 1715 rem
1262 1682 1354 1714 suum
1367 1680 1453 1714 abusi
1466 1681 1540 1714 sunt
1559 1681 1746 1715 Nestoriani
1759 1706 1769 1721 ‚
1799 1695 1836 1716 ac
1846 1683 2006 1726 ejusmodi
2019 1683 2067 1716 di-

1183 1733 1230 1765 &a
1242 1731 1429 1764 Diodorum
1443 1729 1659 1765 Tharsensern
1673 1732 1872 1775 Episcopum
1886 1757 1896 1772 ,
1911 1744 2007 1774 quem
2018 1733 2063 1767 ob

1183 1780 1436 1824 probatiffimam
1450 1780 1547 1815 sidem
1558 1781 1713 1824 synodus
1724 1781 2066 1826 Constantinopolita-

1185 1842 1224 1864 na
1237 1830 1326 1864 dedit
1340 1830 1555 1865 Antiocheno
1567 1831 1802 1866 patriarchatui
1822 1833 1964 1867 radicem
1976 1844 2067 1867 com-

1183 1881 1373 1922 munionis,
1399 1881 1607 1916 diffamarunt
1625 1892 1791 1925 tamquam
1814 1884 1941 1917 fontem
1950 1884 2066 1917 erroris

1184 1931 1395 1972 Nestoriani,
1422 1931 1688 1975 subjeceruntque
1703 1933 1810 1966 eidem
1834 1933 2002 1977 periculo,
2029 1934 2064 1966 in

1183 1993 1249 2025 quo
1262 1992 1317 2024 per
1329 1981 1479 2022 quintam
1491 1982 1663 2025 Synodum
1677 1983 1770 2025 periit
1781 1982 1980 2017 Theodorus
1988 1983 2067 2017 Mo-

1186 2031 1387 2074 psuestenus.
1415 2032 1468 2065 Sic
1481 2033 1581 2076 igitur
1606 2034 1640 2067 &
1654 2034 1785 2067 Sanctus
1804 2033 1951 2076 Cyrillus
1972 2033 2017 2067 ob
2031 2035 2065 2066 in

1186 2081 1375 2116 Nestorium
1387 2081 1543 2125 Capitula
1569 2083 1656 2127 apud
1669 2083 1854 2117 Orientales
1882 2083 2065 2126 Episcopus

1185 2132 1317 2165 incurrit
1327 2130 1367 2164 de
1379 2131 1587 2173 Apollinario
1598 2132 1825 2175 suspicionem,
1837 2132 1940 2166 immo
1951 2134 2064 2167 firmis-

1185 2182 1317 2220 simam,
1338 2192 1379 2214 ex
1404 2191 1467 2224 qua
1479 2180 1672 2222 damnatus,
1700 2182 1913 2225 opinionem.

1234 2230 1343 2272 Hujus
1354 2231 1523 2273 opinionis
1546 2232 1686 2266 radicem
1698 2231 1830 2266 alteram
1851 2234 1951 2268 edicit
1977 2235 2065 2269 idern

1186 2280 1377 2314 Facundus.
1408 2285 1484 2313 Hinc
1493 2283 1622 2315 creditus
1635 2282 1673 2322 est
1687 2281 1789 2316 beatus
1810 2285 1934 2322 Cyrillus
1946 2296 2004 2317 non
2020 2296 2065 2318 re-

1183 2330 1262 2363 blam
1282 2331 1368 2372 prius
1389 2336 1421 2362 in
1442 2329 1509 2374 suis
1542 2334 1691 2374 Capitulis
1715 2334 1837 2376 tenuisse
1858 2333 2040 2376 sententiam
2055 2360 2065 2375 ,

1179 2379 1238 2424 sed
1259 2381 1458 2414 admonitione
1479 2384 1674 2416 Orientalium
1698 2383 1795 2424 postea
1826 2384 1877 2427 esse
1900 2386 2064 2424 correctus,

1183 2434 1320 2473 quoniam
1347 2433 1410 2463 cum
1432 2430 1497 2474 ipsa
1522 2438 1624 2465 unitas
1645 2432 1836 2474 Ecclefiarum
1863 2435 1946 2475 fieret
1971 2460 1981 2476 ,
2008 2448 2065 2467 non

2088 2300 2147 2328 Ls.
2166 2307 2220 2334 ας.

1183 2482 1351 2515 orientales
1365 2483 1471 2514 Patres
1498 2484 1562 2523 ejus
1574 2485 1726 2525 Capitulis
1732 2482 1914 2527 subscribere
1933 2483 2067 2527 compulsi

1177 2530 1250 2574 sunt
1263 2556 1273 2572 ,
1295 2529 1355 2573 sed
1364 2529 1425 2573 ipse
1438 2533 1538 2574 potius
1549 2540 1700 2575 expetitus
1726 2533 1764 2574 est
1777 2534 2009 2577 diree‘laefibiab
2020 2542 2064 2567 eis

1180 2581 1340 2623 confeffioni
1361 2580 1556 2624 subscribere.
1602 2582 1758 2625 Ipsamque
1779 2588 1984 2626 Capitulorum
1998 2584 2063 2627 suo-

1181 2643 1248 2665 rum
1257 2631 1499 2666 retrae‘lationem
1512 2645 1568 2665 non
1587 2635 1651 2667 ideo
1662 2644 1727 2666 eum
1744 2634 1805 2675 post
1817 2633 1996 2676 prest‘nam
2019 2638 2037 2668 5
2034 2648 2063 2674 y·

1183 2683 1291 2715 nodum
1296 2680 1395 2724 fecisse
1405 2683 1500 2724 aliqui
1512 2684 1701 2717 crediderunt
1714 2709 1723 2723 ‚
1750 2693 1783 2716 ut
1797 2696 1864 2726 quae
1890 2683 1989 2728 clausa
1998 2692 2063 2726 qui-

1181 2730 1308 2774 busdam
1319 2730 1447 2772 fuerant
1459 2756 1469 2771 ‚
1491 2734 1715 2775 panderentur,
1742 2736 1774 2768 ἅτ
1788 2746 1854 2776 quae
1880 2734 2061 2768 videbantur

1181 2780 1301 2824 obscura
1314 2805 1325 2821 ,
1349 2781 1556 2826 clarescerent3
1578 2783 1637 2827 sed
1643 2786 1745 2826 potius
1758 2794 1790 2817 ut
1809 2785 1968 2826 pristinum
1977 2791 2009 2818 in
2018 2792 2061 2818 eis·

1181 2832 1349 2866 emendaret
1371 2843 1497 2866 errorem
1521 2858 1531 2873 ‚
1558 2835 1638 2876 quod
1655 2834 1821 2876 putabatur
1842 2858 1852 2873 ,
1870 2834 1943 2877 ficut
1963 2835 2061 2868 adbuc

1183 2881 1359 2920 Eutychiani
1376 2890 1491 2923 putant
1513 2908 1522 2922 ,
1549 2885 1630 2926 quod
1654 2883 1808 2918 UNAM
1830 2885 1881 2918 IN
1905 2885 1973 2919 EIS
2000 2886 2062 2919 Dl-

1185 2932 1337 2966 XERlT
1349 2931 1547 2967 CHRISTI
1558 2935 1661 2967 ESSE
1674 2932 1935 2969 NATURAM
1950 2961 1956 2967 .
1986 2941 2063 2969 Hinc

1181 2985 1247 3026 ergd
1267 2987 1408 3025 contigit,
1436 2992 1469 3016 ut
1480 2983 1659 3023 converfione
1682 2984 1761 3016 beati
1773 2986 1873 3022 cyrilli
1883 2985 1973 3026 fac‘la
1994 2993 2055 3018 unt-

1182 3043 1231 3066 tas
1252 3034 1415 3065 crederetur
1427 3057 1434 3064 .
1463 3037 1508 3066 Et
1517 3036 1622 3067 reverti
1634 3040 1679 3066 cui
1690 3046 1746 3067 non
1748 3032 1918 3076 surreperet
1945 3035 1999 3076 ista
2014 3033 2062 3077 fic-

1179 3081 1293 3124 fpicio(
1308 3084 1346 3115 de
1358 3081 1497 3115 humanis
1523 3083 1659 3116 cordibus
1679 3084 1823 3126 loquimur
1835 3110 1846 3126 ,
1871 3086 1905 3119 s&
1931 3085 2062 3118 bumana

1181 3133 1268 3165 corda
1286 3131 1532 3174 gestamus)cum
1557 3133 1635 3166 nibil
1656 3136 1821 3167 Orientales
1850 3138 1957 3168 Patres
1970 3159 1980 3173 ‚
2007 3142 2062 3176 qut

1183 3181 1247 3215 baec
1269 3183 1412 3222 capitula
1422 3184 1593 3225 corrigenda
1611 3185 1850 3224 judicaverunt,
1875 3190 2012 3228 corrigere
2021 3195 2062 3217 co-

1177 3239 1317 3275 gerentur
1336 3253 1347 3270 ,
1375 3230 1477 3263 beatus
1500 3240 1597 3265 autem
1620 3235 1744 3272 Cyrillus
1765 3257 1775 3272 ‚
1802 3246 1858 3266 non
1878 3232 1973 3276 solum
1991 3232 2062 3274 fidei

1182 3280 1338 3321 confeffioni
1358 3305 1368 3321 ,
1396 3293 1484 3322 quam
1508 3306 1518 3322 ,
1536 3281 1611 3324 ficut
1645 3284 1827 3325 neceffarium
1853 3285 2059 3321 crediderunt,

1184 3332 1230 3363 illi
1251 3330 1466 3371 didaverant,
1492 3337 1640 3373 expetitus
1662 3335 1733 3365 ante
1753 3330 1948 3375 subscriberet
1970 3359 1980 3374 ,
2005 3333 2062 3375 fed

1183 3387 1273 3414 etiam
1285 3381 1350 3425 ipsa
1354 3378 1411 3423 sua
1423 3382 1566 3423 capitula
1576 3383 1774 3415 retrac‘laret?
1802 3383 1904 3430 Qod
1916 3384 2063 3426 Cyrillus

1187 3430 1340 3472 Capitula
1366 3432 1541 3464 retrastarit
1552 3455 1563 3471 ‚
1590 3432 1695 3473 palam
1710 3431 1927 3467 hallucinatur
1939 3435 2063 3466 Facun-

1183 3480 1242 3514 dus
1265 3492 1272 3512 :
1310 3479 1358 3514 Ea
1381 3480 1552 3513 dumtaxat
1575 3492 1643 3514 non
1678 3483 1828 3526 purgavit
1850 3483 1891 3517 ab
1919 3483 2064 3517 erroneis

1185 3531 1405 3566 Orientalium
1428 3530 1664 3577 suspicionibus
1688 3556 1698 3572 ,
1726 3542 1831 3575 neque
1857 3533 1897 3567 ab
1921 3532 1985 3565 illis
2010 3532 2062 3566 ad·

1638 3580 1669 3615 C
1929 3582 2017 3616 mitti
