<?xml version="1.0" encoding="UTF-8"?>
<!DOCTYPE html PUBLIC "-//W3C//DTD XHTML 1.0 Transitional//EN"
    "http://www.w3.org/TR/xhtml1/DTD/xhtml1-transitional.dtd">
<html xmlns="http://www.w3.org/1999/xhtml" xml:lang="en" lang="en">
 <head>
  <title>
</title>
<meta http-equiv="Content-Type" content="text/html;charset=utf-8" />
  <meta name='ocr-system' content='tesseract 3.04.00' />
  <meta name='ocr-capabilities' content='ocr_page ocr_carea ocr_par ocr_line ocrx_word'/>
</head>
<body>
  <div class='ocr_page' id='page_1' title='image "./operaomniastudio02lupuuoft_0319.png"; bbox 0 0 2340 3736; ppageno 0'>
   <div class='ocr_carea' id='block_1_1' title="bbox 117 1806 265 1841">
    <p class='ocr_par' dir='ltr' id='par_1_1' title="bbox 117 1806 265 1841">
     <span class='ocr_line' id='line_1_1' title="bbox 117 1806 265 1841; baseline -0.02 -6"><span class='ocrx_word' id='word_1_1' title='bbox 117 1806 198 1841; x_wconf 58' lang='lat' dir='ltr'><em>fxviii.</em></span> <span class='ocrx_word' id='word_1_2' title='bbox 216 1809 265 1835; x_wconf 81' lang='lat'><em>62.</em></span> 
     </span>
    </p>
   </div>
   <div class='ocr_carea' id='block_1_2' title="bbox 680 99 1703 164">
    <p class='ocr_par' dir='ltr' id='par_1_2' title="bbox 680 99 1703 164">
     <span class='ocr_line' id='line_1_2' title="bbox 680 99 1703 164; baseline -0.018 0"><span class='ocrx_word' id='word_1_3' title='bbox 680 122 766 164; x_wconf 82' lang='lat' dir='ltr'><em>An</em></span> <span class='ocrx_word' id='word_1_4' title='bbox 801 116 1083 163; x_wconf 78' lang='lat' dir='ltr'>SYNODUM</span> <span class='ocrx_word' id='word_1_5' title='bbox 1118 99 1703 154; x_wconf 56' lang='lat' dir='ltr'><em>CHALcEDONEN‘s&#39;EM.</em></span> 
     </span>
    </p>
   </div>
   <div class='ocr_carea' id='block_1_3' title="bbox 373 301 1038 378">
    <p class='ocr_par' dir='ltr' id='par_1_3' title="bbox 373 301 1038 378">
     <span class='ocr_line' id='line_1_3' title="bbox 373 301 1038 378; baseline -0.017 -23"><span class='ocrx_word' id='word_1_6' title='bbox 373 301 633 378; x_wconf 22' lang='lat' dir='ltr'>&#39;ACTIO</span> <span class='ocrx_word' id='word_1_7' title='bbox 666 305 776 350; x_wconf 89' lang='lat' dir='ltr'><em>XV.</em></span> <span class='ocrx_word' id='word_1_8' title='bbox 814 303 857 348; x_wconf 88' lang='lat'>&amp;</span> <span class='ocrx_word' id='word_1_9' title='bbox 891 301 1038 347; x_wconf 90' lang='lat' dir='ltr'><strong>XVI.</strong></span> 
     </span>
    </p>
   </div>
   <div class='ocr_carea' id='block_1_4' title="bbox 279 438 1161 561">
    <p class='ocr_par' dir='ltr' id='par_1_4' title="bbox 279 438 1161 561">
     <span class='ocr_line' id='line_1_4' title="bbox 279 438 1161 561; baseline -0.018 -75"><span class='ocrx_word' id='word_1_10' title='bbox 279 447 623 561; x_wconf 74' lang='lat' dir='ltr'><em>QUintadecima</em></span> <span class='ocrx_word' id='word_1_11' title='bbox 634 446 732 482; x_wconf 64' lang='lat' dir='ltr'><em>Aetio</em></span> <span class='ocrx_word' id='word_1_12' title='bbox 745 443 847 479; x_wconf 85' lang='lat' dir='ltr'>edidit</span> <span class='ocrx_word' id='word_1_13' title='bbox 856 442 992 486; x_wconf 85' lang='lat' dir='ltr'><em>triginta</em></span> <span class='ocrx_word' id='word_1_14' title='bbox 1006 464 1017 479; x_wconf 91' lang='lat'>‚</span> <span class='ocrx_word' id='word_1_15' title='bbox 1043 446 1100 473; x_wconf 85' lang='lat' dir='ltr'><em>aut</em></span> <span class='ocrx_word' id='word_1_16' title='bbox 1117 438 1161 471; x_wconf 83' lang='lat' dir='ltr'><em>sa-</em></span> 
     </span>
    </p>
   </div>
   <div class='ocr_carea' id='block_1_5' title="bbox 271 488 1173 2971">
    <p class='ocr_par' dir='ltr' id='par_1_5' title="bbox 271 488 1173 2971">
     <span class='ocr_line' id='line_1_5' title="bbox 399 488 1159 543; baseline -0.018 -10"><span class='ocrx_word' id='word_1_17' title='bbox 399 499 440 533; x_wconf 76' lang='lat' dir='ltr'><em>ne</em></span> <span class='ocrx_word' id='word_1_18' title='bbox 459 499 578 543; x_wconf 84' lang='lat' dir='ltr'><em>viginti</em></span> <span class='ocrx_word' id='word_1_19' title='bbox 602 499 678 532; x_wconf 68' lang='lat' dir='ltr'><em>osto</em></span> <span class='ocrx_word' id='word_1_20' title='bbox 699 496 852 530; x_wconf 84' lang='lat' dir='ltr'><em>Canones</em></span> <span class='ocrx_word' id='word_1_21' title='bbox 874 515 882 524; x_wconf 85' lang='lat'><strong>.</strong></span> <span class='ocrx_word' id='word_1_22' title='bbox 910 490 1051 524; x_wconf 83' lang='lat' dir='ltr'><em>Decima</em></span> <span class='ocrx_word' id='word_1_23' title='bbox 1073 488 1159 521; x_wconf 85' lang='lat' dir='ltr'><em>sexta</em></span> 
     </span>
     <span class='ocr_line' id='line_1_6' title="bbox 419 537 1159 586; baseline -0.019 -3"><span class='ocrx_word' id='word_1_24' title='bbox 419 547 564 583; x_wconf 86' lang='lat' dir='ltr'>scribitur</span> <span class='ocrx_word' id='word_1_25' title='bbox 585 547 678 581; x_wconf 71' lang='lat' dir='ltr'><em>fuiffie</em></span> <span class='ocrx_word' id='word_1_26' title='bbox 690 545 773 580; x_wconf 68' lang='lat' dir='ltr'><em>fasta</em></span> <span class='ocrx_word' id='word_1_27' title='bbox 785 542 901 586; x_wconf 88' lang='lat' dir='ltr'><em>quinto</em></span> <span class='ocrx_word' id='word_1_28' title='bbox 914 537 1078 573; x_wconf 85' lang='lat' dir='ltr'>Kalendas</span> <span class='ocrx_word' id='word_1_29' title='bbox 1089 537 1159 570; x_wconf 91' lang='lat' dir='ltr'><em>No-</em></span> 
     </span>
     <span class='ocr_line' id='line_1_7' title="bbox 279 589 1163 636; baseline -0.017 -2"><span class='ocrx_word' id='word_1_30' title='bbox 279 598 424 634; x_wconf 86' lang='lat' dir='ltr'><em>vembres</em></span> <span class='ocrx_word' id='word_1_31' title='bbox 436 623 443 630; x_wconf 93' lang='lat'>.</span> <span class='ocrx_word' id='word_1_32' title='bbox 471 597 545 633; x_wconf 87' lang='lat' dir='ltr'><em>Ubi</em></span> <span class='ocrx_word' id='word_1_33' title='bbox 557 597 638 631; x_wconf 66' lang='lat' dir='ltr'><em>reste</em></span> <span class='ocrx_word' id='word_1_34' title='bbox 648 592 840 631; x_wconf 72' lang='lat' dir='ltr'><em>Scholiastes</em></span> <span class='ocrx_word' id='word_1_35' title='bbox 853 589 1041 636; x_wconf 88' lang='lat' dir='ltr'><em>marginalis</em></span> <span class='ocrx_word' id='word_1_36' title='bbox 1055 601 1062 620; x_wconf 93' lang='lat'><strong>:</strong></span> <span class='ocrx_word' id='word_1_37' title='bbox 1091 592 1163 620; x_wconf 85' lang='lat' dir='ltr'><em>Nu-</em></span> 
     </span>
     <span class='ocr_line' id='line_1_8' title="bbox 278 642 1158 688; baseline -0.016 -4"><span class='ocrx_word' id='word_1_38' title='bbox 278 662 375 683; x_wconf 85' lang='lat' dir='ltr'><em>merus</em></span> <span class='ocrx_word' id='word_1_39' title='bbox 389 649 508 683; x_wconf 87' lang='lat' dir='ltr'><em>videtur</em></span> <span class='ocrx_word' id='word_1_40' title='bbox 518 654 668 688; x_wconf 86' lang='lat' dir='ltr'><em>corruptus</em></span> <span class='ocrx_word' id='word_1_41' title='bbox 679 669 686 676; x_wconf 89' lang='lat'>.</span> <span class='ocrx_word' id='word_1_42' title='bbox 712 648 799 681; x_wconf 81' lang='lat' dir='ltr'><em>Nam</em></span> <span class='ocrx_word' id='word_1_43' title='bbox 823 642 902 674; x_wconf 70' lang='lat' dir='ltr'><em>Atlio</em></span> <span class='ocrx_word' id='word_1_44' title='bbox 927 642 1039 674; x_wconf 88' lang='lat' dir='ltr'><em>decima</em></span> <span class='ocrx_word' id='word_1_45' title='bbox 1050 645 1158 681; x_wconf 87' lang='lat' dir='ltr'><em>quarta</em></span> 
     </span>
     <span class='ocr_line' id='line_1_9' title="bbox 278 690 1158 740; baseline -0.015 -7"><span class='ocrx_word' id='word_1_46' title='bbox 278 696 383 732; x_wconf 69' lang='lat' dir='ltr'><em>¹habita</em></span> <span class='ocrx_word' id='word_1_47' title='bbox 397 698 464 740; x_wconf 85' lang='lat' dir='ltr'><em>fuit</em></span> <span class='ocrx_word' id='word_1_48' title='bbox 481 697 581 739; x_wconf 82' lang='lat' dir='ltr'><em>pridie</em></span> <span class='ocrx_word' id='word_1_49' title='bbox 596 695 751 728; x_wconf 84' lang='lat' dir='ltr'><em>Kalendas</em></span> <span class='ocrx_word' id='word_1_50' title='bbox 765 691 950 724; x_wconf 82' lang='lat' dir='ltr'><em>Novembres</em></span> <span class='ocrx_word' id='word_1_51' title='bbox 965 714 976 729; x_wconf 90' lang='lat'>‚</span> <span class='ocrx_word' id='word_1_52' title='bbox 1002 690 1036 723; x_wconf 64' lang='grc' dir='ltr'><em>ὁ·</em></span> <span class='ocrx_word' id='word_1_53' title='bbox 1046 690 1158 721; x_wconf 88' lang='lat' dir='ltr'><em>decima</em></span> 
     </span>
     <span class='ocr_line' id='line_1_10' title="bbox 279 739 1159 791; baseline -0.014 -10"><span class='ocrx_word' id='word_1_54' title='bbox 279 755 383 791; x_wconf 86' lang='lat' dir='ltr'><em>quinta</em></span> <span class='ocrx_word' id='word_1_55' title='bbox 404 748 502 781; x_wconf 88' lang='lat' dir='ltr'><em>eodem</em></span> <span class='ocrx_word' id='word_1_56' title='bbox 525 747 573 778; x_wconf 87' lang='lat' dir='ltr'><em>die</em></span> <span class='ocrx_word' id='word_1_57' title='bbox 587 743 648 787; x_wconf 82' lang='lat' dir='ltr'><em>post</em></span> <span class='ocrx_word' id='word_1_58' title='bbox 671 747 846 786; x_wconf 85' lang='lat' dir='ltr'><em>Legatorum</em></span> <span class='ocrx_word' id='word_1_59' title='bbox 870 739 1018 784; x_wconf 76' lang='lat' dir='ltr'><em>disceffum</em></span> <span class='ocrx_word' id='word_1_60' title='bbox 1037 762 1048 779; x_wconf 85' lang='lat'>‚</span> <span class='ocrx_word' id='word_1_61' title='bbox 1073 746 1106 771; x_wconf 87' lang='lat' dir='ltr'><em>ut</em></span> <span class='ocrx_word' id='word_1_62' title='bbox 1119 746 1159 769; x_wconf 89' lang='lat' dir='ltr'><em>te-</em></span> 
     </span>
     <span class='ocr_line' id='line_1_11' title="bbox 275 789 1160 839; baseline -0.015 -7"><span class='ocrx_word' id='word_1_63' title='bbox 275 799 398 839; x_wconf 81' lang='lat' dir='ltr'><em>stantur.</em></span> <span class='ocrx_word' id='word_1_64' title='bbox 415 795 487 838; x_wconf 79' lang='lat' dir='ltr'><em>ipſs,</em></span> <span class='ocrx_word' id='word_1_65' title='bbox 513 794 578 828; x_wconf 79' lang='lat' dir='ltr'><em>baee</em></span> <span class='ocrx_word' id='word_1_66' title='bbox 596 803 696 827; x_wconf 86' lang='lat' dir='ltr'><em>autem</em></span> <span class='ocrx_word' id='word_1_67' title='bbox 717 794 765 825; x_wconf 88' lang='lat' dir='ltr'><em>die</em></span> <span class='ocrx_word' id='word_1_68' title='bbox 771 790 923 835; x_wconf 81' lang='lat' dir='ltr'><em>sequenti.</em></span> <span class='ocrx_word' id='word_1_69' title='bbox 950 792 1055 833; x_wconf 75' lang='lat' dir='ltr'><em>,Quare</em></span> <span class='ocrx_word' id='word_1_70' title='bbox 1064 789 1160 830; x_wconf 86' lang='lat' dir='ltr'><em>legen-</em></span> 
     </span>
     <span class='ocr_line' id='line_1_12' title="bbox 280 836 1158 888; baseline -0.015 -7"><span class='ocrx_word' id='word_1_71' title='bbox 280 850 353 881; x_wconf 82' lang='lat' dir='ltr'><em>dum</em></span> <span class='ocrx_word' id='word_1_72' title='bbox 388 846 454 888; x_wconf 78' lang='lat' dir='ltr'><em>effer</em></span> <span class='ocrx_word' id='word_1_73' title='bbox 469 858 480 878; x_wconf 74' lang='lat'><em>.-</em></span> <span class='ocrx_word' id='word_1_74' title='bbox 507 843 747 878; x_wconf 87' lang='lat' dir='ltr'>KALENDlS</span> <span class='ocrx_word' id='word_1_75' title='bbox 783 836 1138 875; x_wconf 86' lang='lat' dir='ltr'>NOVEMBRIBUS</span> <span class='ocrx_word' id='word_1_76' title='bbox 1152 861 1158 868; x_wconf 92' lang='lat'>.</span> 
     </span>
     <span class='ocr_line' id='line_1_13' title="bbox 280 888 1158 936; baseline -0.015 -6"><span class='ocrx_word' id='word_1_77' title='bbox 280 901 392 929; x_wconf 81' lang='lat' dir='ltr'><em>Tamen</em></span> <span class='ocrx_word' id='word_1_78' title='bbox 403 900 476 936; x_wconf 87' lang='lat' dir='ltr'><em>quia</em></span> <span class='ocrx_word' id='word_1_79' title='bbox 490 900 522 926; x_wconf 87' lang='lat' dir='ltr'><em>in</em></span> <span class='ocrx_word' id='word_1_80' title='bbox 534 893 669 926; x_wconf 81' lang='lat' dir='ltr'><em>omnibus</em></span> <span class='ocrx_word' id='word_1_81' title='bbox 681 892 820 926; x_wconf 81' lang='lat' dir='ltr'><em>codicibus</em></span> <span class='ocrx_word' id='word_1_82' title='bbox 832 888 1042 932; x_wconf 76' lang='lat' dir='ltr'><em>manuscriptis</em></span> <span class='ocrx_word' id='word_1_83' title='bbox 1054 909 1064 925; x_wconf 87' lang='lat'>,</span> <span class='ocrx_word' id='word_1_84' title='bbox 1088 897 1158 928; x_wconf 86' lang='lat' dir='ltr'><em>quos</em></span> 
     </span>
     <span class='ocr_line' id='line_1_14' title="bbox 278 936 1160 984; baseline -0.012 -5"><span class='ocrx_word' id='word_1_85' title='bbox 278 945 438 979; x_wconf 77' lang='lat' dir='ltr'><em>babuimus</em></span> <span class='ocrx_word' id='word_1_86' title='bbox 453 968 463 984; x_wconf 92' lang='lat'>‚</span> <span class='ocrx_word' id='word_1_87' title='bbox 488 953 551 977; x_wconf 88' lang='lat' dir='ltr'><em>tum</em></span> <span class='ocrx_word' id='word_1_88' title='bbox 572 946 684 977; x_wconf 75' lang='lat' dir='ltr'><em>Graecis</em></span> <span class='ocrx_word' id='word_1_89' title='bbox 706 951 769 975; x_wconf 89' lang='lat' dir='ltr'><em>tum</em></span> <span class='ocrx_word' id='word_1_90' title='bbox 780 944 902 974; x_wconf 85' lang='lat' dir='ltr'><em>Latinis</em></span> <span class='ocrx_word' id='word_1_91' title='bbox 914 964 925 980; x_wconf 92' lang='lat'><strong>,</strong></span> <span class='ocrx_word' id='word_1_92' title='bbox 943 936 983 980; x_wconf 83' lang='lat' dir='ltr'><em>fic</em></span> <span class='ocrx_word' id='word_1_93' title='bbox 995 942 1139 979; x_wconf 85' lang='lat' dir='ltr'><em>reperitur</em></span> <span class='ocrx_word' id='word_1_94' title='bbox 1151 960 1160 976; x_wconf 87' lang='lat'>‚</span> 
     </span>
     <span class='ocr_line' id='line_1_15' title="bbox 277 987 1162 1035; baseline -0.011 -6"><span class='ocrx_word' id='word_1_95' title='bbox 277 995 358 1030; x_wconf 79' lang='lat' dir='ltr'><em>nihil</em></span> <span class='ocrx_word' id='word_1_96' title='bbox 367 1003 483 1028; x_wconf 86' lang='lat' dir='ltr'><em>mutare</em></span> <span class='ocrx_word' id='word_1_97' title='bbox 492 994 628 1027; x_wconf 83' lang='lat' dir='ltr'><em>volumus</em></span> <span class='ocrx_word' id='word_1_98' title='bbox 644 1018 651 1025; x_wconf 96' lang='lat'>.</span> <span class='ocrx_word' id='word_1_99' title='bbox 676 992 751 1025; x_wconf 89' lang='lat' dir='ltr'><em>Hac</em></span> <span class='ocrx_word' id='word_1_100' title='bbox 774 992 873 1035; x_wconf 87' lang='lat' dir='ltr'><em>igitur</em></span> <span class='ocrx_word' id='word_1_101' title='bbox 884 990 918 1023; x_wconf 88' lang='lat' dir='ltr'><em>in</em></span> <span class='ocrx_word' id='word_1_102' title='bbox 932 989 1074 1022; x_wconf 75' lang='lat' dir='ltr'><em>Ac‘tione</em></span> <span class='ocrx_word' id='word_1_103' title='bbox 1086 987 1162 1020; x_wconf 86' lang='lat' dir='ltr'><em>San·</em></span> 
     </span>
     <span class='ocr_line' id='line_1_16' title="bbox 281 1035 1164 1085; baseline -0.012 -6"><span class='ocrx_word' id='word_1_104' title='bbox 281 1048 350 1079; x_wconf 69' lang='lat' dir='ltr'><em>&amp;us</em></span> <span class='ocrx_word' id='word_1_105' title='bbox 361 1042 565 1078; x_wconf 63' lang='lat' dir='ltr'><em>paschasinus</em></span> <span class='ocrx_word' id='word_1_106' title='bbox 580 1043 750 1077; x_wconf 85' lang='lat' dir='ltr'><em>Romanus</em></span> <span class='ocrx_word' id='word_1_107' title='bbox 763 1042 902 1085; x_wconf 86' lang='lat' dir='ltr'><em>Legatus</em></span> <span class='ocrx_word' id='word_1_108' title='bbox 913 1038 1071 1083; x_wconf 87' lang='lat' dir='ltr'><em>gloriosos</em></span> <span class='ocrx_word' id='word_1_109' title='bbox 1081 1035 1164 1079; x_wconf 84' lang='lat' dir='ltr'><em>judi·</em></span> 
     </span>
     <span class='ocr_line' id='line_1_17' title="bbox 282 1085 1164 1131; baseline -0.014 -2"><span class='ocrx_word' id='word_1_110' title='bbox 282 1106 336 1130; x_wconf 83' lang='lat' dir='ltr'><em>ces</em></span> <span class='ocrx_word' id='word_1_111' title='bbox 356 1094 402 1128; x_wconf 88' lang='lat' dir='ltr'><em>est</em></span> <span class='ocrx_word' id='word_1_112' title='bbox 423 1093 570 1127; x_wconf 83' lang='lat' dir='ltr'>adfatus:</span> <span class='ocrx_word' id='word_1_113' title='bbox 598 1097 720 1126; x_wconf 77' lang='lat' dir='ltr'><em>Domini</em></span> <span class='ocrx_word' id='word_1_114' title='bbox 729 1096 818 1125; x_wconf 86' lang='lat' dir='ltr'><em>totius</em></span> <span class='ocrx_word' id='word_1_115' title='bbox 828 1089 905 1123; x_wconf 79' lang='lat' dir='ltr'><em>orbis</em></span> <span class='ocrx_word' id='word_1_116' title='bbox 912 1098 968 1131; x_wconf 81' lang='lat' dir='ltr'><em>pro</em></span> <span class='ocrx_word' id='word_1_117' title='bbox 977 1087 1118 1120; x_wconf 85' lang='lat' dir='ltr'><em>catholica</em></span> <span class='ocrx_word' id='word_1_118' title='bbox 1126 1085 1164 1127; x_wconf 85' lang='lat' dir='ltr'><em>fi-</em></span> 
     </span>
     <span class='ocr_line' id='line_1_18' title="bbox 283 1135 1164 1186; baseline -0.009 -7"><span class='ocrx_word' id='word_1_119' title='bbox 283 1147 322 1179; x_wconf 71' lang='lat' dir='ltr'><em>de</em></span> <span class='ocrx_word' id='word_1_120' title='bbox 344 1146 524 1177; x_wconf 81' lang='lat' dir='ltr'><em>decertantes</em></span> <span class='ocrx_word' id='word_1_121' title='bbox 545 1166 557 1182; x_wconf 89' lang='lat'>‚</span> <span class='ocrx_word' id='word_1_122' title='bbox 587 1140 703 1186; x_wconf 86' lang='lat' dir='ltr'><em>sancire</em></span> <span class='ocrx_word' id='word_1_123' title='bbox 732 1143 850 1184; x_wconf 79' lang='lat' dir='ltr'><em>dignati</em></span> <span class='ocrx_word' id='word_1_124' title='bbox 876 1137 948 1182; x_wconf 88' lang='lat' dir='ltr'><em>sunt</em></span> <span class='ocrx_word' id='word_1_125' title='bbox 969 1162 981 1179; x_wconf 89' lang='lat'>‚</span> <span class='ocrx_word' id='word_1_126' title='bbox 1018 1135 1164 1179; x_wconf 61' lang='lat' dir='ltr'><em>quatenus</em></span> 
     </span>
     <span class='ocr_line' id='line_1_19' title="bbox 274 1187 1161 1235; baseline -0.014 -8"><span class='ocrx_word' id='word_1_127' title='bbox 274 1206 375 1231; x_wconf 65' lang='lat' dir='ltr'><em>Jmam</em></span> <span class='ocrx_word' id='word_1_128' title='bbox 392 1193 484 1235; x_wconf 87' lang='lat' dir='ltr'><em>fidem</em></span> <span class='ocrx_word' id='word_1_129' title='bbox 503 1200 622 1226; x_wconf 81' lang='lat' dir='ltr'><em>teneant</em></span> <span class='ocrx_word' id='word_1_130' title='bbox 642 1202 739 1226; x_wconf 89' lang='lat' dir='ltr'><em>omnes</em></span> <span class='ocrx_word' id='word_1_131' title='bbox 760 1187 892 1231; x_wconf 77' lang='lat' dir='ltr'><em>Ecclelt‘ae</em></span> <span class='ocrx_word' id='word_1_132' title='bbox 909 1196 966 1230; x_wconf 84' lang='lat' dir='ltr'><em>pro</em></span> <span class='ocrx_word' id='word_1_133' title='bbox 982 1187 1054 1220; x_wconf 85' lang='lat' dir='ltr'><em>bono</em></span> <span class='ocrx_word' id='word_1_134' title='bbox 1061 1189 1161 1227; x_wconf 84' lang='lat' dir='ltr'><em>pacis:</em></span> 
     </span>
     <span class='ocr_line' id='line_1_20' title="bbox 280 1233 1166 1284; baseline -0.012 -7"><span class='ocrx_word' id='word_1_135' title='bbox 280 1245 393 1284; x_wconf 80' lang='lat' dir='ltr'><em>Majori</em></span> <span class='ocrx_word' id='word_1_136' title='bbox 403 1252 503 1275; x_wconf 80' lang='lat' dir='ltr'><em>autem</em></span> <span class='ocrx_word' id='word_1_137' title='bbox 515 1252 584 1275; x_wconf 88' lang='lat' dir='ltr'><em>cura</em></span> <span class='ocrx_word' id='word_1_138' title='bbox 595 1244 629 1276; x_wconf 66' lang='lat'><em>&lt;5</em></span> <span class='ocrx_word' id='word_1_139' title='bbox 641 1253 716 1278; x_wconf 88' lang='lat' dir='ltr'><em>nunc</em></span> <span class='ocrx_word' id='word_1_140' title='bbox 726 1242 759 1274; x_wconf 59' lang='lat' dir='ltr'><em>(a</em></span> <span class='ocrx_word' id='word_1_141' title='bbox 772 1246 803 1273; x_wconf 85' lang='lat' dir='ltr'><em>in</em></span> <span class='ocrx_word' id='word_1_142' title='bbox 820 1239 965 1282; x_wconf 84' lang='lat' dir='ltr'><em>posterum</em></span> <span class='ocrx_word' id='word_1_143' title='bbox 976 1238 1090 1270; x_wconf 86' lang='lat' dir='ltr'><em>illorum</em></span> <span class='ocrx_word' id='word_1_144' title='bbox 1100 1233 1166 1267; x_wconf 85' lang='lat' dir='ltr'><em>Cle-</em></span> 
     </span>
     <span class='ocr_line' id='line_1_21' title="bbox 275 1288 1165 1334; baseline -0.012 -8"><span class='ocrx_word' id='word_1_145' title='bbox 275 1297 387 1326; x_wconf 85' lang='lat' dir='ltr'><em>mentia</em></span> <span class='ocrx_word' id='word_1_146' title='bbox 405 1293 567 1333; x_wconf 81' lang='lat' dir='ltr'><em>providere</em></span> <span class='ocrx_word' id='word_1_147' title='bbox 587 1291 711 1334; x_wconf 75' lang='lat' dir='ltr'><em>dignata</em></span> <span class='ocrx_word' id='word_1_148' title='bbox 722 1290 759 1331; x_wconf 81' lang='lat' dir='ltr'><em>est</em></span> <span class='ocrx_word' id='word_1_149' title='bbox 770 1314 781 1329; x_wconf 90' lang='lat'>‚</span> <span class='ocrx_word' id='word_1_150' title='bbox 807 1300 843 1322; x_wconf 90' lang='lat' dir='ltr'><em>ne</em></span> <span class='ocrx_word' id='word_1_151' title='bbox 855 1299 914 1330; x_wconf 86' lang='lat' dir='ltr'><em>qua</em></span> <span class='ocrx_word' id='word_1_152' title='bbox 925 1288 1042 1320; x_wconf 77' lang='lat' dir='ltr'><em>rursum</em></span> <span class='ocrx_word' id='word_1_153' title='bbox 1050 1291 1165 1317; x_wconf 88' lang='lat' dir='ltr'><em>conten-</em></span> 
     </span>
     <span class='ocr_line' id='line_1_22' title="bbox 273 1335 1165 1382; baseline -0.011 -7"><span class='ocrx_word' id='word_1_154' title='bbox 273 1350 319 1379; x_wconf 68' lang='lat' dir='ltr'><em>tio</em></span> <span class='ocrx_word' id='word_1_155' title='bbox 331 1347 409 1375; x_wconf 84' lang='lat' dir='ltr'><em>inter</em></span> <span class='ocrx_word' id='word_1_156' title='bbox 421 1344 476 1374; x_wconf 86' lang='lat' dir='ltr'><em>Dei</em></span> <span class='ocrx_word' id='word_1_157' title='bbox 486 1342 655 1374; x_wconf 79' lang='lat' dir='ltr'><em>Sacerdotes</em></span> <span class='ocrx_word' id='word_1_158' title='bbox 669 1363 680 1379; x_wconf 93' lang='lat'>,</span> <span class='ocrx_word' id='word_1_159' title='bbox 705 1347 757 1372; x_wconf 86' lang='lat' dir='ltr'><em>aut</em></span> <span class='ocrx_word' id='word_1_160' title='bbox 762 1336 903 1382; x_wconf 75' lang='lat' dir='ltr'><em>schisma,</em></span> <span class='ocrx_word' id='word_1_161' title='bbox 916 1345 969 1370; x_wconf 83' lang='lat' dir='ltr'><em>aut</em></span> <span class='ocrx_word' id='word_1_162' title='bbox 981 1335 1105 1377; x_wconf 85' lang='lat' dir='ltr'><em>aliquod</em></span> <span class='ocrx_word' id='word_1_163' title='bbox 1112 1343 1165 1366; x_wconf 87' lang='lat' dir='ltr'><em>na-</em></span> 
     </span>
     <span class='ocr_line' id='line_1_23' title="bbox 271 1384 1166 1437; baseline -0.011 -12"><span class='ocrx_word' id='word_1_164' title='bbox 271 1391 376 1437; x_wconf 69' lang='lat' dir='ltr'><em>scatur</em></span> <span class='ocrx_word' id='word_1_165' title='bbox 388 1389 581 1434; x_wconf 85' lang='lat' dir='ltr'><em>scandalum.</em></span> <span class='ocrx_word' id='word_1_166' title='bbox 612 1389 746 1430; x_wconf 79' lang='lat' dir='ltr'><em>Hesterno</em></span> <span class='ocrx_word' id='word_1_167' title='bbox 765 1394 843 1421; x_wconf 84' lang='lat' dir='ltr'><em>enim</em></span> <span class='ocrx_word' id='word_1_168' title='bbox 854 1388 903 1420; x_wconf 86' lang='lat' dir='ltr'><em>die</em></span> <span class='ocrx_word' id='word_1_169' title='bbox 917 1409 929 1426; x_wconf 85' lang='lat'>‚</span> <span class='ocrx_word' id='word_1_170' title='bbox 948 1384 1101 1427; x_wconf 76' lang='lat' dir='ltr'><em>postquam</em></span> <span class='ocrx_word' id='word_1_171' title='bbox 1111 1385 1166 1415; x_wconf 82' lang='lat' dir='ltr'><em>Po-</em></span> 
     </span>
     <span class='ocr_line' id='line_1_24' title="bbox 277 1433 1165 1483; baseline -0.012 -7"><span class='ocrx_word' id='word_1_172' title='bbox 277 1442 368 1483; x_wconf 76' lang='lat' dir='ltr'><em>testas</em></span> <span class='ocrx_word' id='word_1_173' title='bbox 394 1440 491 1480; x_wconf 78' lang='lat' dir='ltr'><em>vestra</em></span> <span class='ocrx_word' id='word_1_174' title='bbox 512 1439 652 1483; x_wconf 84' lang='lat' dir='ltr'><em>surrexit</em></span> <span class='ocrx_word' id='word_1_175' title='bbox 668 1463 680 1480; x_wconf 88' lang='lat'>‚</span> <span class='ocrx_word' id='word_1_176' title='bbox 704 1440 738 1473; x_wconf 67' lang='grc' dir='ltr'><em>Θ·</em></span> <span class='ocrx_word' id='word_1_177' title='bbox 752 1439 913 1473; x_wconf 84' lang='lat' dir='ltr'><em>Humilitas</em></span> <span class='ocrx_word' id='word_1_178' title='bbox 926 1435 1021 1475; x_wconf 82' lang='lat' dir='ltr'><em>nostra</em></span> <span class='ocrx_word' id='word_1_179' title='bbox 1041 1433 1165 1476; x_wconf 80' lang='lat' dir='ltr'><em>vestigia</em></span> 
     </span>
     <span class='ocr_line' id='line_1_25' title="bbox 277 1485 1164 1534; baseline -0.014 -9"><span class='ocrx_word' id='word_1_180' title='bbox 277 1491 376 1532; x_wconf 72' lang='lat' dir='ltr'><em>vestra</em></span> <span class='ocrx_word' id='word_1_181' title='bbox 394 1490 497 1534; x_wconf 77' lang='lat' dir='ltr'><em>secuta</em></span> <span class='ocrx_word' id='word_1_182' title='bbox 522 1488 560 1529; x_wconf 80' lang='lat' dir='ltr'><em>est</em></span> <span class='ocrx_word' id='word_1_183' title='bbox 573 1513 585 1530; x_wconf 91' lang='lat'>‚</span> <span class='ocrx_word' id='word_1_184' title='bbox 611 1490 752 1532; x_wconf 82' lang='lat' dir='ltr'><em>quaedam</em></span> <span class='ocrx_word' id='word_1_185' title='bbox 778 1486 864 1527; x_wconf 83' lang='lat' dir='ltr'><em>Gesta</em></span> <span class='ocrx_word' id='word_1_186' title='bbox 883 1485 975 1527; x_wconf 61' lang='lat' dir='ltr'><em>falia</em></span> <span class='ocrx_word' id='word_1_187' title='bbox 1001 1485 1141 1516; x_wconf 84' lang='lat' dir='ltr'><em>dicuntur</em></span> <span class='ocrx_word' id='word_1_188' title='bbox 1154 1506 1164 1522; x_wconf 86' lang='lat'>‚</span> 
     </span>
     <span class='ocr_line' id='line_1_26' title="bbox 276 1532 1168 1583; baseline -0.013 -8"><span class='ocrx_word' id='word_1_189' title='bbox 276 1553 346 1583; x_wconf 74' lang='lat' dir='ltr'><em>,quae</em></span> <span class='ocrx_word' id='word_1_190' title='bbox 366 1552 418 1574; x_wconf 81' lang='lat' dir='ltr'><em>nos</em></span> <span class='ocrx_word' id='word_1_191' title='bbox 442 1543 477 1574; x_wconf 67' lang='grc' dir='ltr'>Θ</span> <span class='ocrx_word' id='word_1_192' title='bbox 497 1547 608 1581; x_wconf 82' lang='lat' dir='ltr'><em>praeter</em></span> <span class='ocrx_word' id='word_1_193' title='bbox 628 1543 764 1573; x_wconf 82' lang='lat' dir='ltr'><em>Canones</em></span> <span class='ocrx_word' id='word_1_194' title='bbox 775 1534 977 1577; x_wconf 85' lang='lat' dir='ltr'><em>Ecclefiasticos</em></span> <span class='ocrx_word' id='word_1_195' title='bbox 990 1536 1024 1567; x_wconf 57' lang='lat' dir='ltr'><em>(a</em></span> <span class='ocrx_word' id='word_1_196' title='bbox 1037 1532 1168 1575; x_wconf 81' lang='lat' dir='ltr'><em>discipli-</em></span> 
     </span>
     <span class='ocr_line' id='line_1_27' title="bbox 278 1583 1166 1631; baseline -0.01 -8"><span class='ocrx_word' id='word_1_197' title='bbox 278 1602 350 1623; x_wconf 83' lang='lat' dir='ltr'><em>nam</em></span> <span class='ocrx_word' id='word_1_198' title='bbox 370 1590 547 1631; x_wconf 76' lang='lat' dir='ltr'><em>aeflimamus</em></span> <span class='ocrx_word' id='word_1_199' title='bbox 559 1587 659 1629; x_wconf 76' lang='lat' dir='ltr'><em>effec‘la</em></span> <span class='ocrx_word' id='word_1_200' title='bbox 671 1611 679 1620; x_wconf 91' lang='lat'><strong><em>.</em></strong></span> <span class='ocrx_word' id='word_1_201' title='bbox 707 1583 855 1631; x_wconf 85' lang='lat' dir='ltr'><em>Poscimus</em></span> <span class='ocrx_word' id='word_1_202' title='bbox 866 1597 931 1629; x_wconf 88' lang='lat' dir='ltr'><em>ergo</em></span> <span class='ocrx_word' id='word_1_203' title='bbox 946 1593 978 1617; x_wconf 83' lang='lat' dir='ltr'><em>ut</em></span> <span class='ocrx_word' id='word_1_204' title='bbox 992 1583 1089 1624; x_wconf 85' lang='lat' dir='ltr'><em>vestra</em></span> <span class='ocrx_word' id='word_1_205' title='bbox 1103 1586 1166 1614; x_wconf 84' lang='lat' dir='ltr'><em>Ma-</em></span> 
     </span>
     <span class='ocr_line' id='line_1_28' title="bbox 275 1632 1168 1684; baseline -0.009 -13"><span class='ocrx_word' id='word_1_206' title='bbox 275 1640 452 1684; x_wconf 83' lang='lat' dir='ltr'><em>gnificentia</em></span> <span class='ocrx_word' id='word_1_207' title='bbox 473 1640 562 1682; x_wconf 80' lang='lat' dir='ltr'><em>relegi</em></span> <span class='ocrx_word' id='word_1_208' title='bbox 583 1637 645 1672; x_wconf 77' lang='lat' dir='ltr'><em>baec</em></span> <span class='ocrx_word' id='word_1_209' title='bbox 660 1642 840 1679; x_wconf 62' lang='lat' dir='ltr'><em>prce-ipim,</em></span> <span class='ocrx_word' id='word_1_210' title='bbox 866 1644 899 1668; x_wconf 83' lang='lat' dir='ltr'><em>ut</em></span> <span class='ocrx_word' id='word_1_211' title='bbox 917 1639 1010 1667; x_wconf 88' lang='lat' dir='ltr'><em>omnis</em></span> <span class='ocrx_word' id='word_1_212' title='bbox 1016 1632 1168 1675; x_wconf 86' lang='lat' dir='ltr'><em>fraterni-</em></span> 
     </span>
     <span class='ocr_line' id='line_1_29' title="bbox 278 1680 1165 1731; baseline -0.01 -8"><span class='ocrx_word' id='word_1_213' title='bbox 278 1700 330 1723; x_wconf 84' lang='lat' dir='ltr'><em>tas</em></span> <span class='ocrx_word' id='word_1_214' title='bbox 351 1687 488 1731; x_wconf 86' lang='lat' dir='ltr'><em>inspiciat</em></span> <span class='ocrx_word' id='word_1_215' title='bbox 501 1712 512 1728; x_wconf 93' lang='lat'><strong>,</strong></span> <span class='ocrx_word' id='word_1_216' title='bbox 538 1687 635 1720; x_wconf 79' lang='lat' dir='ltr'><em>utrum</em></span> <span class='ocrx_word' id='word_1_217' title='bbox 650 1687 734 1728; x_wconf 83' lang='lat' dir='ltr'><em>justa</em></span> <span class='ocrx_word' id='word_1_218' title='bbox 748 1685 809 1728; x_wconf 84' lang='lat' dir='ltr'><em>fint</em></span> <span class='ocrx_word' id='word_1_219' title='bbox 822 1710 835 1726; x_wconf 93' lang='lat'>,</span> <span class='ocrx_word' id='word_1_220' title='bbox 857 1696 898 1717; x_wconf 89' lang='lat' dir='ltr'><em>an</em></span> <span class='ocrx_word' id='word_1_221' title='bbox 911 1682 1036 1725; x_wconf 77' lang='lat' dir='ltr'><em>injusta.</em></span> <span class='ocrx_word' id='word_1_222' title='bbox 1064 1680 1165 1715; x_wconf 65' lang='lat' dir='ltr'><em>Reae</em></span> 
     </span>
     <span class='ocr_line' id='line_1_30' title="bbox 278 1731 1166 1774; baseline -0.011 0"><span class='ocrx_word' id='word_1_223' title='bbox 278 1739 322 1774; x_wconf 84' lang='lat' dir='ltr'><em>ad</em></span> <span class='ocrx_word' id='word_1_224' title='bbox 334 1739 523 1772; x_wconf 84' lang='lat' dir='ltr'><em>Maximum</em></span> <span class='ocrx_word' id='word_1_225' title='bbox 538 1736 725 1771; x_wconf 65' lang='lat' dir='ltr'><em>Antiochiae</em></span> <span class='ocrx_word' id='word_1_226' title='bbox 735 1733 956 1770; x_wconf 70' lang='lat' dir='ltr'><em>patriarcham</em></span> <span class='ocrx_word' id='word_1_227' title='bbox 967 1731 1077 1768; x_wconf 85' lang='lat' dir='ltr'>scribit</span> <span class='ocrx_word' id='word_1_228' title='bbox 1089 1732 1166 1765; x_wconf 91' lang='lat' dir='ltr'><em>San-</em></span> 
     </span>
     <span class='ocr_line' id='line_1_31' title="bbox 276 1786 1165 1830; baseline -0.012 -7"><span class='ocrx_word' id='word_1_229' title='bbox 276 1791 347 1823; x_wconf 66' lang='lat' dir='ltr'><em>ssus</em></span> <span class='ocrx_word' id='word_1_230' title='bbox 360 1787 716 1830; x_wconf 72' lang='lat' dir='ltr'><em>PapaLeotsubrependi</em></span> <span class='ocrx_word' id='word_1_231' title='bbox 731 1797 796 1819; x_wconf 84' lang='lat' dir='ltr'><em>occa</em></span> <span class='ocrx_word' id='word_1_232' title='bbox 806 1796 883 1819; x_wconf 75' lang='lat' dir='ltr'><em>iones</em></span> <span class='ocrx_word' id='word_1_233' title='bbox 894 1796 952 1817; x_wconf 90' lang='lat' dir='ltr'><em>non</em></span> <span class='ocrx_word' id='word_1_234' title='bbox 960 1786 1165 1825; x_wconf 79' lang='lat' dir='ltr'><em>praetermittit</em></span> 
     </span>
     <span class='ocr_line' id='line_1_32' title="bbox 276 1832 1170 1877; baseline -0.009 -6"><span class='ocrx_word' id='word_1_235' title='bbox 276 1838 423 1876; x_wconf 82' lang='lat' dir='ltr'><em>ambitio,</em></span> <span class='ocrx_word' id='word_1_236' title='bbox 450 1839 484 1870; x_wconf 61' lang='lat' dir='ltr'><em>(a</em></span> <span class='ocrx_word' id='word_1_237' title='bbox 504 1842 614 1877; x_wconf 88' lang='lat' dir='ltr'><em>quoties</em></span> <span class='ocrx_word' id='word_1_238' title='bbox 635 1837 669 1869; x_wconf 84' lang='lat' dir='ltr'><em>ob</em></span> <span class='ocrx_word' id='word_1_239' title='bbox 681 1842 904 1870; x_wconf 67' lang='lat' dir='ltr'><em>intercurrentes</em></span> <span class='ocrx_word' id='word_1_240' title='bbox 925 1832 1026 1877; x_wconf 84' lang='lat' dir='ltr'><em>causas</em></span> <span class='ocrx_word' id='word_1_241' title='bbox 1044 1843 1170 1875; x_wconf 82' lang='lat' dir='ltr'><em>genera·</em></span> 
     </span>
     <span class='ocr_line' id='line_1_33' title="bbox 278 1879 1167 1930; baseline -0.01 -8"><span class='ocrx_word' id='word_1_242' title='bbox 278 1890 319 1924; x_wconf 81' lang='lat' dir='ltr'><em>Iis</em></span> <span class='ocrx_word' id='word_1_243' title='bbox 341 1891 519 1930; x_wconf 85' lang='lat' dir='ltr'><em>congregatio</em></span> <span class='ocrx_word' id='word_1_244' title='bbox 533 1885 624 1927; x_wconf 78' lang='lat' dir='ltr'><em>fac‘la</em></span> <span class='ocrx_word' id='word_1_245' title='bbox 638 1885 736 1927; x_wconf 86' lang='lat' dir='ltr'><em>fuerit</em></span> <span class='ocrx_word' id='word_1_246' title='bbox 757 1885 944 1918; x_wconf 77' lang='lat' dir='ltr'><em>sacerdotum</em></span> <span class='ocrx_word' id='word_1_247' title='bbox 961 1906 972 1923; x_wconf 91' lang='lat'><strong>,</strong></span> <span class='ocrx_word' id='word_1_248' title='bbox 996 1883 1111 1923; x_wconf 86' lang='lat' dir='ltr'><em>difficile</em></span> <span class='ocrx_word' id='word_1_249' title='bbox 1128 1879 1167 1922; x_wconf 83' lang='lat' dir='ltr'><em>est</em></span> 
     </span>
     <span class='ocr_line' id='line_1_34' title="bbox 280 1929 1167 1979; baseline -0.01 -8"><span class='ocrx_word' id='word_1_250' title='bbox 280 1946 316 1972; x_wconf 84' lang='lat' dir='ltr'><em>ut</em></span> <span class='ocrx_word' id='word_1_251' title='bbox 324 1937 475 1979; x_wconf 75' lang='lat' dir='ltr'><em>cupiditas</em></span> <span class='ocrx_word' id='word_1_252' title='bbox 494 1935 689 1977; x_wconf 73' lang='lat' dir='ltr'><em>improborum</em></span> <span class='ocrx_word' id='word_1_253' title='bbox 701 1935 758 1970; x_wconf 62' lang='lat' dir='ltr'><em>hon</em></span> <span class='ocrx_word' id='word_1_254' title='bbox 770 1935 892 1976; x_wconf 85' lang='lat' dir='ltr'><em>aliquod</em></span> <span class='ocrx_word' id='word_1_255' title='bbox 896 1931 993 1976; x_wconf 84' lang='lat' dir='ltr'><em>supra</em></span> <span class='ocrx_word' id='word_1_256' title='bbox 1003 1929 1167 1974; x_wconf 80' lang='lat' dir='ltr'><em>mensuram</em></span> 
     </span>
     <span class='ocr_line' id='line_1_35' title="bbox 276 1982 1166 2031; baseline -0.008 -11"><span class='ocrx_word' id='word_1_257' title='bbox 276 1986 367 2031; x_wconf 84' lang='lat' dir='ltr'><em>suam</em></span> <span class='ocrx_word' id='word_1_258' title='bbox 388 1987 523 2019; x_wconf 86' lang='lat' dir='ltr'><em>moliatur</em></span> <span class='ocrx_word' id='word_1_259' title='bbox 544 1993 699 2027; x_wconf 84' lang='lat' dir='ltr'><em>appetere.</em></span> <span class='ocrx_word' id='word_1_260' title='bbox 727 1984 915 2018; x_wconf 81' lang='lat' dir='ltr'><em>Graecorum</em></span> <span class='ocrx_word' id='word_1_261' title='bbox 929 1982 1166 2026; x_wconf 78' lang='lat' dir='ltr'><em>Episcoporum</em></span> 
     </span>
     <span class='ocr_line' id='line_1_36' title="bbox 285 2031 1168 2071; baseline -0.009 0"><span class='ocrx_word' id='word_1_262' title='bbox 285 2036 411 2071; x_wconf 82' lang='lat' dir='ltr'><em>vetusta</em></span> <span class='ocrx_word' id='word_1_263' title='bbox 432 2034 556 2069; x_wconf 85' lang='lat' dir='ltr'><em>vanitas</em></span> <span class='ocrx_word' id='word_1_264' title='bbox 576 2035 620 2069; x_wconf 89' lang='lat' dir='ltr'><em>est</em></span> <span class='ocrx_word' id='word_1_265' title='bbox 639 2044 772 2069; x_wconf 86' lang='lat' dir='ltr'><em>mutuos</em></span> <span class='ocrx_word' id='word_1_266' title='bbox 789 2034 869 2068; x_wconf 90' lang='lat' dir='ltr'><em>fines</em></span> <span class='ocrx_word' id='word_1_267' title='bbox 882 2032 1054 2070; x_wconf 84' lang='lat' dir='ltr'><em>invadere,</em></span> <span class='ocrx_word' id='word_1_268' title='bbox 1078 2031 1168 2064; x_wconf 87' lang='lat' dir='ltr'><em>Con-</em></span> 
     </span>
     <span class='ocr_line' id='line_1_37' title="bbox 285 2082 1168 2128; baseline -0.006 -9"><span class='ocrx_word' id='word_1_269' title='bbox 285 2085 618 2128; x_wconf 80' lang='lat' dir='ltr'><em>stantinopoli.anum</em></span> <span class='ocrx_word' id='word_1_270' title='bbox 632 2083 864 2128; x_wconf 83' lang='lat' dir='ltr'><em>Episcopatum</em></span> <span class='ocrx_word' id='word_1_271' title='bbox 875 2082 1018 2117; x_wconf 83' lang='lat' dir='ltr'><em>exaltare</em></span> <span class='ocrx_word' id='word_1_272' title='bbox 1035 2107 1047 2123; x_wconf 91' lang='lat'><strong>,</strong></span> <span class='ocrx_word' id='word_1_273' title='bbox 1074 2091 1168 2124; x_wconf 86' lang='lat' dir='ltr'><em>atque</em></span> 
     </span>
     <span class='ocr_line' id='line_1_38' title="bbox 284 2130 1169 2177; baseline -0.006 -8"><span class='ocrx_word' id='word_1_274' title='bbox 284 2136 332 2170; x_wconf 76' lang='lat' dir='ltr'><em>ita</em></span> <span class='ocrx_word' id='word_1_275' title='bbox 353 2134 553 2177; x_wconf 69' lang='lat' dir='ltr'><em>ambitiosis,</em></span> <span class='ocrx_word' id='word_1_276' title='bbox 578 2133 758 2169; x_wconf 84' lang='lat' dir='ltr'><em>Canonum</em></span> <span class='ocrx_word' id='word_1_277' title='bbox 787 2130 1110 2177; x_wconf 76' lang='lat' dir='ltr'><em>praevaricatricibus,</em></span> <span class='ocrx_word' id='word_1_278' title='bbox 1135 2131 1169 2164; x_wconf 71' lang='grc' dir='ltr'><em>ὅ(</em></span> 
     </span>
     <span class='ocr_line' id='line_1_39' title="bbox 285 2181 1167 2228; baseline -0.006 -9"><span class='ocrx_word' id='word_1_279' title='bbox 285 2184 542 2220; x_wconf 85' lang='lat' dir='ltr'><em>scandalosarum</em></span> <span class='ocrx_word' id='word_1_280' title='bbox 566 2185 675 2228; x_wconf 85' lang='lat' dir='ltr'><em>postea</em></span> <span class='ocrx_word' id='word_1_281' title='bbox 696 2184 866 2219; x_wconf 87' lang='lat' dir='ltr'><em>turbarum</em></span> <span class='ocrx_word' id='word_1_282' title='bbox 887 2181 1081 2217; x_wconf 81' lang='lat' dir='ltr'><em>authoribus</em></span> <span class='ocrx_word' id='word_1_283' title='bbox 1091 2191 1167 2221; x_wconf 86' lang='lat' dir='ltr'><em>con·</em></span> 
     </span>
     <span class='ocr_line' id='line_1_40' title="bbox 285 2230 1169 2279; baseline -0.006 -10"><span class='ocrx_word' id='word_1_284' title='bbox 285 2235 511 2271; x_wconf 80' lang='lat' dir='ltr'><em>stitutionibus</em></span> <span class='ocrx_word' id='word_1_285' title='bbox 532 2235 694 2279; x_wconf 85' lang='lat' dir='ltr'><em>generales</em></span> <span class='ocrx_word' id='word_1_286' title='bbox 714 2234 868 2279; x_wconf 85' lang='lat' dir='ltr'><em>Synodos</em></span> <span class='ocrx_word' id='word_1_287' title='bbox 890 2232 1004 2268; x_wconf 87' lang='lat' dir='ltr'><em>faedare</em></span> <span class='ocrx_word' id='word_1_288' title='bbox 1021 2256 1030 2266; x_wconf 83' lang='lat'><strong>.</strong></span> <span class='ocrx_word' id='word_1_289' title='bbox 1058 2230 1169 2271; x_wconf 64' lang='lat' dir='ltr'><em>Etim</em></span> 
     </span>
     <span class='ocr_line' id='line_1_41' title="bbox 285 2279 1171 2328; baseline -0.003 -10"><span class='ocrx_word' id='word_1_290' title='bbox 285 2285 428 2319; x_wconf 79' lang='lat' dir='ltr'><em>omnino</em></span> <span class='ocrx_word' id='word_1_291' title='bbox 448 2286 590 2319; x_wconf 86' lang='lat' dir='ltr'><em>fecerant</em></span> <span class='ocrx_word' id='word_1_292' title='bbox 609 2285 644 2318; x_wconf 82' lang='lat' dir='ltr'><em>in</em></span> <span class='ocrx_word' id='word_1_293' title='bbox 668 2284 811 2319; x_wconf 64' lang='lat' dir='ltr'><em>Actione</em></span> <span class='ocrx_word' id='word_1_294' title='bbox 832 2282 1023 2328; x_wconf 75' lang='lat' dir='ltr'><em>praecedenti</em></span> <span class='ocrx_word' id='word_1_295' title='bbox 1039 2290 1096 2324; x_wconf 70' lang='lat' dir='ltr'><em>pet</em></span> <span class='ocrx_word' id='word_1_296' title='bbox 1109 2279 1171 2315; x_wconf 81' lang='lat' dir='ltr'><em>Ga-</em></span> 
     </span>
     <span class='ocr_line' id='line_1_42' title="bbox 285 2331 1170 2378; baseline -0.007 -9"><span class='ocrx_word' id='word_1_297' title='bbox 285 2345 412 2369; x_wconf 80' lang='lat' dir='ltr'><em>nonem</em></span> <span class='ocrx_word' id='word_1_298' title='bbox 433 2334 621 2378; x_wconf 85' lang='lat' dir='ltr'><em>vigefimurn</em></span> <span class='ocrx_word' id='word_1_299' title='bbox 641 2337 791 2370; x_wconf 69' lang='lat' dir='ltr'><em>octavum</em></span> <span class='ocrx_word' id='word_1_300' title='bbox 807 2360 814 2367; x_wconf 93' lang='lat'>.</span> <span class='ocrx_word' id='word_1_301' title='bbox 839 2334 932 2367; x_wconf 84' lang='lat' dir='ltr'><em>Hinc</em></span> <span class='ocrx_word' id='word_1_302' title='bbox 943 2333 984 2367; x_wconf 92' lang='lat' dir='ltr'><em>de</em></span> <span class='ocrx_word' id='word_1_303' title='bbox 996 2331 1170 2365; x_wconf 80' lang='lat' dir='ltr'><em>Attentato</em></span> 
     </span>
     <span class='ocr_line' id='line_1_43' title="bbox 285 2380 1171 2425; baseline -0.006 -6"><span class='ocrx_word' id='word_1_304' title='bbox 285 2384 474 2419; x_wconf 82' lang='lat' dir='ltr'><em>erubescens</em></span> <span class='ocrx_word' id='word_1_305' title='bbox 495 2384 610 2417; x_wconf 83' lang='lat' dir='ltr'><em>AEtius</em></span> <span class='ocrx_word' id='word_1_306' title='bbox 630 2384 781 2418; x_wconf 76' lang='lat' dir='ltr'><em>Ecclefiae</em></span> <span class='ocrx_word' id='word_1_307' title='bbox 796 2380 1171 2425; x_wconf 71' lang='lat' dir='ltr'><em>Constantinopolitanae</em></span> 
     </span>
     <span class='ocr_line' id='line_1_44' title="bbox 285 2430 1170 2479; baseline -0.005 -11"><span class='ocrx_word' id='word_1_308' title='bbox 285 2432 576 2468; x_wconf 84' lang='lat' dir='ltr'><em>Archi-Diaconus</em></span> <span class='ocrx_word' id='word_1_309' title='bbox 589 2433 759 2468; x_wconf 71' lang='lat' dir='ltr'><em>adversum</em></span> <span class='ocrx_word' id='word_1_310' title='bbox 772 2433 990 2479; x_wconf 87' lang='lat' dir='ltr'><em>gloriosorum</em></span> <span class='ocrx_word' id='word_1_311' title='bbox 1002 2430 1148 2474; x_wconf 77' lang='lat' dir='ltr'><em>judicum</em></span> <span class='ocrx_word' id='word_1_312' title='bbox 1159 2451 1170 2469; x_wconf 86' lang='lat'><em>,</em></span> 
     </span>
     <span class='ocr_line' id='line_1_45' title="bbox 285 2478 1171 2526; baseline -0.002 -10"><span class='ocrx_word' id='word_1_313' title='bbox 285 2481 388 2516; x_wconf 86' lang='lat' dir='ltr'><em>Gesta</em></span> <span class='ocrx_word' id='word_1_314' title='bbox 401 2483 461 2517; x_wconf 84' lang='lat' dir='ltr'><em>ista</em></span> <span class='ocrx_word' id='word_1_315' title='bbox 474 2483 571 2526; x_wconf 88' lang='lat' dir='ltr'><em>relegi</em></span> <span class='ocrx_word' id='word_1_316' title='bbox 583 2483 764 2524; x_wconf 87' lang='lat' dir='ltr'><em>jubentium</em></span> <span class='ocrx_word' id='word_1_317' title='bbox 778 2507 789 2523; x_wconf 90' lang='lat'><strong>,</strong></span> <span class='ocrx_word' id='word_1_318' title='bbox 814 2481 1106 2516; x_wconf 85' lang='lat' dir='ltr'><em>interlocutionem·</em></span> <span class='ocrx_word' id='word_1_319' title='bbox 1118 2478 1171 2515; x_wconf 67' lang='lat' dir='ltr'><em>,in-</em></span> 
     </span>
     <span class='ocr_line' id='line_1_46' title="bbox 286 2527 1172 2574; baseline -0.005 -8"><span class='ocrx_word' id='word_1_320' title='bbox 286 2531 442 2566; x_wconf 85' lang='lat' dir='ltr'><em>terceffit:</em></span> <span class='ocrx_word' id='word_1_321' title='bbox 469 2535 592 2564; x_wconf 84' lang='lat' dir='ltr'><em>Certum</em></span> <span class='ocrx_word' id='word_1_322' title='bbox 605 2532 644 2571; x_wconf 79' lang='lat' dir='ltr'><em>est</em></span> <span class='ocrx_word' id='word_1_323' title='bbox 656 2556 666 2571; x_wconf 92' lang='lat'>‚</span> <span class='ocrx_word' id='word_1_324' title='bbox 692 2539 763 2574; x_wconf 80' lang='lat' dir='ltr'><em>quia</em></span> <span class='ocrx_word' id='word_1_325' title='bbox 775 2532 914 2573; x_wconf 83' lang='lat' dir='ltr'><em>formam.</em></span> <span class='ocrx_word' id='word_1_326' title='bbox 923 2544 958 2565; x_wconf 90' lang='lat' dir='ltr'><em>ea</em></span> <span class='ocrx_word' id='word_1_327' title='bbox 970 2556 980 2571; x_wconf 91' lang='lat'><strong>,</strong></span> <span class='ocrx_word' id='word_1_328' title='bbox 989 2542 1056 2573; x_wconf 81' lang='lat' dir='ltr'><em>quae</em></span> <span class='ocrx_word' id='word_1_329' title='bbox 1066 2531 1105 2562; x_wconf 75' lang='lat' dir='ltr'><em>de</em></span> <span class='ocrx_word' id='word_1_330' title='bbox 1112 2527 1172 2570; x_wconf 61' lang='lat' dir='ltr'><em>fide</em></span> 
     </span>
     <span class='ocr_line' id='line_1_47' title="bbox 281 2579 1169 2625; baseline -0.003 -11"><span class='ocrx_word' id='word_1_331' title='bbox 281 2580 358 2625; x_wconf 86' lang='lat' dir='ltr'><em>sunt</em></span> <span class='ocrx_word' id='word_1_332' title='bbox 370 2605 380 2621; x_wconf 89' lang='lat'>‚</span> <span class='ocrx_word' id='word_1_333' title='bbox 402 2579 607 2624; x_wconf 78' lang='lat' dir='ltr'><em>susceperunt.</em></span> <span class='ocrx_word' id='word_1_334' title='bbox 635 2580 822 2624; x_wconf 81' lang='lat' dir='ltr'><em>Consuetudo</em></span> <span class='ocrx_word' id='word_1_335' title='bbox 831 2590 931 2614; x_wconf 85' lang='lat' dir='ltr'><em>autem</em></span> <span class='ocrx_word' id='word_1_336' title='bbox 945 2580 1027 2620; x_wconf 82' lang='lat' dir='ltr'><em>estin</em></span> <span class='ocrx_word' id='word_1_337' title='bbox 1037 2579 1169 2618; x_wconf 52' lang='lat' dir='ltr'><em>Quodis,</em></span> 
     </span>
     <span class='ocr_line' id='line_1_48' title="bbox 284 2628 1170 2674; baseline 0 -11"><span class='ocrx_word' id='word_1_338' title='bbox 284 2630 440 2673; x_wconf 82' lang='lat' dir='ltr'><em>postquam</em></span> <span class='ocrx_word' id='word_1_339' title='bbox 460 2642 516 2670; x_wconf 89' lang='lat' dir='ltr'><em>ea,</em></span> <span class='ocrx_word' id='word_1_340' title='bbox 543 2641 610 2672; x_wconf 82' lang='lat' dir='ltr'><em>quae</em></span> <span class='ocrx_word' id='word_1_341' title='bbox 625 2629 700 2674; x_wconf 86' lang='lat' dir='ltr'><em>sunt</em></span> <span class='ocrx_word' id='word_1_342' title='bbox 722 2636 851 2664; x_wconf 86' lang='lat' dir='ltr'><em>omnium</em></span> <span class='ocrx_word' id='word_1_343' title='bbox 858 2635 1012 2671; x_wconf 82' lang='lat' dir='ltr'><em>praecipua</em></span> <span class='ocrx_word' id='word_1_344' title='bbox 1023 2648 1040 2670; x_wconf 31' lang='grc' dir='ltr'><em>,ν</em></span> <span class='ocrx_word' id='word_1_345' title='bbox 1054 2628 1170 2670; x_wconf 77' lang='lat' dir='ltr'><em>fuerint</em></span> 
     </span>
     <span class='ocr_line' id='line_1_49' title="bbox 290 2679 1171 2723; baseline -0.002 -10"><span class='ocrx_word' id='word_1_346' title='bbox 290 2680 416 2722; x_wconf 81' lang='lat' dir='ltr'><em>definita</em></span> <span class='ocrx_word' id='word_1_347' title='bbox 426 2704 437 2720; x_wconf 89' lang='lat'>‚</span> <span class='ocrx_word' id='word_1_348' title='bbox 463 2681 497 2714; x_wconf 65' lang='lat'><em>(5</em></span> <span class='ocrx_word' id='word_1_349' title='bbox 518 2679 580 2712; x_wconf 87' lang='lat' dir='ltr'><em>alia</em></span> <span class='ocrx_word' id='word_1_350' title='bbox 591 2681 732 2723; x_wconf 80' lang='lat' dir='ltr'><em>quaedam</em></span> <span class='ocrx_word' id='word_1_351' title='bbox 742 2680 895 2723; x_wconf 79' lang='lat' dir='ltr'><em>necessaria</em></span> <span class='ocrx_word' id='word_1_352' title='bbox 905 2682 1076 2713; x_wconf 79' lang='lat' dir='ltr'><em>examinari</em></span> <span class='ocrx_word' id='word_1_353' title='bbox 1083 2685 1171 2719; x_wconf 86' lang='lat' dir='ltr'><em>atque</em></span> 
     </span>
     <span class='ocr_line' id='line_1_50' title="bbox 285 2727 1171 2772; baseline -0.002 -11"><span class='ocrx_word' id='word_1_354' title='bbox 285 2730 405 2772; x_wconf 81' lang='lat' dir='ltr'><em>firmari</em></span> <span class='ocrx_word' id='word_1_355' title='bbox 427 2754 434 2761; x_wconf 91' lang='lat'>.</span> <span class='ocrx_word' id='word_1_356' title='bbox 462 2728 628 2763; x_wconf 75' lang='lat' dir='ltr'><em>Habuimus</em></span> <span class='ocrx_word' id='word_1_357' title='bbox 643 2753 655 2769; x_wconf 85' lang='lat'>‚</span> <span class='ocrx_word' id='word_1_358' title='bbox 681 2730 732 2764; x_wconf 86' lang='lat' dir='ltr'><em>hoc</em></span> <span class='ocrx_word' id='word_1_359' title='bbox 754 2729 792 2770; x_wconf 81' lang='lat' dir='ltr'><em>est</em></span> <span class='ocrx_word' id='word_1_360' title='bbox 812 2754 822 2769; x_wconf 92' lang='lat'>‚</span> <span class='ocrx_word' id='word_1_361' title='bbox 849 2727 1171 2770; x_wconf 78' lang='lat' dir='ltr'><em>Constantinopolitana</em></span> 
     </span>
     <span class='ocr_line' id='line_1_51' title="bbox 286 2777 1171 2823; baseline -0.001 -12"><span class='ocrx_word' id='word_1_362' title='bbox 286 2777 463 2822; x_wconf 67' lang='lat' dir='ltr'><em>sanciiffima</em></span> <span class='ocrx_word' id='word_1_363' title='bbox 485 2779 611 2821; x_wconf 85' lang='lat' dir='ltr'><em>Ecclefia</em></span> <span class='ocrx_word' id='word_1_364' title='bbox 622 2804 632 2820; x_wconf 94' lang='lat'>,</span> <span class='ocrx_word' id='word_1_365' title='bbox 657 2789 739 2813; x_wconf 87' lang='lat' dir='ltr'><em>certa</em></span> <span class='ocrx_word' id='word_1_366' title='bbox 752 2780 894 2823; x_wconf 83' lang='lat' dir='ltr'><em>quaedam</em></span> <span class='ocrx_word' id='word_1_367' title='bbox 915 2790 980 2821; x_wconf 84' lang='lat' dir='ltr'><em>quae</em></span> <span class='ocrx_word' id='word_1_368' title='bbox 992 2788 1079 2822; x_wconf 82' lang='lat' dir='ltr'><em>agere</em></span> <span class='ocrx_word' id='word_1_369' title='bbox 1089 2777 1171 2811; x_wconf 87' lang='lat' dir='ltr'><em>debe-</em></span> 
     </span>
     <span class='ocr_line' id='line_1_52' title="bbox 290 2827 1170 2872; baseline -0.005 -10"><span class='ocrx_word' id='word_1_370' title='bbox 290 2839 385 2862; x_wconf 85' lang='lat' dir='ltr'><em>remus</em></span> <span class='ocrx_word' id='word_1_371' title='bbox 399 2853 405 2860; x_wconf 91' lang='lat'><strong>.</strong></span> <span class='ocrx_word' id='word_1_372' title='bbox 432 2832 614 2872; x_wconf 85' lang='lat' dir='ltr'><em>Rogavimus</em></span> <span class='ocrx_word' id='word_1_373' title='bbox 627 2832 770 2863; x_wconf 76' lang='lat' dir='ltr'><em>Dominus</em></span> <span class='ocrx_word' id='word_1_374' title='bbox 785 2827 943 2872; x_wconf 85' lang='lat' dir='ltr'><em>Episcopos</em></span> <span class='ocrx_word' id='word_1_375' title='bbox 956 2830 994 2862; x_wconf 87' lang='lat' dir='ltr'><em>de</em></span> <span class='ocrx_word' id='word_1_376' title='bbox 1004 2832 1100 2861; x_wconf 87' lang='lat' dir='ltr'><em>Roma</em></span> <span class='ocrx_word' id='word_1_377' title='bbox 1111 2850 1121 2867; x_wconf 94' lang='lat'>‚</span> <span class='ocrx_word' id='word_1_378' title='bbox 1137 2834 1170 2859; x_wconf 86' lang='lat' dir='ltr'><em>ut</em></span> 
     </span>
     <span class='ocr_line' id='line_1_53' title="bbox 291 2877 1171 2922; baseline -0.003 -12"><span class='ocrx_word' id='word_1_379' title='bbox 291 2883 533 2911; x_wconf 71' lang='lat' dir='ltr'><em>communicarent</em></span> <span class='ocrx_word' id='word_1_380' title='bbox 557 2883 595 2911; x_wconf 86' lang='lat' dir='ltr'><em>iis</em></span> <span class='ocrx_word' id='word_1_381' title='bbox 614 2878 703 2922; x_wconf 84' lang='lat' dir='ltr'><em>gestis</em></span> <span class='ocrx_word' id='word_1_382' title='bbox 726 2891 733 2910; x_wconf 93' lang='lat'><strong>:</strong></span> <span class='ocrx_word' id='word_1_383' title='bbox 761 2878 984 2920; x_wconf 77' lang='lat' dir='ltr'><em>Refu&#39;taverunt</em></span> <span class='ocrx_word' id='word_1_384' title='bbox 1007 2902 1019 2919; x_wconf 87' lang='lat'><em>‚</em></span> <span class='ocrx_word' id='word_1_385' title='bbox 1044 2877 1171 2911; x_wconf 86' lang='lat' dir='ltr'><em>dicentes</em></span> 
     </span>
     <span class='ocr_line' id='line_1_54' title="bbox 291 2925 1173 2971; baseline -0.005 -9"><span class='ocrx_word' id='word_1_386' title='bbox 291 2928 367 2961; x_wconf 88' lang='lat' dir='ltr'><em>talia</em></span> <span class='ocrx_word' id='word_1_387' title='bbox 372 2926 406 2970; x_wconf 88' lang='lat' dir='ltr'><em>se</em></span> <span class='ocrx_word' id='word_1_388' title='bbox 422 2939 479 2960; x_wconf 85' lang='lat' dir='ltr'><em>non</em></span> <span class='ocrx_word' id='word_1_389' title='bbox 485 2925 630 2971; x_wconf 68' lang='lat' dir='ltr'><em>sufiepiffi’</em></span> <span class='ocrx_word' id='word_1_390' title='bbox 639 2930 791 2965; x_wconf 81' lang='lat' dir='ltr'><em>mandata</em></span> <span class='ocrx_word' id='word_1_391' title='bbox 802 2952 810 2961; x_wconf 87' lang='lat'>.</span> <span class='ocrx_word' id='word_1_392' title='bbox 822 2960 824 2962; x_wconf 90' lang='lat'>.</span> <span class='ocrx_word' id='word_1_393' title='bbox 836 2929 1002 2963; x_wconf 81' lang='lat' dir='ltr'><em>Retulimus</em></span> <span class='ocrx_word' id='word_1_394' title='bbox 1021 2929 1056 2961; x_wconf 66' lang='grc'><em>(9</em></span> <span class='ocrx_word' id='word_1_395' title='bbox 1067 2927 1112 2959; x_wconf 75' lang='lat' dir='ltr'><em>aa</em></span> <span class='ocrx_word' id='word_1_396' title='bbox 1120 2937 1173 2959; x_wconf 81' lang='lat' dir='ltr'><em>ve-</em></span> 
     </span>
    </p>
   </div>
   <div class='ocr_carea' id='block_1_6' title="bbox 283 2973 1175 3020">
    <p class='ocr_par' dir='ltr' id='par_1_6' title="bbox 283 2973 1175 3020">
     <span class='ocr_line' id='line_1_55' title="bbox 283 2973 1175 3020; baseline -0.001 -11"><span class='ocrx_word' id='word_1_397' title='bbox 283 2977 379 3018; x_wconf 75' lang='lat' dir='ltr'><em>stram</em></span> <span class='ocrx_word' id='word_1_398' title='bbox 404 2977 673 3020; x_wconf 84' lang='lat' dir='ltr'><em>Magnificentiam‚</em></span> <span class='ocrx_word' id='word_1_399' title='bbox 698 2979 731 3011; x_wconf 63' lang='lat' dir='ltr'><em>&lt;bt</em></span> <span class='ocrx_word' id='word_1_400' title='bbox 744 2976 858 3019; x_wconf 78' lang='lat' dir='ltr'><em>juffillis</em></span> <span class='ocrx_word' id='word_1_401' title='bbox 871 3003 881 3019; x_wconf 89' lang='lat'>,</span> <span class='ocrx_word' id='word_1_402' title='bbox 908 2987 941 3012; x_wconf 90' lang='lat' dir='ltr'><em>ut</em></span> <span class='ocrx_word' id='word_1_403' title='bbox 960 2975 1094 3020; x_wconf 64' lang='lat' dir='ltr'><em>praesent</em></span> <span class='ocrx_word' id='word_1_404' title='bbox 1102 2973 1175 3018; x_wconf 81' lang='lat' dir='ltr'><em>san-</em></span> 
     </span>
    </p>
   </div>
   <div class='ocr_carea' id='block_1_7' title="bbox 284 3023 1174 3466">
    <p class='ocr_par' dir='ltr' id='par_1_7' title="bbox 284 3023 1174 3466">
     <span class='ocr_line' id='line_1_56' title="bbox 292 3023 1172 3070; baseline 0.001 -11"><span class='ocrx_word' id='word_1_405' title='bbox 292 3023 370 3059; x_wconf 61' lang='lat' dir='ltr'><em>Hum</em></span> <span class='ocrx_word' id='word_1_406' title='bbox 383 3028 544 3059; x_wconf 80' lang='lat' dir='ltr'><em>Concilium</em></span> <span class='ocrx_word' id='word_1_407' title='bbox 563 3026 614 3060; x_wconf 86' lang='lat' dir='ltr'><em>hoc</em></span> <span class='ocrx_word' id='word_1_408' title='bbox 624 3026 720 3070; x_wconf 88' lang='lat' dir='ltr'><em>ipsum</em></span> <span class='ocrx_word' id='word_1_409' title='bbox 731 3026 884 3070; x_wconf 76' lang='lat' dir='ltr'><em>inspiceret</em></span> <span class='ocrx_word' id='word_1_410' title='bbox 894 3053 901 3060; x_wconf 92' lang='lat'><strong><em>.</em></strong></span> <span class='ocrx_word' id='word_1_411' title='bbox 930 3027 1106 3061; x_wconf 83' lang='lat' dir='ltr'><em>Procedente</em></span> <span class='ocrx_word' id='word_1_412' title='bbox 1120 3038 1172 3060; x_wconf 87' lang='lat' dir='ltr'><em>ve·</em></span> 
     </span>
     <span class='ocr_line' id='line_1_57' title="bbox 284 3075 1171 3120; baseline -0.001 -11"><span class='ocrx_word' id='word_1_413' title='bbox 284 3076 350 3116; x_wconf 77' lang='lat' dir='ltr'><em>fita</em></span> <span class='ocrx_word' id='word_1_414' title='bbox 371 3076 591 3118; x_wconf 84' lang='lat' dir='ltr'><em>Magnificentia</em></span> <span class='ocrx_word' id='word_1_415' title='bbox 619 3100 629 3116; x_wconf 90' lang='lat'>,</span> <span class='ocrx_word' id='word_1_416' title='bbox 658 3075 823 3118; x_wconf 65' lang='lat' dir='ltr'><em>sanltzffimi</em></span> <span class='ocrx_word' id='word_1_417' title='bbox 843 3076 982 3120; x_wconf 84' lang='lat' dir='ltr'><em>Episcopi</em></span> <span class='ocrx_word' id='word_1_418' title='bbox 1008 3101 1020 3118; x_wconf 91' lang='lat'><strong><em>,</em></strong></span> <span class='ocrx_word' id='word_1_419' title='bbox 1055 3081 1105 3118; x_wconf 84' lang='lat' dir='ltr'><em>qui</em></span> <span class='ocrx_word' id='word_1_420' title='bbox 1125 3075 1171 3109; x_wconf 83' lang='lat' dir='ltr'><em>hic</em></span> 
     </span>
     <span class='ocr_line' id='line_1_58' title="bbox 289 3123 1172 3171; baseline 0.001 -13"><span class='ocrx_word' id='word_1_421' title='bbox 289 3124 361 3168; x_wconf 87' lang='lat' dir='ltr'><em>sunt</em></span> <span class='ocrx_word' id='word_1_422' title='bbox 374 3149 383 3165; x_wconf 88' lang='lat'>‚</span> <span class='ocrx_word' id='word_1_423' title='bbox 410 3134 563 3167; x_wconf 87' lang='lat' dir='ltr'><em>tamquam</em></span> <span class='ocrx_word' id='word_1_424' title='bbox 588 3126 625 3158; x_wconf 87' lang='lat' dir='ltr'><em>de</em></span> <span class='ocrx_word' id='word_1_425' title='bbox 634 3131 775 3160; x_wconf 83' lang='lat' dir='ltr'><em>communi</em></span> <span class='ocrx_word' id='word_1_426' title='bbox 786 3125 871 3170; x_wconf 88' lang='lat' dir='ltr'><em>causa</em></span> <span class='ocrx_word' id='word_1_427' title='bbox 877 3126 1035 3171; x_wconf 86' lang='lat' dir='ltr'><em>surgentes</em></span> <span class='ocrx_word' id='word_1_428' title='bbox 1041 3123 1172 3168; x_wconf 85' lang='lat' dir='ltr'><em>poposce-</em></span> 
     </span>
     <span class='ocr_line' id='line_1_59' title="bbox 291 3174 1172 3219; baseline 0 -11"><span class='ocrx_word' id='word_1_429' title='bbox 291 3184 362 3208; x_wconf 84' lang='lat' dir='ltr'><em>runt</em></span> <span class='ocrx_word' id='word_1_430' title='bbox 374 3174 449 3207; x_wconf 86' lang='lat' dir='ltr'><em>banc</em></span> <span class='ocrx_word' id='word_1_431' title='bbox 462 3175 610 3207; x_wconf 60' lang='lat' dir='ltr'><em>Actionem</em></span> <span class='ocrx_word' id='word_1_432' title='bbox 620 3176 776 3209; x_wconf 87' lang='lat' dir='ltr'><em>celebrari.</em></span> <span class='ocrx_word' id='word_1_433' title='bbox 802 3180 849 3209; x_wconf 88' lang='lat' dir='ltr'><em>Et</em></span> <span class='ocrx_word' id='word_1_434' title='bbox 859 3175 970 3219; x_wconf 84' lang='lat' dir='ltr'><em>adsunt</em></span> <span class='ocrx_word' id='word_1_435' title='bbox 981 3175 1027 3208; x_wconf 83' lang='lat' dir='ltr'><em>bic</em></span> <span class='ocrx_word' id='word_1_436' title='bbox 1043 3200 1054 3215; x_wconf 93' lang='lat'>‚</span> <span class='ocrx_word' id='word_1_437' title='bbox 1080 3187 1172 3218; x_wconf 89' lang='lat' dir='ltr'><em>neque</em></span> 
     </span>
     <span class='ocr_line' id='line_1_60' title="bbox 292 3223 1174 3270; baseline 0.002 -14"><span class='ocrx_word' id='word_1_438' title='bbox 292 3229 324 3258; x_wconf 78' lang='lat' dir='ltr'><em>in</em></span> <span class='ocrx_word' id='word_1_439' title='bbox 346 3225 449 3257; x_wconf 86' lang='lat' dir='ltr'><em>occulto</em></span> <span class='ocrx_word' id='word_1_440' title='bbox 465 3223 574 3267; x_wconf 89' lang='lat' dir='ltr'><em>gestum</em></span> <span class='ocrx_word' id='word_1_441' title='bbox 594 3224 631 3264; x_wconf 82' lang='lat' dir='ltr'><em>est</em></span> <span class='ocrx_word' id='word_1_442' title='bbox 643 3249 653 3264; x_wconf 91' lang='lat'><strong>,</strong></span> <span class='ocrx_word' id='word_1_443' title='bbox 679 3236 771 3267; x_wconf 88' lang='lat' dir='ltr'><em>neque</em></span> <span class='ocrx_word' id='word_1_444' title='bbox 783 3226 895 3267; x_wconf 88' lang='lat' dir='ltr'><em>furtim</em></span> <span class='ocrx_word' id='word_1_445' title='bbox 914 3224 1095 3270; x_wconf 85' lang='lat' dir='ltr'><em>gestasunt,</em></span> <span class='ocrx_word' id='word_1_446' title='bbox 1117 3223 1174 3268; x_wconf 87' lang='lat' dir='ltr'><em>sed</em></span> 
     </span>
     <span class='ocr_line' id='line_1_61' title="bbox 290 3272 1173 3318; baseline 0.002 -12"><span class='ocrx_word' id='word_1_447' title='bbox 290 3272 488 3316; x_wconf 85' lang='lat' dir='ltr'><em>consequenter</em></span> <span class='ocrx_word' id='word_1_448' title='bbox 507 3276 541 3308; x_wconf 62' lang='grc' dir='ltr'><em>Θ·</em></span> <span class='ocrx_word' id='word_1_449' title='bbox 562 3275 711 3308; x_wconf 64' lang='lat' dir='ltr'><em>canonice*-</em></span> <span class='ocrx_word' id='word_1_450' title='bbox 737 3275 788 3308; x_wconf 80' lang='lat' dir='ltr'><em>lta</em></span> <span class='ocrx_word' id='word_1_451' title='bbox 799 3275 978 3310; x_wconf 86' lang='lat' dir='ltr'><em>Canonurn</em></span> <span class='ocrx_word' id='word_1_452' title='bbox 990 3275 1173 3318; x_wconf 77' lang='lat' dir='ltr'><em>praevarica-</em></span> 
     </span>
     <span class='ocr_line' id='line_1_62' title="bbox 292 3323 1173 3367; baseline 0 -10"><span class='ocrx_word' id='word_1_453' title='bbox 292 3323 440 3363; x_wconf 78' lang='lat' dir='ltr'><em>tionem,</em></span> <span class='ocrx_word' id='word_1_454' title='bbox 465 3323 498 3356; x_wconf 75' lang='grc' dir='ltr'><em>ὅ(</em></span> <span class='ocrx_word' id='word_1_455' title='bbox 521 3323 835 3365; x_wconf 85' lang='lat' dir='ltr'><em>clandestinitatem,</em></span> <span class='ocrx_word' id='word_1_456' title='bbox 861 3325 941 3358; x_wconf 85' lang='lat' dir='ltr'><em>vitia</em></span> <span class='ocrx_word' id='word_1_457' title='bbox 967 3323 1173 3367; x_wconf 55' lang='lat' dir='ltr'><em>Aetioniisti</em></span> 
     </span>
     <span class='ocr_line' id='line_1_63' title="bbox 292 3371 1171 3418; baseline -0.001 -11"><span class='ocrx_word' id='word_1_458' title='bbox 292 3371 312 3407; x_wconf 71' lang='grc' dir='ltr'><strong>ὲ</strong></span> <span class='ocrx_word' id='word_1_459' title='bbox 327 3373 443 3408; x_wconf 62' lang='lat' dir='ltr'><em>Sancto</em></span> <span class='ocrx_word' id='word_1_460' title='bbox 455 3371 644 3407; x_wconf 81' lang='lat' dir='ltr'><em>Paschafino</em></span> <span class='ocrx_word' id='word_1_461' title='bbox 656 3373 777 3416; x_wconf 60' lang='lat' dir='ltr'><em>objecta</em></span> <span class='ocrx_word' id='word_1_462' title='bbox 787 3399 798 3414; x_wconf 92' lang='lat'>‚</span> <span class='ocrx_word' id='word_1_463' title='bbox 825 3382 960 3409; x_wconf 85' lang='lat' dir='ltr'><em>conatus</em></span> <span class='ocrx_word' id='word_1_464' title='bbox 970 3373 1015 3408; x_wconf 84' lang='lat' dir='ltr'><em>est</em></span> <span class='ocrx_word' id='word_1_465' title='bbox 1029 3384 1171 3418; x_wconf 86' lang='lat' dir='ltr'><em>purgare.</em></span> 
     </span>
     <span class='ocr_line' id='line_1_64' title="bbox 394 3421 838 3466; baseline 0 -11"><span class='ocrx_word' id='word_1_466' title='bbox 394 3421 501 3463; x_wconf 79' lang='lat' dir='ltr'><em>christ.</em></span> <span class='ocrx_word' id='word_1_467' title='bbox 522 3426 600 3465; x_wconf 83' lang='lat' dir='ltr'><em>Lupi</em></span> <span class='ocrx_word' id='word_1_468' title='bbox 611 3428 698 3466; x_wconf 78' lang='lat' dir='ltr'><em>Oper.</em></span> <span class='ocrx_word' id='word_1_469' title='bbox 709 3426 788 3456; x_wconf 87' lang='lat' dir='ltr'><em>Tom.</em></span> <span class='ocrx_word' id='word_1_470' title='bbox 801 3427 838 3455; x_wconf 87' lang='grc' dir='ltr'><em>Π.</em></span> 
     </span>
    </p>
   </div>
   <div class='ocr_carea' id='block_1_8' title="bbox 1219 124 2097 284">
    <p class='ocr_par' dir='ltr' id='par_1_8' title="bbox 1219 124 2097 284">
     <span class='ocr_line' id='line_1_65' title="bbox 1931 124 2028 171; baseline 0.01 -16"><span class='ocrx_word' id='word_1_471' title='bbox 1931 124 2028 171; x_wconf 82' lang='lat'><em>297</em></span> 
     </span>
     <span class='ocr_line' id='line_1_66' title="bbox 1219 187 2097 238; baseline 0.01 -16"><span class='ocrx_word' id='word_1_472' title='bbox 1219 187 1401 222; x_wconf 68' lang='lat' dir='ltr'><em>Dumtaxat</em></span> <span class='ocrx_word' id='word_1_473' title='bbox 1411 196 1547 220; x_wconf 88' lang='lat' dir='ltr'><em>conatus</em></span> <span class='ocrx_word' id='word_1_474' title='bbox 1557 189 1600 222; x_wconf 87' lang='lat' dir='ltr'><em>est</em></span> <span class='ocrx_word' id='word_1_475' title='bbox 1612 203 1619 222; x_wconf 94' lang='lat'>:</span> <span class='ocrx_word' id='word_1_476' title='bbox 1647 190 1780 225; x_wconf 80' lang='lat' dir='ltr'><em>Etenim</em></span> <span class='ocrx_word' id='word_1_477' title='bbox 1791 193 1926 237; x_wconf 83' lang='lat' dir='ltr'><em>antiqua</em></span> <span class='ocrx_word' id='word_1_478' title='bbox 1945 195 2097 238; x_wconf 56' lang='lat' dir='ltr'><em>Synodoi</em></span> 
     </span>
     <span class='ocr_line' id='line_1_67' title="bbox 1221 236 2095 284; baseline 0.01 -13"><span class='ocrx_word' id='word_1_479' title='bbox 1221 249 1291 271; x_wconf 90' lang='lat' dir='ltr'><em>rum</em></span> <span class='ocrx_word' id='word_1_480' title='bbox 1309 237 1422 282; x_wconf 84' lang='lat' dir='ltr'><em>regula</em></span> <span class='ocrx_word' id='word_1_481' title='bbox 1444 236 1622 280; x_wconf 82' lang='lat' dir='ltr'><em>quidquam</em></span> <span class='ocrx_word' id='word_1_482' title='bbox 1634 242 1775 284; x_wconf 86' lang='lat' dir='ltr'><em>proponi</em></span> <span class='ocrx_word' id='word_1_483' title='bbox 1787 253 1843 276; x_wconf 86' lang='lat' dir='ltr'><em>aut</em></span> <span class='ocrx_word' id='word_1_484' title='bbox 1853 245 1977 279; x_wconf 66' lang='lat' dir='ltr'><em>tractari</em></span> <span class='ocrx_word' id='word_1_485' title='bbox 1988 268 1999 284; x_wconf 86' lang='lat'>,</span> <span class='ocrx_word' id='word_1_486' title='bbox 2025 246 2095 280; x_wconf 87' lang='lat' dir='ltr'><em>lon-</em></span> 
     </span>
    </p>
   </div>
   <div class='ocr_carea' id='block_1_9' title="bbox 1220 285 2098 384">
    <p class='ocr_par' dir='ltr' id='par_1_9' title="bbox 1220 285 2098 384">
     <span class='ocr_line' id='line_1_68' title="bbox 1220 285 2096 332; baseline 0.008 -12"><span class='ocrx_word' id='word_1_487' title='bbox 1220 286 1262 332; x_wconf 78' lang='lat' dir='ltr'><em>ge</em></span> <span class='ocrx_word' id='word_1_488' title='bbox 1282 287 1386 332; x_wconf 85' lang='lat' dir='ltr'><em>magis</em></span> <span class='ocrx_word' id='word_1_489' title='bbox 1406 285 1536 320; x_wconf 82' lang='lat' dir='ltr'><em>definiri</em></span> <span class='ocrx_word' id='word_1_490' title='bbox 1555 296 1641 322; x_wconf 85' lang='lat' dir='ltr'><em>vetat</em></span> <span class='ocrx_word' id='word_1_491' title='bbox 1663 291 1730 325; x_wconf 84' lang='lat' dir='ltr'><em>fine</em></span> <span class='ocrx_word' id='word_1_492' title='bbox 1748 290 1905 326; x_wconf 86' lang='lat' dir='ltr'><em>mandato</em></span> <span class='ocrx_word' id='word_1_493' title='bbox 1925 293 2096 330; x_wconf 89' lang='lat' dir='ltr'><em>Pontificis</em></span> 
     </span>
     <span class='ocr_line' id='line_1_69' title="bbox 1221 335 2098 384; baseline 0.01 -15"><span class='ocrx_word' id='word_1_494' title='bbox 1221 337 1387 371; x_wconf 86' lang='lat' dir='ltr'><em>Romani.</em></span> <span class='ocrx_word' id='word_1_495' title='bbox 1413 337 1458 370; x_wconf 89' lang='lat' dir='ltr'><em>Et</em></span> <span class='ocrx_word' id='word_1_496' title='bbox 1479 335 1559 370; x_wconf 78' lang='lat' dir='ltr'><em>hinc</em></span> <span class='ocrx_word' id='word_1_497' title='bbox 1579 338 1745 374; x_wconf 79' lang='lat' dir='ltr'><em>adversum</em></span> <span class='ocrx_word' id='word_1_498' title='bbox 1771 340 1861 375; x_wconf 83' lang='lat' dir='ltr'><em>AEtii</em></span> <span class='ocrx_word' id='word_1_499' title='bbox 1878 343 1972 377; x_wconf 87' lang='lat' dir='ltr'><em>verba</em></span> <span class='ocrx_word' id='word_1_500' title='bbox 1985 369 1995 384; x_wconf 88' lang='lat'>,</span> <span class='ocrx_word' id='word_1_501' title='bbox 2022 349 2098 378; x_wconf 87' lang='lat' dir='ltr'><em>Con·</em></span> 
     </span>
    </p>
   </div>
   <div class='ocr_carea' id='block_1_10' title="bbox 1215 385 2096 432">
    <p class='ocr_par' dir='ltr' id='par_1_10' title="bbox 1215 385 2096 432">
     <span class='ocr_line' id='line_1_70' title="bbox 1215 385 2096 432; baseline 0.01 -13"><span class='ocrx_word' id='word_1_502' title='bbox 1215 385 1339 430; x_wconf 76' lang='lat' dir='ltr'><em>ficetudo</em></span> <span class='ocrx_word' id='word_1_503' title='bbox 1357 386 1395 427; x_wconf 80' lang='lat' dir='ltr'><em>est</em></span> <span class='ocrx_word' id='word_1_504' title='bbox 1417 392 1450 419; x_wconf 85' lang='lat' dir='ltr'><em>in</em></span> <span class='ocrx_word' id='word_1_505' title='bbox 1463 387 1591 426; x_wconf 74' lang='lat' dir='ltr'><em>synodo,</em></span> <span class='ocrx_word' id='word_1_506' title='bbox 1615 390 1719 432; x_wconf 83' lang='lat' dir='ltr'><em>pergit</em></span> <span class='ocrx_word' id='word_1_507' title='bbox 1732 393 1864 425; x_wconf 67' lang='lat' dir='ltr'><em>sanstus</em></span> <span class='ocrx_word' id='word_1_508' title='bbox 1878 393 1948 427; x_wconf 90' lang='lat' dir='ltr'><em>Leo</em></span> <span class='ocrx_word' id='word_1_509' title='bbox 1960 394 1994 426; x_wconf 88' lang='lat' dir='ltr'><em>in</em></span> <span class='ocrx_word' id='word_1_510' title='bbox 2015 394 2096 429; x_wconf 87' lang='lat' dir='ltr'><em>litte·</em></span> 
     </span>
    </p>
   </div>
   <div class='ocr_carea' id='block_1_11' title="bbox 1221 436 2097 531">
    <p class='ocr_par' dir='ltr' id='par_1_11' title="bbox 1221 436 2097 531">
     <span class='ocr_line' id='line_1_71' title="bbox 1221 436 2095 477; baseline 0.005 -7"><span class='ocrx_word' id='word_1_511' title='bbox 1221 437 1263 470; x_wconf 88' lang='lat' dir='ltr'><em>ris</em></span> <span class='ocrx_word' id='word_1_512' title='bbox 1288 436 1329 470; x_wconf 85' lang='lat' dir='ltr'><em>ad</em></span> <span class='ocrx_word' id='word_1_513' title='bbox 1357 436 1543 470; x_wconf 84' lang='lat' dir='ltr'><em>Maximum</em></span> <span class='ocrx_word' id='word_1_514' title='bbox 1569 436 1788 474; x_wconf 82' lang='lat' dir='ltr'><em>Patriarcham</em></span> <span class='ocrx_word' id='word_1_515' title='bbox 1815 441 2066 477; x_wconf 89' lang='lat' dir='ltr'><em>Antiochenum</em></span> <span class='ocrx_word' id='word_1_516' title='bbox 2086 456 2095 474; x_wconf 76' lang='grc' dir='ltr'>ι</span> 
     </span>
     <span class='ocr_line' id='line_1_72' title="bbox 1222 485 2097 531; baseline 0.008 -13"><span class='ocrx_word' id='word_1_517' title='bbox 1222 487 1386 529; x_wconf 71' lang='lat' dir='ltr'><em>‚Quidquid</em></span> <span class='ocrx_word' id='word_1_518' title='bbox 1399 495 1514 528; x_wconf 82' lang='lat' dir='ltr'><em>praeter</em></span> <span class='ocrx_word' id='word_1_519' title='bbox 1528 485 1671 530; x_wconf 80' lang='lat' dir='ltr'><em>speciales</em></span> <span class='ocrx_word' id='word_1_520' title='bbox 1690 488 1791 531; x_wconf 87' lang='lat' dir='ltr'><em>causas</em></span> <span class='ocrx_word' id='word_1_521' title='bbox 1804 493 1985 528; x_wconf 82' lang='lat' dir='ltr'><em>synodalium</em></span> <span class='ocrx_word' id='word_1_522' title='bbox 1996 497 2097 527; x_wconf 85' lang='lat' dir='ltr'><em>Conci-</em></span> 
     </span>
    </p>
   </div>
   <div class='ocr_carea' id='block_1_12' title="bbox 1220 535 2224 585">
    <p class='ocr_par' dir='ltr' id='par_1_12' title="bbox 1220 535 2224 585">
     <span class='ocr_line' id='line_1_73' title="bbox 1220 535 2224 585; baseline 0.003 -17"><span class='ocrx_word' id='word_1_523' title='bbox 1220 537 1323 569; x_wconf 88' lang='lat' dir='ltr'><em>liorum</em></span> <span class='ocrx_word' id='word_1_524' title='bbox 1347 537 1392 569; x_wconf 85' lang='lat' dir='ltr'><em>ad</em></span> <span class='ocrx_word' id='word_1_525' title='bbox 1410 548 1533 570; x_wconf 86' lang='lat' dir='ltr'><em>examen</em></span> <span class='ocrx_word' id='word_1_526' title='bbox 1554 535 1727 579; x_wconf 61' lang='lat' dir='ltr'><em>Epfiopale</em></span> <span class='ocrx_word' id='word_1_527' title='bbox 1746 539 1878 580; x_wconf 72' lang='lat' dir='ltr'><em>defertur</em></span> <span class='ocrx_word' id='word_1_528' title='bbox 1899 567 1910 583; x_wconf 84' lang='lat'>‚</span> <span class='ocrx_word' id='word_1_529' title='bbox 1930 543 2021 585; x_wconf 79' lang='lat' dir='ltr'><em>potest</em></span> <span class='ocrx_word' id='word_1_530' title='bbox 2042 545 2098 576; x_wconf 86' lang='lat' dir='ltr'><em>ali·</em></span> <span class='ocrx_word' id='word_1_531' title='bbox 2115 535 2224 571; x_wconf 71' lang='lat' dir='ltr'>C³P·5·</span> 
     </span>
    </p>
   </div>
   <div class='ocr_carea' id='block_1_13' title="bbox 1219 585 2106 1528">
    <p class='ocr_par' dir='ltr' id='par_1_13' title="bbox 1219 585 2099 880">
     <span class='ocr_line' id='line_1_74' title="bbox 1220 585 2097 632; baseline 0.008 -13"><span class='ocrx_word' id='word_1_532' title='bbox 1220 597 1311 628; x_wconf 89' lang='lat' dir='ltr'><em>quam</em></span> <span class='ocrx_word' id='word_1_533' title='bbox 1334 587 1523 630; x_wconf 81' lang='lat' dir='ltr'><em>dijudicandi</em></span> <span class='ocrx_word' id='word_1_534' title='bbox 1543 585 1649 620; x_wconf 85' lang='lat' dir='ltr'><em>babere</em></span> <span class='ocrx_word' id='word_1_535' title='bbox 1666 593 1830 628; x_wconf 85' lang='lat' dir='ltr'><em>rationem,</em></span> <span class='ocrx_word' id='word_1_536' title='bbox 1849 590 1960 631; x_wconf 77' lang='lat' dir='ltr'><em>sinihil</em></span> <span class='ocrx_word' id='word_1_537' title='bbox 1970 595 2007 627; x_wconf 84' lang='lat' dir='ltr'><em>de</em></span> <span class='ocrx_word' id='word_1_538' title='bbox 2017 605 2048 627; x_wconf 88' lang='lat' dir='ltr'><em>eo</em></span> <span class='ocrx_word' id='word_1_539' title='bbox 2058 592 2097 632; x_wconf 84' lang='lat' dir='ltr'><em>est</em></span> 
     </span>
     <span class='ocr_line' id='line_1_75' title="bbox 1219 630 2097 681; baseline 0.01 -13"><span class='ocrx_word' id='word_1_540' title='bbox 1219 638 1245 668; x_wconf 66' lang='grc' dir='ltr'><em>ἃ</em></span> <span class='ocrx_word' id='word_1_541' title='bbox 1259 634 1373 678; x_wconf 73' lang='lat' dir='ltr'><em>sanc‘lis</em></span> <span class='ocrx_word' id='word_1_542' title='bbox 1394 630 1536 670; x_wconf 67' lang='lat' dir='ltr'><em>Patribus</em></span> <span class='ocrx_word' id='word_1_543' title='bbox 1556 639 1642 679; x_wconf 86' lang='lat' dir='ltr'><em>apud</em></span> <span class='ocrx_word' id='word_1_544' title='bbox 1660 642 1800 671; x_wconf 81' lang='lat' dir='ltr'><em>Nicaeam</em></span> <span class='ocrx_word' id='word_1_545' title='bbox 1812 639 1980 681; x_wconf 85' lang='lat' dir='ltr'><em>definitum.</em></span> <span class='ocrx_word' id='word_1_546' title='bbox 2009 648 2097 676; x_wconf 83' lang='lat' dir='ltr'><em>Nam</em></span> 
     </span>
     <span class='ocr_line' id='line_1_76' title="bbox 1219 684 2097 733; baseline 0.009 -16"><span class='ocrx_word' id='word_1_547' title='bbox 1219 687 1300 727; x_wconf 86' lang='lat' dir='ltr'><em>quod</em></span> <span class='ocrx_word' id='word_1_548' title='bbox 1319 684 1357 717; x_wconf 85' lang='lat' dir='ltr'><em>ab</em></span> <span class='ocrx_word' id='word_1_549' title='bbox 1377 686 1490 719; x_wconf 83' lang='lat' dir='ltr'><em>illorum</em></span> <span class='ocrx_word' id='word_1_550' title='bbox 1521 687 1629 730; x_wconf 82' lang='lat' dir='ltr'><em>regulis</em></span> <span class='ocrx_word' id='word_1_551' title='bbox 1650 686 1900 730; x_wconf 84' lang='lat' dir='ltr'><em>constitutioneque</em></span> <span class='ocrx_word' id='word_1_552' title='bbox 1928 689 2074 733; x_wconf 82' lang='lat' dir='ltr'><em>discordat</em></span> <span class='ocrx_word' id='word_1_553' title='bbox 2086 717 2097 732; x_wconf 91' lang='lat'>,</span> 
     </span>
     <span class='ocr_line' id='line_1_77' title="bbox 1222 734 2098 782; baseline 0.009 -15"><span class='ocrx_word' id='word_1_554' title='bbox 1222 734 1385 777; x_wconf 71' lang='lat' dir='ltr'><em>Apostoltcae</em></span> <span class='ocrx_word' id='word_1_555' title='bbox 1407 738 1492 768; x_wconf 78' lang='lat' dir='ltr'><em>Sedis</em></span> <span class='ocrx_word' id='word_1_556' title='bbox 1517 747 1668 779; x_wconf 88' lang='lat' dir='ltr'><em>nunquam</em></span> <span class='ocrx_word' id='word_1_557' title='bbox 1680 738 1822 771; x_wconf 74' lang='lat' dir='ltr'><em>obtinebit</em></span> <span class='ocrx_word' id='word_1_558' title='bbox 1832 737 2020 782; x_wconf 68' lang='lat' dir='ltr'><em>consensum.</em></span> <span class='ocrx_word' id='word_1_559' title='bbox 2049 742 2098 775; x_wconf 77' lang='lat' dir='ltr'><em>At</em></span> 
     </span>
     <span class='ocr_line' id='line_1_78' title="bbox 1222 785 2099 834; baseline 0.009 -17"><span class='ocrx_word' id='word_1_560' title='bbox 1222 785 1298 818; x_wconf 79' lang='lat' dir='ltr'><em>vero</em></span> <span class='ocrx_word' id='word_1_561' title='bbox 1310 785 1480 830; x_wconf 80' lang='lat' dir='ltr'><em>vigesimus</em></span> <span class='ocrx_word' id='word_1_562' title='bbox 1491 787 1621 819; x_wconf 67' lang='lat' dir='ltr'><em>ostavus</em></span> <span class='ocrx_word' id='word_1_563' title='bbox 1632 786 1751 822; x_wconf 86' lang='lat' dir='ltr'><em>Canon</em></span> <span class='ocrx_word' id='word_1_564' title='bbox 1763 811 1773 827; x_wconf 91' lang='lat'><em>,</em></span> <span class='ocrx_word' id='word_1_565' title='bbox 1799 788 1840 822; x_wconf 87' lang='lat' dir='ltr'><em>de</em></span> <span class='ocrx_word' id='word_1_566' title='bbox 1853 800 1919 832; x_wconf 89' lang='lat' dir='ltr'><em>quo</em></span> <span class='ocrx_word' id='word_1_567' title='bbox 1942 792 2099 834; x_wconf 78' lang='lat' dir='ltr'><em>praecipua</em></span> 
     </span>
     <span class='ocr_line' id='line_1_79' title="bbox 1222 833 1974 880; baseline 0.007 -12"><span class='ocrx_word' id='word_1_568' title='bbox 1222 833 1353 879; x_wconf 63' lang='lat' dir='ltr'><em>quaestio</em></span> <span class='ocrx_word' id='word_1_569' title='bbox 1364 859 1375 875; x_wconf 95' lang='lat'>‚</span> <span class='ocrx_word' id='word_1_570' title='bbox 1400 835 1493 870; x_wconf 84' lang='lat' dir='ltr'><em>sexto</em></span> <span class='ocrx_word' id='word_1_571' title='bbox 1506 835 1541 868; x_wconf 95' lang='lat' dir='ltr'>N</span> <span class='ocrx_word' id='word_1_572' title='bbox 1544 835 1644 869; x_wconf 85' lang='lat' dir='ltr'><em>icaeno</em></span> <span class='ocrx_word' id='word_1_573' title='bbox 1657 836 1762 880; x_wconf 60' lang='lat' dir='ltr'><em>palium</em></span> <span class='ocrx_word' id='word_1_574' title='bbox 1773 837 1955 873; x_wconf 83' lang='lat' dir='ltr'><em>adversatur</em></span> <span class='ocrx_word' id='word_1_575' title='bbox 1967 866 1974 872; x_wconf 95' lang='lat'><em>.</em></span> 
     </span>
    </p>

    <p class='ocr_par' dir='ltr' id='par_1_14' title="bbox 1221 885 2106 1528">
     <span class='ocr_line' id='line_1_80' title="bbox 1272 885 2101 930; baseline 0.007 -12"><span class='ocrx_word' id='word_1_576' title='bbox 1272 885 1358 919; x_wconf 87' lang='lat' dir='ltr'><em>Eum</em></span> <span class='ocrx_word' id='word_1_577' title='bbox 1380 885 1438 920; x_wconf 86' lang='lat' dir='ltr'><em>fibi</em></span> <span class='ocrx_word' id='word_1_578' title='bbox 1460 885 1500 919; x_wconf 87' lang='lat' dir='ltr'><em>ab</em></span> <span class='ocrx_word' id='word_1_579' title='bbox 1512 885 1612 920; x_wconf 85' lang='lat' dir='ltr'><em>AEtio</em></span> <span class='ocrx_word' id='word_1_580' title='bbox 1623 888 1804 929; x_wconf 64' lang='lat' dir='ltr'><em>porrectum</em></span> <span class='ocrx_word' id='word_1_581' title='bbox 1815 912 1825 927; x_wconf 93' lang='lat'>,</span> <span class='ocrx_word' id='word_1_582' title='bbox 1851 889 1975 930; x_wconf 71' lang='lat' dir='ltr'><em>atquea</em></span> <span class='ocrx_word' id='word_1_583' title='bbox 1989 901 2101 924; x_wconf 86' lang='lat' dir='ltr'><em>nume-</em></span> 
     </span>
     <span class='ocr_line' id='line_1_81' title="bbox 1223 935 2102 981; baseline 0.006 -13"><span class='ocrx_word' id='word_1_584' title='bbox 1223 936 1300 970; x_wconf 84' lang='lat' dir='ltr'><em>rofis</em></span> <span class='ocrx_word' id='word_1_585' title='bbox 1326 935 1495 978; x_wconf 84' lang='lat' dir='ltr'><em>Episcopis</em></span> <span class='ocrx_word' id='word_1_586' title='bbox 1520 935 1732 980; x_wconf 87' lang='lat' dir='ltr'><em>subscriptum</em></span> <span class='ocrx_word' id='word_1_587' title='bbox 1756 936 1837 981; x_wconf 90' lang='lat' dir='ltr'><em>legit</em></span> <span class='ocrx_word' id='word_1_588' title='bbox 1864 938 2102 973; x_wconf 86' lang='lat' dir='ltr'><em>Beronicianus</em></span> 
     </span>
     <span class='ocr_line' id='line_1_82' title="bbox 1225 985 2104 1032; baseline 0.006 -13"><span class='ocrx_word' id='word_1_589' title='bbox 1225 986 1303 1019; x_wconf 86' lang='lat' dir='ltr'><em>sacri</em></span> <span class='ocrx_word' id='word_1_590' title='bbox 1331 985 1520 1019; x_wconf 87' lang='lat' dir='ltr'><em>Confistorii</em></span> <span class='ocrx_word' id='word_1_591' title='bbox 1543 987 1757 1027; x_wconf 82' lang='lat' dir='ltr'><em>secretarius,</em></span> <span class='ocrx_word' id='word_1_592' title='bbox 1782 987 1955 1032; x_wconf 84' lang='lat' dir='ltr'><em>statimque</em></span> <span class='ocrx_word' id='word_1_593' title='bbox 1978 990 2104 1023; x_wconf 78' lang='lat' dir='ltr'><em>Luce-n·</em></span> 
     </span>
     <span class='ocr_line' id='line_1_83' title="bbox 1224 1034 2105 1083; baseline 0.005 -15"><span class='ocrx_word' id='word_1_594' title='bbox 1224 1035 1287 1069; x_wconf 86' lang='lat' dir='ltr'><em>tius</em></span> <span class='ocrx_word' id='word_1_595' title='bbox 1311 1034 1481 1069; x_wconf 86' lang='lat' dir='ltr'><em>Romanus</em></span> <span class='ocrx_word' id='word_1_596' title='bbox 1501 1035 1644 1080; x_wconf 86' lang='lat' dir='ltr'><em>Legatus</em></span> <span class='ocrx_word' id='word_1_597' title='bbox 1673 1035 1818 1071; x_wconf 81' lang='lat' dir='ltr'><em>obviavit</em></span> <span class='ocrx_word' id='word_1_598' title='bbox 1838 1037 1923 1081; x_wconf 86' lang='lat' dir='ltr'><em>apud</em></span> <span class='ocrx_word' id='word_1_599' title='bbox 1942 1038 2105 1083; x_wconf 89' lang='lat' dir='ltr'><em>gloriosos</em></span> 
     </span>
     <span class='ocr_line' id='line_1_84' title="bbox 1224 1085 2106 1131; baseline 0.002 -13"><span class='ocrx_word' id='word_1_600' title='bbox 1224 1085 1346 1127; x_wconf 82' lang='lat' dir='ltr'><em>judices</em></span> <span class='ocrx_word' id='word_1_601' title='bbox 1361 1098 1372 1117; x_wconf 81' lang='grc'><em>.-</em></span> <span class='ocrx_word' id='word_1_602' title='bbox 1399 1088 1500 1118; x_wconf 73' lang='lat' dir='ltr'><em>Primo</em></span> <span class='ocrx_word' id='word_1_603' title='bbox 1512 1109 1523 1126; x_wconf 90' lang='lat'>‚</span> <span class='ocrx_word' id='word_1_604' title='bbox 1550 1088 1653 1119; x_wconf 80' lang='lat' dir='ltr'><em>Gloria</em></span> <span class='ocrx_word' id='word_1_605' title='bbox 1676 1085 1770 1126; x_wconf 74' lang='lat' dir='ltr'><em>vestra</em></span> <span class='ocrx_word' id='word_1_606' title='bbox 1789 1090 1955 1129; x_wconf 84' lang='lat' dir='ltr'><em>pervidet,</em></span> <span class='ocrx_word' id='word_1_607' title='bbox 1981 1101 2040 1131; x_wconf 87' lang='lat' dir='ltr'><em>qua</em></span> <span class='ocrx_word' id='word_1_608' title='bbox 2050 1095 2106 1122; x_wconf 86' lang='lat' dir='ltr'><em>cir-</em></span> 
     </span>
     <span class='ocr_line' id='line_1_85' title="bbox 1225 1133 2104 1180; baseline 0.005 -12"><span class='ocrx_word' id='word_1_609' title='bbox 1225 1139 1424 1168; x_wconf 82' lang='lat' dir='ltr'><em>cumventione</em></span> <span class='ocrx_word' id='word_1_610' title='bbox 1432 1146 1498 1168; x_wconf 91' lang='lat' dir='ltr'><em>cum</em></span> <span class='ocrx_word' id='word_1_611' title='bbox 1503 1133 1618 1177; x_wconf 48' lang='lat' dir='ltr'><em>sanctis</em></span> <span class='ocrx_word' id='word_1_612' title='bbox 1629 1135 1784 1179; x_wconf 72' lang='lat' dir='ltr'><em>Episcopis</em></span> <span class='ocrx_word' id='word_1_613' title='bbox 1790 1137 1900 1180; x_wconf 84' lang='lat' dir='ltr'><em>gestum</em></span> <span class='ocrx_word' id='word_1_614' title='bbox 1902 1137 1943 1179; x_wconf 84' lang='lat' dir='ltr'><em>fit</em></span> <span class='ocrx_word' id='word_1_615' title='bbox 1952 1163 1963 1179; x_wconf 92' lang='lat'>,</span> <span class='ocrx_word' id='word_1_616' title='bbox 1989 1147 2024 1171; x_wconf 87' lang='lat' dir='ltr'><em>ut</em></span> <span class='ocrx_word' id='word_1_617' title='bbox 2046 1151 2104 1172; x_wconf 87' lang='lat' dir='ltr'><em>non</em></span> 
     </span>
     <span class='ocr_line' id='line_1_86' title="bbox 1225 1182 2105 1230; baseline 0.005 -13"><span class='ocrx_word' id='word_1_618' title='bbox 1225 1182 1392 1226; x_wconf 77' lang='lat' dir='ltr'><em>conscriptis</em></span> <span class='ocrx_word' id='word_1_619' title='bbox 1405 1185 1576 1218; x_wconf 83' lang='lat' dir='ltr'><em>canonibus</em></span> <span class='ocrx_word' id='word_1_620' title='bbox 1588 1209 1600 1225; x_wconf 91' lang='lat'>,</span> <span class='ocrx_word' id='word_1_621' title='bbox 1625 1198 1746 1228; x_wconf 87' lang='lat' dir='ltr'><em>quorum</em></span> <span class='ocrx_word' id='word_1_622' title='bbox 1762 1192 1936 1221; x_wconf 84' lang='lat' dir='ltr'><em>mentionem</em></span> <span class='ocrx_word' id='word_1_623' title='bbox 1941 1187 2079 1230; x_wconf 84' lang='lat' dir='ltr'><em>fecerunt</em></span> <span class='ocrx_word' id='word_1_624' title='bbox 2093 1213 2105 1230; x_wconf 88' lang='lat'>‚</span> 
     </span>
     <span class='ocr_line' id='line_1_87' title="bbox 1221 1232 2105 1280; baseline 0.007 -14"><span class='ocrx_word' id='word_1_625' title='bbox 1221 1232 1396 1276; x_wconf 68' lang='lat' dir='ltr'><em>subscribere</em></span> <span class='ocrx_word' id='word_1_626' title='bbox 1408 1233 1470 1275; x_wconf 85' lang='lat' dir='ltr'><em>fint</em></span> <span class='ocrx_word' id='word_1_627' title='bbox 1492 1234 1599 1267; x_wconf 63' lang='lat' dir='ltr'><em>coadi.</em></span> <span class='ocrx_word' id='word_1_628' title='bbox 1627 1236 1763 1280; x_wconf 81' lang='lat' dir='ltr'><em>Allegat</em></span> <span class='ocrx_word' id='word_1_629' title='bbox 1784 1236 1852 1271; x_wconf 89' lang='lat' dir='ltr'><em>duo</em></span> <span class='ocrx_word' id='word_1_630' title='bbox 1874 1239 2022 1273; x_wconf 87' lang='lat' dir='ltr'><em>Canonis</em></span> <span class='ocrx_word' id='word_1_631' title='bbox 2032 1237 2105 1272; x_wconf 94' lang='lat' dir='ltr'><em>sub-</em></span> 
     </span>
     <span class='ocr_line' id='line_1_88' title="bbox 1226 1284 2105 1331; baseline 0.006 -14"><span class='ocrx_word' id='word_1_632' title='bbox 1226 1284 1386 1318; x_wconf 83' lang='lat' dir='ltr'><em>stantialia</em></span> <span class='ocrx_word' id='word_1_633' title='bbox 1409 1284 1507 1318; x_wconf 84' lang='lat' dir='ltr'><em>vitia.</em></span> <span class='ocrx_word' id='word_1_634' title='bbox 1534 1284 1667 1324; x_wconf 76' lang='lat' dir='ltr'><em>Primo,</em></span> <span class='ocrx_word' id='word_1_635' title='bbox 1692 1286 1805 1320; x_wconf 89' lang='lat' dir='ltr'><em>dolum</em></span> <span class='ocrx_word' id='word_1_636' title='bbox 1826 1288 1859 1320; x_wconf 87' lang='lat'>&amp;</span> <span class='ocrx_word' id='word_1_637' title='bbox 1878 1298 2004 1322; x_wconf 89' lang='lat' dir='ltr'><em>metum</em></span> <span class='ocrx_word' id='word_1_638' title='bbox 2027 1287 2105 1331; x_wconf 82' lang='lat' dir='ltr'><em>Epi-</em></span> 
     </span>
     <span class='ocr_line' id='line_1_89' title="bbox 1225 1333 2105 1376; baseline 0.003 -9"><span class='ocrx_word' id='word_1_639' title='bbox 1225 1333 1330 1376; x_wconf 83' lang='lat' dir='ltr'><em>scopis</em></span> <span class='ocrx_word' id='word_1_640' title='bbox 1352 1335 1533 1374; x_wconf 78' lang='lat' dir='ltr'><em>incussum,</em></span> <span class='ocrx_word' id='word_1_641' title='bbox 1559 1334 1676 1371; x_wconf 71' lang='lat' dir='ltr'><em>deinde</em></span> <span class='ocrx_word' id='word_1_642' title='bbox 1698 1336 1858 1371; x_wconf 84' lang='lat' dir='ltr'><em>caducum</em></span> <span class='ocrx_word' id='word_1_643' title='bbox 1877 1337 2023 1371; x_wconf 86' lang='lat' dir='ltr'><em>Canonis</em></span> <span class='ocrx_word' id='word_1_644' title='bbox 2035 1337 2105 1370; x_wconf 86' lang='lat' dir='ltr'><em>fun-</em></span> 
     </span>
     <span class='ocr_line' id='line_1_90' title="bbox 1225 1383 2105 1430; baseline 0.003 -13"><span class='ocrx_word' id='word_1_645' title='bbox 1225 1383 1417 1417; x_wconf 79' lang='lat' dir='ltr'><em>damentum</em></span> <span class='ocrx_word' id='word_1_646' title='bbox 1428 1407 1438 1422; x_wconf 95' lang='lat'>,</span> <span class='ocrx_word' id='word_1_647' title='bbox 1466 1384 1578 1426; x_wconf 80' lang='lat' dir='ltr'><em>utique</em></span> <span class='ocrx_word' id='word_1_648' title='bbox 1600 1384 1771 1419; x_wconf 86' lang='lat' dir='ltr'><em>Canonem</em></span> <span class='ocrx_word' id='word_1_649' title='bbox 1783 1397 1852 1419; x_wconf 90' lang='lat' dir='ltr'><em>non</em></span> <span class='ocrx_word' id='word_1_650' title='bbox 1863 1387 2081 1430; x_wconf 80' lang='lat' dir='ltr'><em>conscriptum</em></span> <span class='ocrx_word' id='word_1_651' title='bbox 2094 1411 2105 1428; x_wconf 93' lang='lat'>‚</span> 
     </span>
     <span class='ocr_line' id='line_1_91' title="bbox 1226 1431 2105 1479; baseline 0.003 -13"><span class='ocrx_word' id='word_1_652' title='bbox 1226 1431 1337 1474; x_wconf 83' lang='lat' dir='ltr'><em>idest,</em></span> <span class='ocrx_word' id='word_1_653' title='bbox 1363 1432 1568 1474; x_wconf 71' lang='lat' dir='ltr'><em>reprobatum</em></span> <span class='ocrx_word' id='word_1_654' title='bbox 1590 1436 1609 1467; x_wconf 71' lang='lat' dir='ltr'><em>a</em></span> <span class='ocrx_word' id='word_1_655' title='bbox 1632 1433 1784 1469; x_wconf 81' lang='lat' dir='ltr'><em>Romana</em></span> <span class='ocrx_word' id='word_1_656' title='bbox 1794 1435 1960 1476; x_wconf 76' lang='lat' dir='ltr'><em>Ecdefia,</em></span> <span class='ocrx_word' id='word_1_657' title='bbox 1985 1448 2023 1470; x_wconf 87' lang='lat' dir='ltr'><em>ac</em></span> <span class='ocrx_word' id='word_1_658' title='bbox 2037 1436 2105 1479; x_wconf 83' lang='lat' dir='ltr'><em>ejus</em></span> 
     </span>
     <span class='ocr_line' id='line_1_92' title="bbox 1227 1482 2105 1528; baseline 0.001 -11"><span class='ocrx_word' id='word_1_659' title='bbox 1227 1482 1348 1517; x_wconf 86' lang='lat' dir='ltr'><em>Codici</em></span> <span class='ocrx_word' id='word_1_660' title='bbox 1366 1493 1435 1517; x_wconf 86' lang='lat' dir='ltr'><em>non</em></span> <span class='ocrx_word' id='word_1_661' title='bbox 1455 1483 1607 1517; x_wconf 82' lang='lat' dir='ltr'><em>insertum</em></span> <span class='ocrx_word' id='word_1_662' title='bbox 1618 1508 1629 1523; x_wconf 92' lang='lat'>‚</span> <span class='ocrx_word' id='word_1_663' title='bbox 1640 1485 1766 1528; x_wconf 49' lang='lat' dir='ltr'><em>»utique</em></span> <span class='ocrx_word' id='word_1_664' title='bbox 1776 1486 1906 1519; x_wconf 89' lang='lat' dir='ltr'><em>tertium</em></span> <span class='ocrx_word' id='word_1_665' title='bbox 1918 1486 2105 1520; x_wconf 87' lang='lat' dir='ltr'><em>Constanti-</em></span> 
     </span>
    </p>
   </div>
   <div class='ocr_carea' id='block_1_14' title="bbox 1209 1531 2107 1579">
    <p class='ocr_par' dir='ltr' id='par_1_15' title="bbox 1209 1531 2107 1579">
     <span class='ocr_line' id='line_1_93' title="bbox 1209 1531 2107 1579; baseline 0.004 -13"><span class='ocrx_word' id='word_1_666' title='bbox 1209 1536 1470 1575; x_wconf 56' lang='lat' dir='ltr'><em>,nopoiitanum.</em></span> <span class='ocrx_word' id='word_1_667' title='bbox 1500 1532 1544 1565; x_wconf 88' lang='lat' dir='ltr'><em>Et</em></span> <span class='ocrx_word' id='word_1_668' title='bbox 1565 1531 1713 1567; x_wconf 78' lang='lat' dir='ltr'><em>adversus</em></span> <span class='ocrx_word' id='word_1_669' title='bbox 1734 1534 1876 1576; x_wconf 87' lang='lat' dir='ltr'><em>primum</em></span> <span class='ocrx_word' id='word_1_670' title='bbox 1897 1535 2048 1579; x_wconf 87' lang='lat' dir='ltr'><em>Episcopi</em></span> <span class='ocrx_word' id='word_1_671' title='bbox 2060 1547 2107 1578; x_wconf 81' lang='lat' dir='ltr'><em>re-</em></span> 
     </span>
    </p>
   </div>
   <div class='ocr_carea' id='block_1_15' title="bbox 1226 1582 2121 3370">
    <p class='ocr_par' dir='ltr' id='par_1_16' title="bbox 1226 1582 2114 2167">
     <span class='ocr_line' id='line_1_94' title="bbox 1227 1582 2105 1623; baseline 0.005 -7"><span class='ocrx_word' id='word_1_672' title='bbox 1227 1582 1432 1616; x_wconf 86' lang='lat' dir='ltr'><em>clamarunt.-</em></span> <span class='ocrx_word' id='word_1_673' title='bbox 1457 1586 1555 1615; x_wconf 86' lang='lat' dir='ltr'><em>Nemo</em></span> <span class='ocrx_word' id='word_1_674' title='bbox 1579 1583 1765 1623; x_wconf 69' lang='lat' dir='ltr'><em>coaHusest.</em></span> <span class='ocrx_word' id='word_1_675' title='bbox 1792 1584 1885 1619; x_wconf 72' lang='lat' dir='ltr'><em>Hinc</em></span> <span class='ocrx_word' id='word_1_676' title='bbox 1906 1585 1948 1619; x_wconf 90' lang='lat' dir='ltr'><em>de</em></span> <span class='ocrx_word' id='word_1_677' title='bbox 1961 1586 2105 1620; x_wconf 83' lang='lat' dir='ltr'><em>secundo</em></span> 
     </span>
     <span class='ocr_line' id='line_1_95' title="bbox 1229 1632 2107 1679; baseline 0.002 -12"><span class='ocrx_word' id='word_1_678' title='bbox 1229 1632 1365 1676; x_wconf 84' lang='lat' dir='ltr'><em>perrexit</em></span> <span class='ocrx_word' id='word_1_679' title='bbox 1385 1633 1564 1666; x_wconf 81' lang='lat' dir='ltr'><em>Lucentius</em></span> <span class='ocrx_word' id='word_1_680' title='bbox 1587 1645 1594 1665; x_wconf 90' lang='lat'>:</span> <span class='ocrx_word' id='word_1_681' title='bbox 1622 1634 1738 1679; x_wconf 76' lang='lat' dir='ltr'><em>Accedit</em></span> <span class='ocrx_word' id='word_1_682' title='bbox 1762 1635 1807 1674; x_wconf 81' lang='lat' dir='ltr'><em>ad</em></span> <span class='ocrx_word' id='word_1_683' title='bbox 1825 1636 1969 1668; x_wconf 87' lang='lat' dir='ltr'><em>cumulum</em></span> <span class='ocrx_word' id='word_1_684' title='bbox 1992 1659 2003 1675; x_wconf 93' lang='lat'>‚</span> <span class='ocrx_word' id='word_1_685' title='bbox 2028 1636 2107 1678; x_wconf 79' lang='lat' dir='ltr'><em>quod</em></span> 
     </span>
     <span class='ocr_line' id='line_1_96' title="bbox 1227 1682 2107 1726; baseline 0.003 -12"><span class='ocrx_word' id='word_1_686' title='bbox 1227 1690 1419 1721; x_wconf 81' lang='lat' dir='ltr'><em>trecentorum</em></span> <span class='ocrx_word' id='word_1_687' title='bbox 1439 1683 1538 1716; x_wconf 85' lang='lat' dir='ltr'><em>decem</em></span> <span class='ocrx_word' id='word_1_688' title='bbox 1560 1685 1594 1715; x_wconf 64' lang='grc' dir='ltr'><em>(τ</em></span> <span class='ocrx_word' id='word_1_689' title='bbox 1603 1682 1662 1715; x_wconf 71' lang='lat' dir='ltr'><em>oao</em></span> <span class='ocrx_word' id='word_1_690' title='bbox 1671 1682 1917 1723; x_wconf 59' lang='lat' dir='ltr'><em>constitutionibus</em></span> <span class='ocrx_word' id='word_1_691' title='bbox 1925 1684 2084 1726; x_wconf 69' lang='lat' dir='ltr'><em>posipqfi&#39;tis-</em></span> <span class='ocrx_word' id='word_1_692' title='bbox 2096 1708 2107 1724; x_wconf 87' lang='lat'>,</span> 
     </span>
     <span class='ocr_line' id='line_1_97' title="bbox 1228 1732 2106 1776; baseline 0.003 -12"><span class='ocrx_word' id='word_1_693' title='bbox 1228 1740 1342 1766; x_wconf 89' lang='lat' dir='ltr'><em>centum</em></span> <span class='ocrx_word' id='word_1_694' title='bbox 1363 1737 1578 1776; x_wconf 77' lang='lat' dir='ltr'><em>quinquaginta</em></span> <span class='ocrx_word' id='word_1_695' title='bbox 1604 1756 1616 1771; x_wconf 95' lang='lat'>,</span> <span class='ocrx_word' id='word_1_696' title='bbox 1650 1738 1704 1774; x_wconf 83' lang='lat' dir='ltr'><em>qui</em></span> <span class='ocrx_word' id='word_1_697' title='bbox 1724 1738 1757 1765; x_wconf 91' lang='lat' dir='ltr'><em>in</em></span> <span class='ocrx_word' id='word_1_698' title='bbox 1774 1732 1916 1775; x_wconf 74' lang='lat' dir='ltr'><em>synodicis</em></span> <span class='ocrx_word' id='word_1_699' title='bbox 1937 1734 2106 1775; x_wconf 83' lang='lat' dir='ltr'><em>Canonibus</em></span> 
     </span>
     <span class='ocr_line' id='line_1_98' title="bbox 1228 1781 2107 1827; baseline 0.002 -12"><span class='ocrx_word' id='word_1_700' title='bbox 1228 1794 1284 1815; x_wconf 89' lang='lat' dir='ltr'><em>non</em></span> <span class='ocrx_word' id='word_1_701' title='bbox 1308 1781 1475 1822; x_wconf 84' lang='lat' dir='ltr'><em>habentur,</em></span> <span class='ocrx_word' id='word_1_702' title='bbox 1501 1787 1677 1815; x_wconf 84' lang='lat' dir='ltr'><em>mentionem</em></span> <span class='ocrx_word' id='word_1_703' title='bbox 1697 1784 1815 1815; x_wconf 77' lang='lat' dir='ltr'><em>tantum</em></span> <span class='ocrx_word' id='word_1_704' title='bbox 1821 1783 1921 1827; x_wconf 80' lang='lat' dir='ltr'><em>feciffe</em></span> <span class='ocrx_word' id='word_1_705' title='bbox 1928 1782 2107 1826; x_wconf 79' lang='lat' dir='ltr'><em>noscuntur,</em></span> 
     </span>
     <span class='ocr_line' id='line_1_99' title="bbox 1227 1832 2111 1876; baseline 0.002 -11"><span class='ocrx_word' id='word_1_706' title='bbox 1227 1843 1294 1875; x_wconf 78' lang='lat' dir='ltr'><em>quae</em></span> <span class='ocrx_word' id='word_1_707' title='bbox 1315 1833 1418 1865; x_wconf 79' lang='lat' dir='ltr'><em>dicunt</em></span> <span class='ocrx_word' id='word_1_708' title='bbox 1436 1840 1507 1865; x_wconf 88' lang='lat' dir='ltr'><em>ante</em></span> <span class='ocrx_word' id='word_1_709' title='bbox 1518 1832 1662 1876; x_wconf 69' lang='lat' dir='ltr'><em>oc‘t&#39;oginta</em></span> <span class='ocrx_word' id='word_1_710' title='bbox 1669 1840 1865 1875; x_wconf 59' lang='lat' dir='ltr'><em>propvmnos</em></span> <span class='ocrx_word' id='word_1_711' title='bbox 1875 1833 2026 1874; x_wconf 86' lang='lat' dir='ltr'><em>constituta</em></span> <span class='ocrx_word' id='word_1_712' title='bbox 2029 1833 2111 1876; x_wconf 85' lang='lat' dir='ltr'><em>fui&#39;s-</em></span> 
     </span>
     <span class='ocr_line' id='line_1_100' title="bbox 1226 1880 2112 1926; baseline 0.005 -13"><span class='ocrx_word' id='word_1_713' title='bbox 1226 1881 1258 1924; x_wconf 83' lang='lat' dir='ltr'><em>se</em></span> <span class='ocrx_word' id='word_1_714' title='bbox 1271 1906 1278 1913; x_wconf 91' lang='lat'><strong>.</strong></span> <span class='ocrx_word' id='word_1_715' title='bbox 1304 1883 1335 1915; x_wconf 79' lang='lat' dir='ltr'><em>Si</em></span> <span class='ocrx_word' id='word_1_716' title='bbox 1344 1892 1409 1925; x_wconf 87' lang='lat' dir='ltr'><em>ergo</em></span> <span class='ocrx_word' id='word_1_717' title='bbox 1420 1880 1468 1914; x_wconf 86' lang='lat' dir='ltr'><em>bis</em></span> <span class='ocrx_word' id='word_1_718' title='bbox 1479 1882 1656 1923; x_wconf 82' lang='lat' dir='ltr'><em>temporibus</em></span> <span class='ocrx_word' id='word_1_719' title='bbox 1669 1881 1863 1924; x_wconf 76' lang='lat' dir='ltr'><em>bocheneficio</em></span> <span class='ocrx_word' id='word_1_720' title='bbox 1875 1882 1920 1925; x_wconf 80' lang='lat' dir='ltr'><em>ufi</em></span> <span class='ocrx_word' id='word_1_721' title='bbox 1921 1883 1995 1926; x_wconf 89' lang='lat' dir='ltr'><em>sunt</em></span> <span class='ocrx_word' id='word_1_722' title='bbox 2009 1908 2020 1924; x_wconf 93' lang='lat'>,</span> <span class='ocrx_word' id='word_1_723' title='bbox 2032 1885 2112 1926; x_wconf 75' lang='lat' dir='ltr'><em>quid</em></span> 
     </span>
     <span class='ocr_line' id='line_1_101' title="bbox 1230 1930 2112 1975; baseline 0.002 -11"><span class='ocrx_word' id='word_1_724' title='bbox 1230 1942 1305 1964; x_wconf 88' lang='lat' dir='ltr'><em>nunc</em></span> <span class='ocrx_word' id='word_1_725' title='bbox 1313 1932 1491 1972; x_wconf 79' lang='lat' dir='ltr'><em>requirunt?</em></span> <span class='ocrx_word' id='word_1_726' title='bbox 1515 1934 1548 1963; x_wconf 79' lang='lat' dir='ltr'><em>si</em></span> <span class='ocrx_word' id='word_1_727' title='bbox 1559 1942 1715 1973; x_wconf 81' lang='lat' dir='ltr'><em>nunquam</em></span> <span class='ocrx_word' id='word_1_728' title='bbox 1736 1931 1780 1972; x_wconf 77' lang='lat' dir='ltr'><em>usi</em></span> <span class='ocrx_word' id='word_1_729' title='bbox 1791 1930 1888 1974; x_wconf 84' lang='lat' dir='ltr'><em>sunt,</em></span> <span class='ocrx_word' id='word_1_730' title='bbox 1913 1944 2003 1975; x_wconf 88' lang='lat' dir='ltr'><em>quare</em></span> <span class='ocrx_word' id='word_1_731' title='bbox 2014 1939 2112 1975; x_wconf 84' lang='lat' dir='ltr'><em>requi-</em></span> 
     </span>
     <span class='ocr_line' id='line_1_102' title="bbox 1230 1978 2114 2024; baseline 0.006 -11"><span class='ocrx_word' id='word_1_732' title='bbox 1230 1981 1324 2014; x_wconf 80' lang='lat' dir='ltr'><em>runt?</em></span> <span class='ocrx_word' id='word_1_733' title='bbox 1351 1978 1412 2013; x_wconf 88' lang='lat' dir='ltr'><em>Ait</em></span> <span class='ocrx_word' id='word_1_734' title='bbox 1436 1980 1570 2016; x_wconf 84' lang='lat' dir='ltr'><em>tertium</em></span> <span class='ocrx_word' id='word_1_735' title='bbox 1580 1979 1987 2024; x_wconf 85' lang='lat' dir='ltr'><em>Constantinopolitanum</em></span> <span class='ocrx_word' id='word_1_736' title='bbox 1998 1982 2114 2018; x_wconf 86' lang='lat' dir='ltr'><em>Cano·</em></span> 
     </span>
     <span class='ocr_line' id='line_1_103' title="bbox 1232 2029 2111 2077; baseline 0.007 -15"><span class='ocrx_word' id='word_1_737' title='bbox 1232 2041 1309 2065; x_wconf 85' lang='lat' dir='ltr'><em>nem</em></span> <span class='ocrx_word' id='word_1_738' title='bbox 1329 2029 1484 2067; x_wconf 78' lang='lat' dir='ltr'><em>adversari</em></span> <span class='ocrx_word' id='word_1_739' title='bbox 1503 2030 1593 2064; x_wconf 79' lang='lat' dir='ltr'><em>sexto</em></span> <span class='ocrx_word' id='word_1_740' title='bbox 1613 2030 1771 2072; x_wconf 82' lang='lat' dir='ltr'><em>Nicaeno,</em></span> <span class='ocrx_word' id='word_1_741' title='bbox 1796 2031 1989 2077; x_wconf 34' lang='lat' dir='ltr'><em>dam-natum</em></span> <span class='ocrx_word' id='word_1_742' title='bbox 2010 2034 2072 2066; x_wconf 81' lang='lat' dir='ltr'><em>esse</em></span> <span class='ocrx_word' id='word_1_743' title='bbox 2091 2033 2111 2068; x_wconf 71' lang='grc' dir='ltr'>ὲ</span> 
     </span>
     <span class='ocr_line' id='line_1_104' title="bbox 1233 2078 2112 2127; baseline 0.001 -10"><span class='ocrx_word' id='word_1_744' title='bbox 1233 2082 1386 2117; x_wconf 73' lang='lat' dir='ltr'><em>Romana</em></span> <span class='ocrx_word' id='word_1_745' title='bbox 1411 2078 1578 2121; x_wconf 78' lang='lat' dir='ltr'><em>Ecclefia,</em></span> <span class='ocrx_word' id='word_1_746' title='bbox 1603 2079 1742 2127; x_wconf 70' lang='lat' dir='ltr'><em>ideoque</em></span> <span class='ocrx_word' id='word_1_747' title='bbox 1767 2091 1838 2115; x_wconf 86' lang='lat' dir='ltr'><em>non</em></span> <span class='ocrx_word' id='word_1_748' title='bbox 1859 2082 1997 2127; x_wconf 77' lang='lat' dir='ltr'><em>potuisse</em></span> <span class='ocrx_word' id='word_1_749' title='bbox 2017 2082 2112 2127; x_wconf 55' lang='lat' dir='ltr'><em>inno*</em></span> 
     </span>
     <span class='ocr_line' id='line_1_105' title="bbox 1233 2133 1322 2167; baseline -0.022 -1"><span class='ocrx_word' id='word_1_750' title='bbox 1233 2133 1322 2167; x_wconf 83' lang='lat' dir='ltr'><em>vari.</em></span> 
     </span>
    </p>

    <p class='ocr_par' dir='ltr' id='par_1_17' title="bbox 1231 2181 2121 3270">
     <span class='ocr_line' id='line_1_106' title="bbox 1280 2181 2112 2230; baseline 0.002 -14"><span class='ocrx_word' id='word_1_751' title='bbox 1280 2181 1414 2230; x_wconf 83' lang='lat' dir='ltr'><em>Qibus</em></span> <span class='ocrx_word' id='word_1_752' title='bbox 1426 2193 1467 2217; x_wconf 85' lang='lat' dir='ltr'><em>ex</em></span> <span class='ocrx_word' id='word_1_753' title='bbox 1476 2181 1581 2218; x_wconf 80' lang='lat' dir='ltr'><em>verbis</em></span> <span class='ocrx_word' id='word_1_754' title='bbox 1592 2194 1683 2218; x_wconf 84' lang='lat' dir='ltr'><em>novae</em></span> <span class='ocrx_word' id='word_1_755' title='bbox 1693 2183 1929 2222; x_wconf 77' lang='lat' dir='ltr'><em>interceffionis</em></span> <span class='ocrx_word' id='word_1_756' title='bbox 1937 2185 2048 2218; x_wconf 82' lang='lat' dir='ltr'><em>ansam</em></span> <span class='ocrx_word' id='word_1_757' title='bbox 2059 2183 2112 2218; x_wconf 86' lang='lat' dir='ltr'><em>ad-</em></span> 
     </span>
     <span class='ocr_line' id='line_1_107' title="bbox 1232 2232 2114 2276; baseline 0.003 -12"><span class='ocrx_word' id='word_1_758' title='bbox 1232 2232 1332 2275; x_wconf 78' lang='lat' dir='ltr'><em>ripuit</em></span> <span class='ocrx_word' id='word_1_759' title='bbox 1353 2232 1492 2274; x_wconf 80' lang='lat' dir='ltr'><em>AEtius,</em></span> <span class='ocrx_word' id='word_1_760' title='bbox 1510 2245 1556 2268; x_wconf 17' lang='lat' dir='ltr'><em>rac</em></span> <span class='ocrx_word' id='word_1_761' title='bbox 1577 2235 1714 2276; x_wconf 86' lang='lat' dir='ltr'><em>perrexit</em></span> <span class='ocrx_word' id='word_1_762' title='bbox 1735 2246 1743 2266; x_wconf 93' lang='lat'><strong>:</strong></span> <span class='ocrx_word' id='word_1_763' title='bbox 1770 2237 1802 2267; x_wconf 77' lang='lat' dir='ltr'><em>si</em></span> <span class='ocrx_word' id='word_1_764' title='bbox 1812 2235 1850 2268; x_wconf 89' lang='lat' dir='ltr'><em>de</em></span> <span class='ocrx_word' id='word_1_765' title='bbox 1860 2233 1911 2268; x_wconf 87' lang='lat' dir='ltr'><em>boc</em></span> <span class='ocrx_word' id='word_1_766' title='bbox 1921 2235 2047 2276; x_wconf 79' lang='lat' dir='ltr'><em>capitulo</em></span> <span class='ocrx_word' id='word_1_767' title='bbox 2057 2235 2114 2267; x_wconf 80' lang='lat' dir='ltr'><em>ali-</em></span> 
     </span>
     <span class='ocr_line' id='line_1_108' title="bbox 1233 2283 2113 2328; baseline -0.002 -10"><span class='ocrx_word' id='word_1_768' title='bbox 1233 2284 1312 2324; x_wconf 73' lang='lat' dir='ltr'><em>quod</em></span> <span class='ocrx_word' id='word_1_769' title='bbox 1330 2284 1508 2316; x_wconf 82' lang='lat' dir='ltr'><em>mandatum</em></span> <span class='ocrx_word' id='word_1_770' title='bbox 1528 2292 1698 2325; x_wconf 82' lang='lat' dir='ltr'><em>acceperunt</em></span> <span class='ocrx_word' id='word_1_771' title='bbox 1721 2287 1841 2317; x_wconf 88' lang='lat' dir='ltr'><em>Domini</em></span> <span class='ocrx_word' id='word_1_772' title='bbox 1855 2288 1989 2328; x_wconf 84' lang='lat' dir='ltr'><em>Legati,</em></span> <span class='ocrx_word' id='word_1_773' title='bbox 2012 2283 2113 2326; x_wconf 84' lang='lat' dir='ltr'><em>profe-</em></span> 
     </span>
     <span class='ocr_line' id='line_1_109' title="bbox 1231 2331 2115 2376; baseline 0.001 -11"><span class='ocrx_word' id='word_1_774' title='bbox 1231 2339 1303 2365; x_wconf 79' lang='lat' dir='ltr'><em>rant</em></span> <span class='ocrx_word' id='word_1_775' title='bbox 1315 2357 1323 2364; x_wconf 92' lang='lat'>.</span> <span class='ocrx_word' id='word_1_776' title='bbox 1352 2331 1505 2375; x_wconf 84' lang='lat' dir='ltr'><em>Sperabat</em></span> <span class='ocrx_word' id='word_1_777' title='bbox 1521 2332 1698 2376; x_wconf 77' lang='lat' dir='ltr'><em>expressum</em></span> <span class='ocrx_word' id='word_1_778' title='bbox 1721 2334 1787 2368; x_wconf 89' lang='lat' dir='ltr'><em>illis</em></span> <span class='ocrx_word' id='word_1_779' title='bbox 1807 2345 1876 2367; x_wconf 87' lang='lat' dir='ltr'><em>non</em></span> <span class='ocrx_word' id='word_1_780' title='bbox 1894 2333 1957 2368; x_wconf 80' lang='lat' dir='ltr'><em>effe</em></span> <span class='ocrx_word' id='word_1_781' title='bbox 1981 2333 2115 2367; x_wconf 82' lang='lat' dir='ltr'><em>manda·</em></span> 
     </span>
     <span class='ocr_line' id='line_1_110' title="bbox 1233 2381 2115 2425; baseline 0.001 -10"><span class='ocrx_word' id='word_1_782' title='bbox 1233 2391 1321 2415; x_wconf 76' lang='lat' dir='ltr'><em>tum·</em></span> <span class='ocrx_word' id='word_1_783' title='bbox 1346 2381 1409 2415; x_wconf 87' lang='lat' dir='ltr'><em>Ast</em></span> <span class='ocrx_word' id='word_1_784' title='bbox 1429 2382 1569 2416; x_wconf 74' lang='lat' dir='ltr'><em>omnino</em></span> <span class='ocrx_word' id='word_1_785' title='bbox 1588 2392 1679 2423; x_wconf 88' lang='lat' dir='ltr'><em>erat,</em></span> <span class='ocrx_word' id='word_1_786' title='bbox 1703 2382 1874 2425; x_wconf 85' lang='lat' dir='ltr'><em>ipsumque</em></span> <span class='ocrx_word' id='word_1_787' title='bbox 1893 2395 1935 2418; x_wconf 83' lang='lat' dir='ltr'><em>ex</em></span> <span class='ocrx_word' id='word_1_788' title='bbox 1949 2382 2059 2417; x_wconf 84' lang='lat' dir='ltr'><em>charta</em></span> <span class='ocrx_word' id='word_1_789' title='bbox 2073 2382 2115 2416; x_wconf 91' lang='lat' dir='ltr'><em>le-</em></span> 
     </span>
     <span class='ocr_line' id='line_1_111' title="bbox 1232 2431 2116 2476; baseline 0 -12"><span class='ocrx_word' id='word_1_790' title='bbox 1232 2432 1281 2475; x_wconf 84' lang='lat' dir='ltr'><em>git</em></span> <span class='ocrx_word' id='word_1_791' title='bbox 1304 2431 1492 2465; x_wconf 80' lang='lat' dir='ltr'><em>Bonifacius</em></span> <span class='ocrx_word' id='word_1_792' title='bbox 1514 2433 1678 2476; x_wconf 86' lang='lat' dir='ltr'><em>Legatus:</em></span> <span class='ocrx_word' id='word_1_793' title='bbox 1703 2433 1872 2466; x_wconf 62' lang='lat' dir='ltr'><em>scanciarum</em></span> <span class='ocrx_word' id='word_1_794' title='bbox 1890 2432 2003 2476; x_wconf 83' lang='lat' dir='ltr'><em>quoque</em></span> <span class='ocrx_word' id='word_1_795' title='bbox 2014 2436 2116 2465; x_wconf 68' lang='lat' dir='ltr'><em>Nica·</em></span> 
     </span>
     <span class='ocr_line' id='line_1_112' title="bbox 1233 2481 2116 2524; baseline 0 -10"><span class='ocrx_word' id='word_1_796' title='bbox 1233 2492 1336 2514; x_wconf 85' lang='lat' dir='ltr'><em>norum</em></span> <span class='ocrx_word' id='word_1_797' title='bbox 1357 2483 1485 2515; x_wconf 86' lang='lat' dir='ltr'><em>Patrum</em></span> <span class='ocrx_word' id='word_1_798' title='bbox 1506 2481 1730 2522; x_wconf 80' lang='lat' dir='ltr'><em>constitutionem</em></span> <span class='ocrx_word' id='word_1_799' title='bbox 1748 2483 1900 2524; x_wconf 83' lang='lat' dir='ltr'><em>prolatam</em></span> <span class='ocrx_word' id='word_1_800' title='bbox 1921 2483 2005 2515; x_wconf 86' lang='lat' dir='ltr'><em>nulla</em></span> <span class='ocrx_word' id='word_1_801' title='bbox 2014 2487 2116 2524; x_wconf 72' lang='lat' dir='ltr'><em>patia-</em></span> 
     </span>
     <span class='ocr_line' id='line_1_113' title="bbox 1232 2531 2116 2574; baseline 0.001 -12"><span class='ocrx_word' id='word_1_802' title='bbox 1232 2535 1306 2563; x_wconf 85' lang='lat' dir='ltr'><em>mini</em></span> <span class='ocrx_word' id='word_1_803' title='bbox 1318 2537 1484 2565; x_wconf 81' lang='lat' dir='ltr'><em>temeritate</em></span> <span class='ocrx_word' id='word_1_804' title='bbox 1495 2531 1621 2572; x_wconf 74' lang='lat' dir='ltr'><em>violari,</em></span> <span class='ocrx_word' id='word_1_805' title='bbox 1634 2532 1688 2565; x_wconf 83' lang='lat' dir='ltr'><em>vel</em></span> <span class='ocrx_word' id='word_1_806' title='bbox 1690 2538 1789 2568; x_wconf 69' lang='lat' dir='ltr'><em>yninui</em></span> <span class='ocrx_word' id='word_1_807' title='bbox 1801 2544 1811 2573; x_wconf 77' lang='lat'>3</span> <span class='ocrx_word' id='word_1_808' title='bbox 1823 2531 1891 2573; x_wconf 79' lang='lat' dir='ltr'><em>acsi</em></span> <span class='ocrx_word' id='word_1_809' title='bbox 1895 2538 1946 2574; x_wconf 84' lang='lat' dir='ltr'><em>qui</em></span> <span class='ocrx_word' id='word_1_810' title='bbox 1949 2531 2033 2573; x_wconf 65' lang='lat' dir='ltr'><em>forte*</em></span> <span class='ocrx_word' id='word_1_811' title='bbox 2045 2537 2116 2565; x_wconf 89' lang='lat' dir='ltr'><em>civi-</em></span> 
     </span>
     <span class='ocr_line' id='line_1_114' title="bbox 1232 2579 2117 2624; baseline 0.003 -13"><span class='ocrx_word' id='word_1_812' title='bbox 1232 2588 1331 2614; x_wconf 82' lang='lat' dir='ltr'><em>tatum</em></span> <span class='ocrx_word' id='word_1_813' title='bbox 1347 2579 1475 2623; x_wconf 85' lang='lat' dir='ltr'><em>suarum</em></span> <span class='ocrx_word' id='word_1_814' title='bbox 1489 2586 1629 2624; x_wconf 78' lang='lat' dir='ltr'><em>potentia</em></span> <span class='ocrx_word' id='word_1_815' title='bbox 1649 2580 1761 2621; x_wconf 81' lang='lat' dir='ltr'><em>confiſs,</em></span> <span class='ocrx_word' id='word_1_816' title='bbox 1787 2582 1904 2623; x_wconf 84' lang='lat' dir='ltr'><em>aliquid</em></span> <span class='ocrx_word' id='word_1_817' title='bbox 1910 2579 1966 2623; x_wconf 84' lang='lat' dir='ltr'><em>fibi</em></span> <span class='ocrx_word' id='word_1_818' title='bbox 1980 2590 2117 2614; x_wconf 80' lang='lat' dir='ltr'><em>tentave-</em></span> 
     </span>
     <span class='ocr_line' id='line_1_115' title="bbox 1232 2628 2117 2674; baseline 0.002 -12"><span class='ocrx_word' id='word_1_819' title='bbox 1232 2636 1294 2664; x_wconf 70' lang='lat' dir='ltr'><em>rint</em></span> <span class='ocrx_word' id='word_1_820' title='bbox 1312 2628 1473 2673; x_wconf 74' lang='lat' dir='ltr'><em>usurpare,</em></span> <span class='ocrx_word' id='word_1_821' title='bbox 1498 2629 1550 2663; x_wconf 84' lang='lat' dir='ltr'><em>boc</em></span> <span class='ocrx_word' id='word_1_822' title='bbox 1570 2641 1630 2673; x_wconf 86' lang='lat' dir='ltr'><em>qua</em></span> <span class='ocrx_word' id='word_1_823' title='bbox 1651 2631 1773 2674; x_wconf 73' lang='lat' dir='ltr'><em>dignum</em></span> <span class='ocrx_word' id='word_1_824' title='bbox 1793 2629 1831 2671; x_wconf 77' lang='lat' dir='ltr'><em>est</em></span> <span class='ocrx_word' id='word_1_825' title='bbox 1843 2630 2004 2670; x_wconf 85' lang='lat' dir='ltr'><em>constantia</em></span> <span class='ocrx_word' id='word_1_826' title='bbox 2013 2639 2117 2664; x_wconf 88' lang='lat' dir='ltr'><em>retun-</em></span> 
     </span>
     <span class='ocr_line' id='line_1_116' title="bbox 1234 2679 2118 2725; baseline 0.002 -13"><span class='ocrx_word' id='word_1_827' title='bbox 1234 2681 1317 2712; x_wconf 67' lang='lat' dir='ltr'><em>datis</em></span> <span class='ocrx_word' id='word_1_828' title='bbox 1330 2703 1345 2715; x_wconf 13' lang='grc' dir='ltr'><em>,γ</em></span> <span class='ocrx_word' id='word_1_829' title='bbox 1359 2680 1417 2714; x_wconf 89' lang='lat' dir='ltr'><em>Est</em></span> <span class='ocrx_word' id='word_1_830' title='bbox 1439 2690 1544 2714; x_wconf 89' lang='lat' dir='ltr'><em>unum</em></span> <span class='ocrx_word' id='word_1_831' title='bbox 1565 2679 1585 2713; x_wconf 80' lang='grc' dir='ltr'>ὲ</span> <span class='ocrx_word' id='word_1_832' title='bbox 1597 2679 1747 2723; x_wconf 84' lang='lat' dir='ltr'><em>capitulis</em></span> <span class='ocrx_word' id='word_1_833' title='bbox 1758 2681 1883 2714; x_wconf 80' lang='lat' dir='ltr'><em>secretae</em></span> <span class='ocrx_word' id='word_1_834' title='bbox 1894 2680 2118 2725; x_wconf 20' lang='lat' dir='ltr'><em>instructio-nis</em></span> 
     </span>
     <span class='ocr_line' id='line_1_117' title="bbox 1234 2728 2118 2775; baseline -0.001 -12"><span class='ocrx_word' id='word_1_835' title='bbox 1234 2728 1431 2772; x_wconf 77' lang='lat' dir='ltr'><em>Apostolicae</em></span> <span class='ocrx_word' id='word_1_836' title='bbox 1455 2751 1467 2767; x_wconf 88' lang='lat'>‚</span> <span class='ocrx_word' id='word_1_837' title='bbox 1500 2729 1616 2775; x_wconf 85' lang='lat' dir='ltr'><em>grandi</em></span> <span class='ocrx_word' id='word_1_838' title='bbox 1661 2728 1888 2763; x_wconf 85' lang='lat' dir='ltr'><em>Ecclefiasticae</em></span> <span class='ocrx_word' id='word_1_839' title='bbox 1922 2730 2118 2772; x_wconf 84' lang='lat' dir='ltr'><em>eruditionis</em></span> 
     </span>
     <span class='ocr_line' id='line_1_118' title="bbox 1233 2777 2118 2824; baseline -0.001 -11"><span class='ocrx_word' id='word_1_840' title='bbox 1233 2779 1356 2814; x_wconf 87' lang='lat' dir='ltr'><em>damno</em></span> <span class='ocrx_word' id='word_1_841' title='bbox 1371 2778 1527 2823; x_wconf 68' lang='lat' dir='ltr'><em>perditae,</em></span> <span class='ocrx_word' id='word_1_842' title='bbox 1550 2787 1607 2813; x_wconf 88' lang='lat' dir='ltr'><em>aut</em></span> <span class='ocrx_word' id='word_1_843' title='bbox 1632 2777 1752 2813; x_wconf 88' lang='lat' dir='ltr'><em>alicubi</em></span> <span class='ocrx_word' id='word_1_844' title='bbox 1774 2778 1903 2813; x_wconf 86' lang='lat' dir='ltr'><em>latentis</em></span> <span class='ocrx_word' id='word_1_845' title='bbox 1917 2803 1926 2812; x_wconf 89' lang='lat'><strong>.</strong></span> <span class='ocrx_word' id='word_1_846' title='bbox 1952 2779 2118 2824; x_wconf 85' lang='lat' dir='ltr'><em>Loquitur</em></span> 
     </span>
     <span class='ocr_line' id='line_1_119' title="bbox 1235 2828 2121 2876; baseline 0.001 -13"><span class='ocrx_word' id='word_1_847' title='bbox 1235 2840 1303 2863; x_wconf 79' lang='lat' dir='ltr'><em>non</em></span> <span class='ocrx_word' id='word_1_848' title='bbox 1327 2828 1508 2876; x_wconf 24' lang='lat' dir='ltr'><em>dumtaxat·</em></span> <span class='ocrx_word' id='word_1_849' title='bbox 1520 2828 1670 2863; x_wconf 68' lang='lat' dir='ltr'><em>adversus</em></span> <span class='ocrx_word' id='word_1_850' title='bbox 1689 2828 2121 2873; x_wconf 84' lang='lat' dir='ltr'><em>Constantinopolitanum,</em></span> 
     </span>
     <span class='ocr_line' id='line_1_120' title="bbox 1235 2878 2117 2922; baseline 0.002 -10"><span class='ocrx_word' id='word_1_851' title='bbox 1235 2878 1288 2913; x_wconf 85' lang='lat' dir='ltr'><em>sed</em></span> <span class='ocrx_word' id='word_1_852' title='bbox 1307 2879 1342 2912; x_wconf 77' lang='grc' dir='ltr'><em>δε</em></span> <span class='ocrx_word' id='word_1_853' title='bbox 1358 2878 1511 2915; x_wconf 62' lang='lat' dir='ltr'><em>adversus</em></span> <span class='ocrx_word' id='word_1_854' title='bbox 1520 2878 1759 2922; x_wconf 82' lang='lat' dir='ltr'><em>Hierosolymae</em></span> <span class='ocrx_word' id='word_1_855' title='bbox 1781 2878 1978 2922; x_wconf 87' lang='lat' dir='ltr'><em>Episcopum</em></span> <span class='ocrx_word' id='word_1_856' title='bbox 1991 2902 2001 2918; x_wconf 91' lang='lat'><strong>,</strong></span> <span class='ocrx_word' id='word_1_857' title='bbox 2026 2879 2117 2922; x_wconf 80' lang='lat' dir='ltr'><em>cujus</em></span> 
     </span>
     <span class='ocr_line' id='line_1_121' title="bbox 1234 2929 2118 2972; baseline 0.002 -11"><span class='ocrx_word' id='word_1_858' title='bbox 1234 2929 1412 2971; x_wconf 13' lang='lat' dir='ltr'><em>utriusque*</em></span> <span class='ocrx_word' id='word_1_859' title='bbox 1420 2929 1485 2971; x_wconf 81' lang='lat' dir='ltr'><em>jam</em></span> <span class='ocrx_word' id='word_1_860' title='bbox 1504 2938 1625 2963; x_wconf 87' lang='lat' dir='ltr'><em>veteres</em></span> <span class='ocrx_word' id='word_1_861' title='bbox 1638 2929 1852 2963; x_wconf 87' lang='lat' dir='ltr'><em>Ecclefiarum</em></span> <span class='ocrx_word' id='word_1_862' title='bbox 1863 2930 1990 2972; x_wconf 85' lang='lat' dir='ltr'><em>rapinas</em></span> <span class='ocrx_word' id='word_1_863' title='bbox 2000 2953 2010 2969; x_wconf 89' lang='lat'><em>‚</em></span> <span class='ocrx_word' id='word_1_864' title='bbox 2036 2930 2069 2963; x_wconf 89' lang='lat'>&amp;</span> <span class='ocrx_word' id='word_1_865' title='bbox 2081 2930 2118 2963; x_wconf 86' lang='lat' dir='ltr'><em>in</em></span> 
     </span>
     <span class='ocr_line' id='line_1_122' title="bbox 1236 2976 2119 3024; baseline 0.002 -14"><span class='ocrx_word' id='word_1_866' title='bbox 1236 2976 1397 3022; x_wconf 78' lang='lat' dir='ltr'><em>Ephesmo</em></span> <span class='ocrx_word' id='word_1_867' title='bbox 1417 2987 1491 3016; x_wconf 77' lang='lat' dir='ltr'><em>tam</em></span> <span class='ocrx_word' id='word_1_868' title='bbox 1508 2978 1667 3014; x_wconf 88' lang='lat' dir='ltr'><em>Concilio</em></span> <span class='ocrx_word' id='word_1_869' title='bbox 1692 2989 1791 3022; x_wconf 83' lang='lat' dir='ltr'><em>quam</em></span> <span class='ocrx_word' id='word_1_870' title='bbox 1812 2979 1987 3013; x_wconf 85' lang='lat' dir='ltr'><em>latrocinio</em></span> <span class='ocrx_word' id='word_1_871' title='bbox 1999 2981 2119 3024; x_wconf 86' lang='lat' dir='ltr'><em>irregu-</em></span> 
     </span>
     <span class='ocr_line' id='line_1_123' title="bbox 1234 3026 2116 3071; baseline 0.001 -10"><span class='ocrx_word' id='word_1_872' title='bbox 1234 3029 1315 3063; x_wconf 85' lang='lat' dir='ltr'><em>lares</em></span> <span class='ocrx_word' id='word_1_873' title='bbox 1340 3026 1509 3063; x_wconf 79' lang='lat' dir='ltr'><em>machinas</em></span> <span class='ocrx_word' id='word_1_874' title='bbox 1529 3036 1634 3062; x_wconf 84' lang='lat' dir='ltr'><em>narrat</em></span> <span class='ocrx_word' id='word_1_875' title='bbox 1646 3030 1780 3062; x_wconf 61' lang='lat' dir='ltr'><em>Sanctus</em></span> <span class='ocrx_word' id='word_1_876' title='bbox 1801 3028 1895 3069; x_wconf 89' lang='lat' dir='ltr'><em>Leo,</em></span> <span class='ocrx_word' id='word_1_877' title='bbox 1920 3028 2116 3071; x_wconf 87' lang='lat' dir='ltr'><em>volebatque</em></span> 
     </span>
     <span class='ocr_line' id='line_1_124' title="bbox 1233 3075 2115 3121; baseline 0.001 -10"><span class='ocrx_word' id='word_1_878' title='bbox 1233 3078 1269 3111; x_wconf 86' lang='lat' dir='ltr'><em>in</em></span> <span class='ocrx_word' id='word_1_879' title='bbox 1291 3075 1353 3113; x_wconf 83' lang='lat' dir='ltr'><em>hac</em></span> <span class='ocrx_word' id='word_1_880' title='bbox 1374 3076 1512 3120; x_wconf 88' lang='lat' dir='ltr'><em>Synodo</em></span> <span class='ocrx_word' id='word_1_881' title='bbox 1536 3078 1744 3121; x_wconf 66' lang='lat' dir='ltr'><em>compressas.</em></span> <span class='ocrx_word' id='word_1_882' title='bbox 1773 3078 1817 3112; x_wconf 89' lang='lat' dir='ltr'><em>Et</em></span> <span class='ocrx_word' id='word_1_883' title='bbox 1838 3076 1917 3112; x_wconf 76' lang='lat' dir='ltr'><em>hine</em></span> <span class='ocrx_word' id='word_1_884' title='bbox 1930 3089 1997 3112; x_wconf 88' lang='lat' dir='ltr'><em>non</em></span> <span class='ocrx_word' id='word_1_885' title='bbox 2011 3078 2115 3112; x_wconf 88' lang='lat' dir='ltr'><em>solum</em></span> 
     </span>
     <span class='ocr_line' id='line_1_125' title="bbox 1234 3124 2113 3170; baseline 0.001 -10"><span class='ocrx_word' id='word_1_886' title='bbox 1234 3128 1382 3167; x_wconf 85' lang='lat' dir='ltr'><em>sextum,</em></span> <span class='ocrx_word' id='word_1_887' title='bbox 1408 3127 1463 3160; x_wconf 90' lang='lat' dir='ltr'><em>sed</em></span> <span class='ocrx_word' id='word_1_888' title='bbox 1483 3124 1517 3168; x_wconf 72' lang='grc' dir='ltr'><em>ὅς</em></span> <span class='ocrx_word' id='word_1_889' title='bbox 1540 3127 1710 3170; x_wconf 90' lang='lat' dir='ltr'><em>septimum</em></span> <span class='ocrx_word' id='word_1_890' title='bbox 1732 3128 1906 3162; x_wconf 82' lang='lat' dir='ltr'><em>Nicaenum</em></span> <span class='ocrx_word' id='word_1_891' title='bbox 1918 3129 2113 3168; x_wconf 76' lang='lat' dir='ltr'><em>Cmonem,</em></span> 
     </span>
     <span class='ocr_line' id='line_1_126' title="bbox 1236 3176 2116 3223; baseline 0.002 -14"><span class='ocrx_word' id='word_1_892' title='bbox 1236 3176 1392 3210; x_wconf 82' lang='lat' dir='ltr'><em>AElienfis</em></span> <span class='ocrx_word' id='word_1_893' title='bbox 1430 3176 1583 3220; x_wconf 82' lang='lat' dir='ltr'><em>Episcopi</em></span> <span class='ocrx_word' id='word_1_894' title='bbox 1609 3177 1763 3221; x_wconf 86' lang='lat' dir='ltr'><em>superbis·</em></span> <span class='ocrx_word' id='word_1_895' title='bbox 1781 3177 2037 3223; x_wconf 87' lang='lat' dir='ltr'><em>cogitationibus</em></span> <span class='ocrx_word' id='word_1_896' title='bbox 2073 3188 2116 3214; x_wconf 80' lang='lat' dir='ltr'><em>ex</em></span> 
     </span>
     <span class='ocr_line' id='line_1_127' title="bbox 1233 3225 2081 3270; baseline -0.001 -10"><span class='ocrx_word' id='word_1_897' title='bbox 1233 3236 1313 3260; x_wconf 90' lang='lat' dir='ltr'><em>tunc</em></span> <span class='ocrx_word' id='word_1_898' title='bbox 1324 3225 1492 3260; x_wconf 81' lang='lat' dir='ltr'><em>adversum</em></span> <span class='ocrx_word' id='word_1_899' title='bbox 1503 3248 1514 3265; x_wconf 91' lang='lat'><strong>,</strong></span> <span class='ocrx_word' id='word_1_900' title='bbox 1539 3227 1669 3262; x_wconf 59' lang='lat' dir='ltr'><em>Sanetus</em></span> <span class='ocrx_word' id='word_1_901' title='bbox 1683 3226 1892 3262; x_wconf 83' lang='lat' dir='ltr'><em>Paschafinus</em></span> <span class='ocrx_word' id='word_1_902' title='bbox 1906 3226 2063 3270; x_wconf 86' lang='lat' dir='ltr'><em>produxit</em></span> <span class='ocrx_word' id='word_1_903' title='bbox 2074 3251 2081 3259; x_wconf 93' lang='lat'><strong>.</strong></span> 
     </span>
    </p>

    <p class='ocr_par' dir='ltr' id='par_1_18' title="bbox 1235 3274 2117 3370">
     <span class='ocr_line' id='line_1_128' title="bbox 1283 3274 2117 3321; baseline 0.001 -13"><span class='ocrx_word' id='word_1_904' title='bbox 1283 3274 1421 3310; x_wconf 80' lang='lat' dir='ltr'><em>Editutn</em></span> <span class='ocrx_word' id='word_1_905' title='bbox 1431 3276 1532 3321; x_wconf 83' lang='lat' dir='ltr'><em>igitur</em></span> <span class='ocrx_word' id='word_1_906' title='bbox 1546 3275 1615 3310; x_wconf 87' lang='lat' dir='ltr'><em>heri</em></span> <span class='ocrx_word' id='word_1_907' title='bbox 1629 3278 1800 3312; x_wconf 87' lang='lat' dir='ltr'><em>Canonem</em></span> <span class='ocrx_word' id='word_1_908' title='bbox 1813 3277 1964 3310; x_wconf 88' lang='lat' dir='ltr'><em>Romana</em></span> <span class='ocrx_word' id='word_1_909' title='bbox 1976 3275 2117 3321; x_wconf 80' lang='lat' dir='ltr'><em>Legatio</em></span> 
     </span>
     <span class='ocr_line' id='line_1_129' title="bbox 1235 3325 2117 3370; baseline 0 -11"><span class='ocrx_word' id='word_1_910' title='bbox 1235 3325 1401 3360; x_wconf 81' lang='lat' dir='ltr'><em>adversum</em></span> <span class='ocrx_word' id='word_1_911' title='bbox 1423 3351 1435 3367; x_wconf 89' lang='lat'>‚</span> <span class='ocrx_word' id='word_1_912' title='bbox 1462 3325 1606 3370; x_wconf 82' lang='lat' dir='ltr'><em>antiquis</em></span> <span class='ocrx_word' id='word_1_913' title='bbox 1628 3325 1819 3361; x_wconf 85' lang='lat' dir='ltr'><em>Canonibus</em></span> <span class='ocrx_word' id='word_1_914' title='bbox 1836 3327 2020 3361; x_wconf 85' lang='lat' dir='ltr'><em>consonum</em></span> <span class='ocrx_word' id='word_1_915' title='bbox 2043 3349 2055 3366; x_wconf 90' lang='lat'><strong>,</strong></span> <span class='ocrx_word' id='word_1_916' title='bbox 2082 3326 2117 3359; x_wconf 80' lang='grc' dir='ltr'><em>δε</em></span> 
     </span>
    </p>
   </div>
   <div class='ocr_carea' id='block_1_16' title="bbox 1236 3374 2117 3468">
    <p class='ocr_par' dir='ltr' id='par_1_19' title="bbox 1236 3374 2117 3468">
     <span class='ocr_line' id='line_1_130' title="bbox 1236 3374 2117 3459; baseline -0.002 -49"><span class='ocrx_word' id='word_1_917' title='bbox 1236 3387 1277 3410; x_wconf 80' lang='lat' dir='ltr'><em>ex</em></span> <span class='ocrx_word' id='word_1_918' title='bbox 1312 3375 1454 3418; x_wconf 83' lang='lat' dir='ltr'><em>ipsorum</em></span> <span class='ocrx_word' id='word_1_919' title='bbox 1490 3376 1722 3458; x_wconf 43' lang='lat' dir='ltr'><em>consequeiluia</em></span> <span class='ocrx_word' id='word_1_920' title='bbox 1756 3376 1875 3415; x_wconf 66' lang='lat' dir='ltr'><em>fastum</em></span> <span class='ocrx_word' id='word_1_921' title='bbox 1919 3374 2117 3459; x_wconf 51' lang='lat' dir='ltr'><em>ageveravit</em></span> 
     </span>
     <span class='ocr_line' id='line_1_131' title="bbox 1709 3435 2069 3468; baseline -0.003 -8"><span class='ocrx_word' id='word_1_922' title='bbox 1709 3435 1731 3468; x_wconf 85' lang='lat' dir='ltr'>p</span> <span class='ocrx_word' id='word_1_923' title='bbox 1982 3435 2069 3464; x_wconf 79' lang='lat' dir='ltr'><em>tius,</em></span> 
     </span>
    </p>
   </div>
  </div>
 </body>
</html>
