2340 3736
66 2459 104 2488 C.
122 2465 186 2495 230.

498 171 569 215 DE
605 180 785 211 vocnzus
821 169 1108 223 Smsrmrm,
1144 165 1377 220 ESSENTIA‚
1412 165 1733 224 PausoNA‚&c.

1879 181 1981 227 315

246 255 282 290 in
305 258 469 296 ae'tivum,
494 255 528 287 &
539 254 697 298 paffivum
723 253 940 297 principium,
967 253 1108 297 ideoque
1166 262 1172 292 ς
1191 261 1240 285 tus
1262 262 1364 295 negare
1385 258 1497 294 cogetur
1519 255 1608 284 una'm
1624 256 1674 296 effi·
1692 259 1726 286 in
1747 251 1861 292 christo
1881 258 2060 288 Naturam.>

246 318 414 350 corporeas
424 304 620 340 Substantias
633 304 789 348 componi
802 315 842 337 ex
853 303 986 337 materia
996 304 1030 336 δε
1043 302 1111 336 sub-

247 356 390 390 ssantiali
402 357 524 393 forma,
548 366 646 398 quam
656 352 902 397 Philosophiam
922 353 1113 387 constantis-

247 407 324 440 sime
336 416 447 439 tenent
458 405 591 439 Sanstus
604 404 809 450 Augustinus
821 427 832 443 ,
842 415 879 436 ac
898 403 955 436 alii
968 402 1115 436 Ecclefiae

253 455 364 489 Patres
382 479 392 493 ,
419 455 559 498 ideoque
581 456 711 489 turbida
743 452 840 495 hujus
861 451 959 494 seculi
979 452 1116 497 ingenia

249 505 351 548 ipsam
367 505 432 539 fine
443 505 660 539 fundamento
671 502 1117 545 machinanturproscribero.

247 554 411 597 Imperitia
420 557 540 598 semper
551 555 651 598 prurit
663 579 675 594 ,
701 555 733 587 &
743 551 853 585 hinnit
864 551 904 585 ad
917 563 1001 585 nova
1013 578 1020 585 .

298 605 528 638 Tertullianus
537 605 571 638 in
583 603 668 637 libro
678 602 720 636 de
734 602 858 635 Anima
878 601 1054 646 distinguit
1067 613 1122 636 na-

246 664 354 688 turam
380 655 398 687 a
421 654 618 688 substantia:
645 654 738 686 Aliud
759 651 797 692 est
810 649 974 693 substantia
994 676 1005 692 ,
1031 652 1117 684 aliud

249 709 377 737 Natura
392 702 563 746 substantia·
585 729 592 736 .
619 704 650 735 sn·
671 704 789 744 quidem
802 699 969 743 substantia
997 706 1123 743 propria

250 754 344 796 estrei
362 752 497 796 cujusque
509 778 520 793 ‚
546 757 671 786 Natura
681 754 752 785 vero
768 750 860 793 potest
874 751 924 794 effir
945 757 1120 785 communis.

251 802 375 845 suscipe
398 803 566 844 exemplum
579 828 586 834 .
612 801 778 842 Substantia
794 801 832 840 est
846 801 923 842 lapis
946 826 956 841 ‚
975 801 1094 842 ferrum
1112 825 1123 842 ‚

250 857 376 886 Duritia
396 854 508 894 lapidis
534 851 572 891 est
588 851 668 893 ferri
688 876 699 892 ‚
725 857 850 885 Natura
871 849 1044 893 substantiae
1066 850 1122 890 est.

251 906 379 936 Duritia
388 908 602 942 communicat,
624 900 792 945 substantia
804 899 966 943 discordat.
997 900 1124 934 Mollitia

249 954 332 985 Ianae
345 976 355 992 ,
379 953 503 985 mollitia
519 953 654 995 plumae3
683 955 812 985 Pariani
822 951 977 986 naturalia
1001 962 1125 991 earum,

243 1001 443 1045 substantiva
454 1014 512 1035 non
527 1008 678 1044 pariant.
707 1000 924 1035 Substantiam
935 1000 1042 1034 censet
1062 1002 1124 1034 effe

247 1051 297 1086 rei
322 1053 489 1087 effentiam
502 1077 514 1093 ,
540 1063 594 1095 per
608 1052 771 1086 Naturam
791 1049 948 1094 intelligit
961 1048 1124 1084 Acciden-

250 1102 317 1134 tia.
342 1101 390 1136 Ita
420 1103 454 1136 ὃ(
479 1103 513 1136 in
526 1101 594 1136 alio
615 1100 756 1145 ejusdem
779 1100 852 1134 libri
875 1101 980 1142 capite
998 1099 1126 1137 scribit:

253 1155 379 1185 Mortem
400 1152 542 1193 bifariam
564 1151 699 1192 distinxit
725 1151 873 1184 humanus
898 1149 1034 1192 adfhcff‘us
1056 1173 1067 1189 ,
1095 1155 1127 1181 in

249 1203 437 1234 ordinariam
457 1204 492 1236 Q&
513 1203 785 1236 extraordinariam
804 1200 939 1242 formam
962 1224 974 1241 ‚
1007 1200 1126 1232 ordina-

251 1257 332 1284 riam
341 1252 460 1293 quidem
472 1276 484 1292 ,
509 1260 628 1285 naturae
649 1253 795 1294 deputans
808 1274 819 1290 ,
839 1247 1127 1292 placida-cujusque

244 1305 357 1333 ‘morm
378 1323 390 1340 ,
410 1303 685 1334 extraordinariam
710 1303 783 1334 vero
803 1323 814 1339 ,
834 1307 954 1340 prater
986 1306 1128 1332 naturam

250 1351 395 1383 indicans
404 1367 422 1392 ,ι
442 1351 563 1383 violenti
583 1349 719 1393 cuiusque
735 1349 809 1391 finis
821 1373 830 1381 .
857 1351 924 1392 ‚Qui
936 1356 1036 1382 autem
1060 1350 1127 1381 Pri-

252 1401 368 1433 mordia
378 1399 505 1433 bominis
529 1404 687 1440 novimus,
713 1399 855 1432 audenter
879 1400 1131 1436 determinamus,

250 1454 378 1491 Mortem
397 1461 455 1484 non
475 1461 513 1483 ex
535 1459 645 1483 natum
661 1447 793 1492 ‚li-cutam
813 1447 955 1480 hominem
976 1471 987 1487 ,
1017 1445 1073 1490 sed
1090 1458 1127 1480 ox

250 1501 339 1542 culpa
353 1523 366 1540 ,
390 1511 426 1533 ne
437 1498 503 1542 ipsa
511 1500 629 1540 quidem
642 1500 775 1532 naturali
785 1523 792 1530 .
821 1499 922 1530 Facile
931 1506 1029 1531 autem
1051 1496 1132 1540 usur-

248 1555 323 1591 pari
333 1558 453 1582 naturae
465 1561 567 1582 nomen
579 1555 611 1581 in
621 1559 657 1581 ea
667 1559 733 1590 quae
753 1549 894 1581 videntur
906 1548 927 1578 ἃ
948 1551 1131 1581 Nati-nitate

253 1610 292 1631 ex
314 1600 478 1632 accidentia
498 1597 649 1641 adheltffe.
677 1597 801 1631 Denuo
811 1598 950 1643 affirmat
969 1596 1131 1631 Naturam

251 1648 318 1681 effe
328 1646 478 1682 accidens
491 1673 499 1681 .
525 1647 656 1691 Nempe
673 1647 755 1681 illud
783 1647 872 1691 quod
891 1647 933 1680 ex
954 1647 1134 1681 intrinsecis

251 1697 406 1741 cujusque
427 1698 473 1732 rei
494 1697 662 1741 principiis
682 1698 890 1740 consequitur
903 1721 910 1728 .
937 1697 1016 1730 Hoc
1041 1697 1132 1731 sensu

246 1747 408 1782 Gentiles
428 1747 589 1791 placidam
612 1758 653 1780 ex
682 1747 806 1790 peccati
837 1747 955 1781 delinito
980 1747 1127 1782 Mortem

247 1797 420 1841 *appellant
431 1797 625 1831 Naturalem
636 1821 643 1828 .
668 1796 839 1842 Qoniam
849 1796 1008 1840 originale
1026 1808 1134 1840 pecca·

246 1854 327 1879 tum
342 1845 496 1889 ignorant
507 1870 519 1886 ,
545 1847 678 1879 censent
688 1853 825 1879 mortem
839 1845 929 1878 illam
953 1848 1015 1880 effe
1028 1847 1132 1881 Natu-

221 1925 225 1930 .
248 1905 298 1928 -rae
311 1894 459 1929 debitum
474 1920 482 1927 .
508 1895 602 1929 Hinc
626 1904 687 1929 nos
708 1894 886 1928 Christiani
907 1894 1030 1929 nullam
1051 1906 1136 1930 mor-

253 1953 325 1979 tem
338 1945 478 1979 dicimus
488 1944 666 1978 naturalem
678 1970 685 1977 .
713 1945 818 1978 Addit
831 1945 917 1987 posse
929 1945 1028 1979 talem
1039 1943 1105 1980 dici
1125 1958 1133 1978 :

218 1999 220 2001 ·
254 1997 344 2039 ,Quia
364 2005 481 2038 nempe
492 2002 609 2027 natura
628 2004 731 2027 nomen
738 1993 830 2035 potest
836 1993 930 2035 facile
947 1994 1086 2038 usurpari
1102 2001 1134 2028 in

253 2053 294 2076 ea
306 2054 373 2085 quae
385 2045 527 2077 videntur
538 2046 558 2076 a
570 2048 750 2077 Nativitate
761 2055 799 2078 ex
811 2045 978 2078 Accidentiae
989 2043 1131 2088 adbtfiffi‘·

247 2093 347 2126 lta&
358 2093 490 2127 Sanctus
513 2093 635 2128 Paulus
649 2093 771 2136 scripfit
789 2104 924 2127 omnem
942 2104 1133 2139 generatum

247 2141 430 2177 'hominem
443 2143 505 2177 effe
517 2153 631 2178 natura
642 2142 748 2177 filium
771 2142 822 2176 irae
832 2167 839 2175 .
868 2143 913 2176 Et
923 2155 965 2178 ex
976 2144 1048 2187 ipso
1060 2144 1135 2178 San-

250 2193 322 2225 &us
348 2191 554 2238 Augustinus
575 2193 739 2238 originale
761 2202 932 2237 peccatum
952 2194 1136 2236 frequenter

250 2242 432 2284 appellavit
453 2243 598 2277 naturale
613 2267 620 2275 .
646 2244 692 2277 Et
717 2254 759 2276 ex
781 2243 840 2277 ista
864 2241 965 2286 phrafi
991 2242 1135 2286 Julianus

250 2290 445 2326 Eclanenfis
471 2293 650 2336 Episcopus
682 2293 807 2337 accepit
826 2293 935 2326 ansam
961 2294 1134 2329 accusandi

254 2340 353 2374 illum
363 2341 404 2376 de
414 2340 600 2379 Manichaea
613 2343 731 2378 Haerefi
749 2366 759 2382 ,
784 2353 821 2376 ac
834 2341 1041 2377 Traduciana
1056 2368 1063 2375 .

303 2391 357 2425 De
369 2392 479 2432 vocis,
507 2400 634 2430 natura,
659 2392 898 2436 significatione
909 2391 1016 2427 scribit
1035 2392 1134 2427 etiam

250 2440 288 2473 in
301 2440 364 2473 suis
376 2464 387 2480 ,
411 2441 430 2474 a
444 2440 571 2475 Photio
582 2442 958 2484 Constantinopolitano
973 2443 1134 2486 Episcopo

244 2487 385 2537 >redactis
410 2489 445 2522 in
472 2488 704 2532 compendium
727 2515 739 2530 ‚
764 2490 969 2526 orationibus
994 2493 1127 2526 Sanetus

249 2538 415 2586 Eulogius
423 2536 610 2572 Patriarcha
623 2538 874 2574 Alexandrinus.
888 2540 1049 2576 Adfirmat
1068 2542 1133 2584 pal-

247 2596 339 2622 mare·
350 2588 501 2620 omnium
519 2587 787 2622 Nestorianarum
805 2600 843 2623 ac
854 2588 1131 2632 Eutychianarum

249 2638 361 2672 litium
379 2636 633 2671 fundamentum
655 2638 688 2671 ὃς
711 2638 872 2681 originem
886 2639 949 2672 effe
961 2640 1109 2675 Errorem
1121 2666 1131 2682 ,

249 2689 308 2732 qui
336 2683 512 2721 confundit
535 2687 698 2721 Naturam
717 2687 989 2731 &Hypostafim.
1018 2688 1131 2734 Atque

249 2737 454 2781 prosequitur
465 2750 472 2769 :
499 2738 625 2770 Etenim
635 2748 700 2769 cum
711 2738 844 2771 dicamus
854 2750 946 2771 unam
955 2745 988 2771 in
1001 2741 1131 2773 Trinita-

248 2795 281 2820 τε
292 2791 452 2819 Naturam
463 2786 674 2830 esse‚neceffario
688 2787 844 2820 dicendum
850 2795 908 2822 erit
918 2799 1008 2821 unam
1018 2800 1130 2832 quoque

249 2836 304 2879 effe
322 2835 505 2883 Hspostafim.
532 2839 594 2871 Aut„
594 2835 624 2878 st
629 2844 688 2869 tres
699 2836 862 2880 Hypostases
872 2860 884 2876 ,
910 2843 1038 2871 Natura
1059 2851 1127 2881 quo-

248 2892 349 2928 quein
371 2893 432 2919 tres
450 2891 507 2918 erit
520 2887 689 2928 partienda
711 2887 854 2920 naturas.
881 2891 955 2922 Ηιηι·
977 2895 1130 2923 commenti

245 2934 420 2978 funalem?
427 2936 478 2979 effe
488 2938 649 2968 Naturam
657 2954 674 2974 ,-
695 2937 729 2969 <9
741 2938 824 2970 aliud
833 2938 994 2980 effintiam.
1026 2942 1128 2973 Natu·

248 2984 442 3027 ram'sursus
460 2984 635 3028 diviserunt
652 2990 684 3017 in
697 2988 890 3028 Genauam,
915 2990 949 3021 (ν’
961 2987 1126 3030 singulares

248 3032 406 3068 JNa'turas.
433 3038 480 3069 Et
489 3046 557 3068 cum
565 3036 610 3067 ad
618 3034 852 3079 sergiumfi-rt'bit
861 3039 984 3071 severus
994 3051 1004 3080 ;
1017 3050 1109 3078 unam
1116 3061 1128 3078 ,

247 3090 348 3125 inquit
361 3109 371 3124 ,
392 3083 673 3127 effintiamcbn'stt
692 3086 743 3128 effe
763 3086 906 3120 voluimus
938 3088 1032 3121 dicere
1052 3112 1065 3128 ,
1090 3100 1129 3123 ne

247 3139 478 3172 concurrentium
488 3133 687 3174 differentiam
698 3134 882 3177 auferamus.
908 3141 996 3170 Nam
1005 3139 1058 3171 vel
1065 3149 1127 3172 una

242 3183 433 3227 fmrlyara
459 3186 577 3227 essentia
595 3191 656 3216 aut
671 3187 765 3227 &tiam
786 3188 929 3228 qualitate
951 3211 962 3226 ,
988 3190 1128 3229 quomodo

249 3232 359 3275 manfr
367 3237 557 3267 Naturarum
571 3257 582 3274 ,
606 3235 644 3266 'ex
654 3233 759 3275 quibus
770 3247 845 3270 unus
862 3235 958 3276 existit
968 3235 1104 3278 cbristus
1116 3263 1127 3280 ,

248 3280 410 3324 Teranksm
425 3284 598 3327 “Effemiam
621 3283 813 3324 differentia?
831 3284 946 3327 fienim
970 3297 1031 3319 una
1053 3299 1126 3330 qua-

199 3333 206 3339 ’
248 3332 374 3373 marest
384 3344 387 3347 ·
399 3333 594 3375 &essentia-,¹
603 3331 878 3377 frustm-dunceps
886 3342 972 3377 ponit
989 3334 1126 3376 diffirm-

249 3386 345 3414 tiam·.
364 3384 415 3423 -Ες
428 3381 510 3425 >sane
526 3383 642 3426 quibusv
646 3382 855 3423 fundamentis
877 3390 963 3418 nixus
981 3396 1072 3419 unam
1082 3386 1126 3430 as-

245 3428 344 3474 serere
358 3432 520 3474 Ejfentiam
534 3456 546 3472 ,
572 3434 697 3466 Severus
719 3433 829 3476 recusat
838 3433 944 3478 eifit'em
955 3460 965 3476 ‚
988 3436 1040 3469 vel
1048 3442 1125 3471 invi-

351 3480 458 3521 christ.
473 3486 555 3526 Lupi
564 3486 649 3525 Oper.
663 3485 740 3516 Tom.
754 3488 790 3516 11.

1189 302 1337 335 Nonnulli
1356 309 1444 343 porro
1452 312 1488 333 ex
1510 303 1774 342 impudentioribus
1785 307 1963 345 Naturam,
1991 308 2065 339 Per->

1183 351 1290 394 sonam
1301 375 1311 391 ‚
1338 352 1485 394 essentiam
1505 351 1583 383 idem
1603 353 1652 394 effi’
1678 355 1872 387 admittentes
1885 378 1896 394 ,
1922 365 1978 387 non
1999 354 2063 387 bor-

1187 411 1309 435 ruerunt
1341 400 1501 442 adfirmare
1529 407 1618 433 etiam
1640 407 1672 433 in
1703 404 1809 435 sanc‘Ia
1827 405 1978 437 Trinitate
1999 412 2060 437 tres

1187 453 1238 495 effi!
1260 452 1432 494 Essentias‚
1459 453 1564 485 &tres
1587 453 1688 490 Deos,
1714 453 1815 485 &tres
1829 456 1964 487 Deitates
1977 478 1988 494 ,
2011 453 2065 494 etse*

1187 513 1243 534 non
1270 501 1357 535 verbo
1383 527 1393 542 ‚
1420 511 1518 534 mente
1544 509 1646 533 tamen
1672 502 1789 533 docent.
1814 505 1859 534 Et
1885 503 1919 536 hi
1943 504 2061 546 quidem

1186 554 1371 585 damnantur
1381 575 1391 591 ,
1419 554 1502 585 velut
1515 560 1574 583 tres
1588 552 1737 594 Effentias
1759 557 1791 583 in
1802 554 1946 586 Trinitate
1961 554 2064 594 prodis

1180 601 1259 645 giol'e
1278 604 1437 639 cudentes,
1463 601 1576 634 bivero
1599 602 1677 643 quod
1688 613 1745 633 non
1763 603 1882 641 proprie
1897 606 1989 635 Deum
2003 606 2065 635 Pa.-

1186 660 1281 692 trem‚
1309 660 1360 684 aut
1374 653 1488 685 Filium
1500 676 1509 690 ,
1535 659 1589 684 aut
1602 654 1747 692 spiritum
1757 650 1898 683 sanetum
1918 654 1977 686 dici
1999 663 2063 685 cem

1181 700 1270 744 seant
1283 726 1290 733 .
1317 701 1366 741 Isti
1388 712 1460 734 vero
1476 701 1599 743 fortaffe
1613 700 1673 742 fini
1685 724 1696 740 ,
1722 705 1772 742 qui
1792 708 1912 733 tantum
1926 700 2063 743 fignata'lt

1182 748 1234 793 seu
1251 750 1435 794 figurativas
1455 756 1655 791 proprietates
1674 759 1789 791 putant
1811 750 1863 793 effe
1884 749 2061 792 Hypostases.

1187 804 1236 832 Ita
1256 806 1288 833 in
1298 800 1425 834 multas*
1429 799 1592 843 sententias
1616 802 1650 834 (ς
1662 811 1769 833 errores
1792 801 1863 832 alios
1873 799 1989 833 illorum
2008 799 2064 842 dis-

1183 848 1265 893 sec‘la
1280 848 1513 893 seHaprogr-effa
1534 849 1590 889 est:
1618 851 1879 893 Quemadmodum
1904 850 1938 881 (π’
1958 850 1995 883 de
2006 847 2069 895 diff

1183 899 1316 941 ferentia
1335 906 1567 933 concurrentium
1590 905 1623 932 in
1633 899 1746 939 Christo
1756 903 1948 932 Naturarum
1960 924 1968 931 .

1240 948 1488 993 Eutychianista
1501 951 1636 983 Severus
1645 947 1894 994 pertinacissime
1913 948 2017 983 voluit
2032 949 2066 985 in

1190 998 1326 1033 Christo
1340 1000 1493 1033 Domino
1513 1000 1576 1033 effe
1588 993 1720 1033 unicam
1741 999 1790 1035 uti
1803 1001 1972 1043 personam
1985 1024 1996 1040 ‚
2022 1000 2068 1034 ita

1189 1050 1222 1083 &
1236 1059 1404 1083 naturam:
1432 1050 1595 1083 Naturam
1619 1061 1656 1084 ac
1667 1049 1843 1084 Personam
1866 1051 1929 1083 effe
1939 1049 2067 1091 penitus

1190 1097 1277 1132 idem
1294 1124 1301 1130 .
1334 1098 1459 1133 Verum
1489 1096 1633 1133 humana
1665 1109 1763 1143 atque
1781 1099 1908 1132 Divina
1939 1099 2068 1134 Natura

1190 1147 1359 1191 quomodo
1377 1148 1495 1191 poffint
1505 1151 1567 1183 effe
1589 1149 1702 1183 eadem
1715 1151 1731 1181 ,ἶ
1759 1149 1851 1183 Hinc
1863 1149 1948 1182 inter
1960 1149 2069 1186 Severi

1191 1199 1357 1232 sectatores
1366 1196 1500 1239 quidam
1519 1197 1735 1233 distinxerunt
1749 1199 1928 1233 Effentiam
1952 1209 1990 1233 ac
2001 1198 2071 1234 Na-

1191 1256 1295 1281 turam
1306 1271 1318 1288 ,
1342 1247 1474 1291 quidam
1486 1248 1717 1283 confuderunt.
1746 1247 1872 1283 Priores
1885 1248 1919 1282 in
1935 1245 2070 1284 Christo

1191 1298 1343 1331 Domino
1355 1297 1434 1331 duas
1445 1299 1591 1333 essentias
1602 1300 1776 1342 posuerunt
1788 1322 1799 1339 ,
1819 1298 1951 1333 unicam
1964 1299 2070 1334 Natu:

1192 1356 1259 1380 ram
1283 1371 1290 1378 .
1316 1346 1514 1382 Posteriores
1546 1346 1612 1382 hoc
1643 1348 1871 1393 improbarunt
1891 1373 1902 1389 ‚
1929 1347 2071 1391 ideoque

1193 1397 1242 1430 uti
1256 1396 1290 1429 in
1303 1396 1456 1429 Domino
1467 1408 1566 1430 unam
1580 1397 1741 1431 Naturam
1752 1421 1763 1437 ‚
1788 1397 1964 1431 Personam
1975 1406 2072 1439 atque

1192 1445 1360 1480 essentiam
1379 1471 1391 1487 ,
1420 1447 1466 1480 ita
1488 1446 1523 1480 in
1549 1446 1674 1481 Divina
1697 1446 1869 1487 Majestate
1894 1447 2073 1490 posuerunt

1195 1506 1277 1536 tres,
1304 1496 1352 1528 uti
1366 1495 1525 1530 Personas
1538 1520 1548 1535 ,
1573 1497 1622 1530 ita
1637 1497 1671 1531 &
1683 1496 1844 1530 Effemias
1862 1504 1959 1539 atque
1968 1495 2074 1530 Natu-

1194 1557 1257 1579 ras.
1290 1546 1341 1579 Hi
1365 1547 1438 1579 sunt
1459 1556 1499 1579 ex
1522 1544 1736 1587 Theodosio,
1762 1544 2074 1582 AlexandriaePseu·

1195 1594 1435 1630 do-Patriarcha
1461 1619 1473 1635 ,
1499 1596 1567 1629 nati
1600 1596 1679 1630 novi
1703 1595 1848 1636 Ariani,
1878 1594 2074 1630 Tritheitae.

1196 1644 1265 1678 Alii
1276 1644 1470 1679 erubuerunt
1481 1643 1522 1679 de
1535 1644 1596 1679 hac
1608 1646 1758 1680 scelerata
1771 1644 1974 1689 Blasphemia
1987 1658 1994 1677 :
2017 1646 2075 1680 sal-

1196 1705 1262 1729 tem
1283 1706 1339 1729 ore
1374 1695 1526 1731 dixerunt
1546 1707 1648 1729 unam
1671 1695 1831 1729 Naturam
1858 1705 1955 1739 atque
1974 1695 2076 1730 effen-

1196 1745 1276 1779 tiam
1288 1770 1295 1777 .
1322 1745 1432 1780 Etiam
1442 1753 1504 1779 tres
1515 1745 1672 1780 Personas
1695 1756 1762 1780 non
1776 1746 1849 1779 sunt
1858 1746 1921 1779 auli
1939 1756 2074 1790 negare.

1197 1796 1288 1828 Hinc
1299 1794 1480 1829 reciderunt
1501 1795 1534 1828 in
1548 1794 1621 1829 Arii
1632 1795 1888 1839 Blasphemiam:
1916 1795 2076 1839 Compul-

1197 1846 1217 1879 fi
1241 1847 1314 1879 sunt
1325 1846 1416 1880 fateri
1440 1856 1508 1879 non
1521 1845 1578 1879 nifl
1599 1846 1731 1880 unicam
1751 1845 1927 1880 Personam
1947 1846 2010 1879 effe
2023 1857 2076 1879 ve-

1198 1906 1267 1928 rum
1278 1897 1388 1930 Deum
1405 1920 1415 1935 ,
1440 1896 1581 1938 ideoque
1601 1895 1706 1930 duasa
1732 1906 1803 1929 vera
1814 1895 1947 1929 Deitate
1969 1895 2074 1942 excluf

1197 1944 1277 1978 dere
1294 1969 1302 1976 .
1329 1946 1425 1978 Hine
1453 1946 1596 1987 ipsorum
1617 1946 1719 1989 aliqui
1752 1944 1948 1979 blaterarunt
1974 1946 2075 1982 trium

1199 1994 1396 2029 Divinarum
1408 1993 1624 2029 Personarum
1637 1995 1856 2038 Proprietates
1868 2007 1935 2029 non
1949 1997 2011 2030 effe
2024 2006 2074 2029 voe

1198 2055 1249 2078 ras
1259 2044 1460 2087 Hypostases
1472 2068 1483 2084 ,
1511 2045 1562 2078 sed
1574 2045 1713 2088 signatas
1723 2043 1893 2079 dumtaxat
1904 2068 1914 2084 ,
1941 2057 1978 2079 ac
1991 2046 2075 2089 figu-

1197 2093 1330 2128 rativas.
1359 2094 1407 2127 Ita
1418 2093 1553 2127 Haerefis
1575 2094 1721 2136 procedit
1743 2094 1784 2128 de
1805 2097 1909 2128 err'ore
1933 2095 1966 2130 in
1990 2106 2076 2128 erro-

1197 2154 1267 2178 rem
1284 2168 1295 2184 ,
1320 2142 1361 2178 de
1382 2142 1585 2187 Blafphemia
1606 2144 1640 2177 in
1664 2142 1900 2188 Blasphem'iam
1920 2169 1927 2177 .
1957 2145 2000 2178 Et
2022 2145 2075 2180 ad.-

1198 2195 1321 2227 versum
1331 2193 1407 2227 illos
1416 2193 1549 2227 sanstus
1562 2193 1722 2240 Eulogius
1731 2195 1868 2229 affirmat
1884 2195 2072 2236 erientiam,

1198 2254 1235 2277 ac
1255 2243 1419 2277 Naturam
1435 2242 1500 2278 ‘dre
1519 2254 1622 2278 unum
1645 2245 1679 2291 dc
1703 2244 1792 2279 idem
1813 2270 1819 2276 .
1845 2243 1946 2290 Qod
1968 2246 2074 2287 ipsum

1197 2302 1309 2328 contra
1330 2293 1460 2328 eosdem
1482 2304 1603 2327 errores
1616 2294 1801 2328 constanter
1819 2288 1928 2328 scribit
1940 2296 2074 2329 Sanctus

1199 2342 1386 2377 Anastafius
1405 2343 1546 2377 Sinaita:
1575 2345 1664 2387 ,Quid
1683 2343 1721 2384 est
1732 2346 1867 2378 natura?
1893 2349 2017 2378 Natura
2037 2356 2073 2379 ex
2089 2340 2125 2370 C·
2149 2349 2181 2371 ²·

1198 2392 1320 2434 Apostoli
1340 2392 1518 2433 Institutione
1532 2417 1543 2433 ‚
1566 2393 1604 2433 est
1625 2388 1844 2436 omnequadssin
1858 2400 1989 2428 veritate
2009 2401 2075 2429 exl-

1191 2441 1265 2483 stit,
1292 2453 1344 2476 nec
1364 2444 1384 2475 ἃ
1401 2440 1464 2485 sola
1486 2442 1695 2485 Phantafiafi
1754 2455 1811 2484 ur,
1841 2445 1878 2478 de
1898 2456 1954 2487 quo
1971 2445 2072 2487 postea

1193 2491 1327 2533 copiofius
1338 2512 1351 2524 ,ι
1372 2491 1499 2534 Ecclefia
1509 2495 1666 2526 Naturam
1739 2503 1774 2526 at
1783 2491 1878 2535 ipsam
1900 2506 1998 2528 rerum
2009 2501 2072 2529 exl-

1191 2541 1332 2582 steutt'um
1364 2547 1518 2575 veritatem
1539 2566 1549 2582 ,
1567 2541 1634 2582 five
1652 2544 1686 2574 id
1704 2544 1783 2584 quod
1800 2543 1931 2585 Effentia
1952 2544 2071 2578 illarum

1194 2590 1311 2632 instrum
1321 2589 1374 2631 est.
1401 2595 1531 2624 Natura
1542 2592 1649 2624 dicitur
1661 2594 1682 2624 ᾶ
1692 2591 1836 2636 nas'cendo
1847 2616 1857 2632 ,
1883 2594 1918 2626 <it
1929 2594 2009 2635 quod
2008 2593 2048 2636 fit
2054 2606 2070 2635 g,

1189 2640 1242 2683 seu
1264 2640 1384 2681 existat.
1409 2642 1488 2674 sicut
1511 2642 1546 2674 (α
1566 2639 1652 2682 Usta,
1677 2643 1812 2686 Effemia
1834 2643 1963 2684 dicitur,
1990 2644 2074 2691 quast⁴

1194 2690 1276 2732 Ufia,
1305 2694 1372 2722 Em
1385 2715 1396 2731 ,
1421 2689 1563 2730 Existens
1585 2714 1597 2730 ,
1622 2702 1691 2733 quae
1710 2702 1780 2726 vere
1799 2698 1961 2734 concipitur
1984 2716 1995 2733 ,
2016 2691 2069 2737 seu
2094 2720 2128 2746 a*

1192 2746 1334 2783 cogitatur
1356 2740 1424 2784 effe.
1449 2743 1594 2781 Natura,
1623 2742 1658 2775 o
1671 2740 1755 2782 Usta,
1775 2740 1829 2784 seu
1853 2743 2007 2785 Effenna,
2033 2745 2069 2781 φ

1193 2792 1293 2823 Genus
1306 2813 1317 2828 ,
1341 2791 1376 2823 Θ
1380 2788 1482 2830 forma
1496 2802 1584 2823 unum
1594 2791 1729 2833 idemque
1741 2791 1985 2834 in'Ecclefiasticis
1998 2768 2098 2838 dog)

1192 2839 1322 2873 mutibus
1335 2837 1501 2883 fignificant
1522 2852 1533 2872 .·
1559 2842 1817 2884 ‚Quemadmodum
1840 2845 1937 2876 Panis
1951 2866 1962 2883 ‚
1988 2836 2070 2880 Frus-

1183 2889 1292 2929 stulum
1302 2913 1313 2929 ‚
1325 2890 1361 2923 <St
1369 2890 1504 2923 Buccella
1512 2891 1591 2923 idem
1596 2889 1708 2932 sonant
1718 2916 1726 2924 .
1754 2892 1964 2927 Demonstrat
1976 2891 2068 2936 Apo·

1192 2940 1309 2973 stolum
1321 2962 1332 2979 ‚
1357 2937 1442 2973 dum
1449 2939 1533 2974 dixit
1547 2951 1660 2975 natura
1679 2941 1742 2975 efle
1752 2941 1855 2976 Filios
1869 2941 1926 2975 Irae
1937 2967 1947 2982 ‚
1973 2943 2067 2978 fuisse

1190 2988 1338 3023 locutum
1358 2988 1554 3032 improprie,
1578 3001 1615 3024 ac
1626 2991 1750 3035 pergit:
1776 2996 1901 3025 Natura
1925 2992 1962 3024 id
1976 2984 2066 3025 nomi'-

1190 3048 1301 3079 natur,
1328 3040 1407 3081 quod
1420 3039 1606 3081 effentialiter
1616 3038 1706 3082 seita
1715 3040 1805 3075 habet
1818 3054 1827 3084 ;
1848 3040 1921 3083 ficut
1932 3051 2041 3075 natura
2054 3066 2066 3082 ,

1184 3087 1235 3131 seu
1260 3089 1438 3121 naturaliter
1457 3089 1527 3121 lucis
1550 3099 1660 3123 natura
1677 3092 1722 3123 ad
1740 3092 1970 3125 illuminandum
1975 3090 2064 3132 fac‘lq

1189 3138 1241 3178 est.
1267 3140 1311 3169 Et
1319 3141 1398 3181 ignis
1425 3139 1602 3172 naturaliter
1604 3147 1776 3181 procreatus
1799 3141 1837 3181 est
1847 3141 2042 3175 adurendum
2053 3166 2061 3177 .

1188 3190 1232 3220 Et
1245 3190 1344 3221 Terra
1352 3195 1464 3220 natura
1480 3190 1599 3222 condita
1619 3189 1679 3231 ost,
1705 3199 1739 3224 ut
1743 3197 1880 3236 germina
1896 3189 2059 3231 proferret.

1187 3241 1268 3270 Hanc
1289 3244 1387 3270 autem
1396 3238 1619 3279 Traditionem,
1647 3251 1682 3273 ac
1691 3244 1825 3276 Natura
1843 3240 2062 3282 definitionem,

1187 3299 1277 3329 quam
1298 3298 1335 3321 ex
1347 3293 1443 3321 veteri·
1464 3289 1498 3320 (a
1514 3299 1590 3323 novo
1600 3288 1779 3329 Testamenta
1790 3300 1866 3323 nunc
1884 3291 2060 3331 attulimus,

1188 3347 1279 3379 neque
1297 3336 1407 3370 notior
1420 3360 1431 3377 ,
1457 3349 1549 3380 neque
1572 3340 1698 3383 Angelus
1720 3341 1758 3372 de
1779 3339 1859 3374 coelo
1876 3350 2016 3381 umquam
2026 3346 2060 3373 in

1189 3392 1385 3420 aeternitatem
1405 3389 1589 3431 expugnabit
1609 3398 1661 3421 aut
1681 3398 1795 3423 evertet
1818 3413 1825 3421 .
1854 3389 1897 3423 Et
1915 3386 1986 3423 haec
2005 3391 2058 3423 sua

1189 3436 1269 3471 dicta
1290 3437 1395 3478 firmat
1417 3448 1458 3472 ex
1471 3438 1602 3482 Magno
1612 3438 1730 3475 Basilio
1751 3439 1785 3474 in
1797 3439 1912 3475 litteris
1933 3438 1972 3472 ad
1984 3440 2061 3475 San-

1572 3487 1603 3522 R
1630 3499 1645 3521 r
1695 3499 1718 3527 2
1924 3490 2010 3523 stum
