2340 3736
706 140 796 187 AD
829 137 1179 183 EPHESINUM
1213 136 1664 185 LArnocmmM.

1954 157 2046 203 231

288 225 420 257 direxit.
448 218 728 265 ,Quisanblifiimus
740 232 799 254 non
822 221 963 254 dubitans
979 218 1013 263 se
1033 225 1066 253 in
1087 219 1170 253 nobis
1232 219 1325 253 suum
1337 215 1586 253 Antiochenam
1599 244 1611 260 ‚
1635 221 1798 266 reposuit:
1827 224 2002 267 Legamur,
2026 227 2117 261 &in-

290 273 338 306 hic
346 271 438 315 adeffe
450 295 461 311 ‚
486 282 558 313 quos
576 272 730 314 praecipue*
744 270 884 316 cognossit
904 275 1002 304 omnia
1013 292 1024 309 ‚
1048 281 1115 312 quae
1130 270 1174 302 ad

282 322 359 366 fidei
369 320 529 355 Catholicae
542 319 761 364 sinceritatem,
787 324 822 357 (θ’
843 334 912 365 quae
921 322 967 354 ad
974 320 1075 355 sandi}
1086 322 1172 354 Petri

287 371 412 415 qustolt'
439 376 592 414 pertinent
611 378 829 411 reverentiam,
863 383 973 417 agere,
1006 376 1059 413 qui
1080 375 1171 403 etiam

285 431 342 466 per
351 433 405 455 nos
416 423 463 455 ad
472 420 597 463 vestram
608 424 836 457 Becm'tudinem
846 431 989 467 congruas
1001 418 1171 464 fundorum

288 475 420 507 Patrum
438 474 567 507 Concilio
577 474 693 508 direxit
713 472 862 516 Epistolas
876 495 887 510 2
912 482 989 513 qum*
1005 466 1116 513 sufiipi
1135 471 1169 503 Θ

285 521 609 566 recenfhripraecipite.
637 522 831 558 Patriarcbae
850 520 890 555 ad
911 518 1087 564 Synodum
1109 520 1171 554 Le-

285 583 384 617 gatos
395 585 464 607 non
474 573 537 607 effe
549 574 606 618 ipfi
618 571 813 608 Patriarchae
823 570 1067 614 aequiparandos
1077 595 1089 612 ,
1111 581 1170 604 nec

283 622 356 666 ejus
365 623 440 657 loco
450 623 484 656 ἀ
495 624 615 658 caeteris
630 622 848 667 praerogativis
860 620 1034 656 donandos
1045 645 1056 661 ,
1083 618 1170 654 ideo-

284 684 352 717 que
371 673 500 716 Synodi
521 672 787 712 Praefidentiam,
814 671 972 707 Romano
1007 671 1170 715 Episcopo

285 734 344 768 per
354 723 509 758 Canones
518 722 659 757 debitam
667 747 687 763 ,.
704 721 773 765 ejus
786 721 925 756 absentis
945 722 1080 767 Legatis
1100 732 1169 755 non

285 774 467 807 convenire
479 796 492 813 ,
516 772 616 806 sedin
629 772 692 806 sese
702 772 764 806 effe
774 771 966 807 devolutam
979 769 1170 807 adfirmabat

285 824 492 862 Dioscorus,
518 821 646 866 istoque
659 823 738 856 fuco
748 822 911 857 violenter
930 822 1063 856 invafit.
1090 822 1170 856 Hoc

283 871 552 916 ejusphantafina
563 872 700 907 Hilarus
721 873 861 914 evertit,
884 872 996 907 dicens
1020 871 1166 906 Romani

283 922 459 956 Pontificis
478 924 647 965 personam
669 923 770 966 usque
788 922 852 957 huc
875 933 1045 966 nunquam
1064 922 1172 965 praese-

275 972 365 1005 ›difle
376 972 580 1017 generalibus
590 972 736 1017 Synodis
746 996 757 1014 ,
785 973 839 1008 sed
850 971 917 1016 ejus
929 974 1052 1017 semper
1068 972 1171 1015 Lega-

282 1031 364 1063 tos‚‹
384 1021 620 1066 Apostolicum
631 1023 672 1058 de
683 1023 844 1067 proposita
867 1023 1044 1065 quaestione
1065 1021 1173 1057 suffra-

283 1072 379 1116 gium
390 1074 424 1107 &
435 1072 665 1108 definitionem
681 1073 974 1117 complectentibus
997 1073 1114 1107 litteris
1125 1072 1172 1106 in-

286 1123 424 1157 struc‘tos
437 1148 447 1165 ‚
459 1123 546 1167 ipsos
555 1123 786 1168 praesediffe,ac
801 1124 925 1168 primos
934 1123 1002 1166 ejus
1014 1123 1086 1157 vice
1097 1122 1172 1158 fuis-

283 1172 316 1206 se
348 1173 563 1219 suffragatos,
588 1172 735 1217 adeoque
752 1173 787 1208 &
808 1173 866 1208 fibi
887 1174 921 1208 &
939 1173 1002 1207 suis
1022 1172 1171 1216 Collegis

287 1222 378 1258 idem
390 1223 426 1256 in
438 1223 500 1257 hac
509 1224 647 1267 Synodo
657 1223 707 1268 jus
716 1222 857 1259 omnino
866 1222 975 1259 deberi
989 1248 998 1255 .
1025 1222 1069 1256 Et
1078 1222 1096 1256 a
1107 1223 1171 1257 sese

281 1270 397 1305 allatas
408 1273 514 1307 Sancti
525 1274 650 1308 Leonis
661 1274 864 1319 dogmaticas
878 1274 1023 1313 litteras,
1051 1272 1102 1307 uti
1125 1282 1172 1306 to-

280 1321 348 1355 tius
359 1321 488 1366 synodi
510 1324 545 1357 ἀ
566 1322 718 1358 omnium
734 1324 771 1359 in
793 1324 861 1367 ipsa
881 1322 1171 1368 suffragaturorum

281 1372 523 1416 Episcoporum
533 1373 645 1409 lumen
655 1373 690 1409 &
711 1373 861 1420 regulam
872 1397 885 1417 ‚
908 1372 1084 1418 postulavit
1096 1382 1172 1407 ante

282 1422 397 1457 omnia
408 1422 474 1469 legi
487 1449 494 1455 .

329 1471 525 1517 Apostolica
534 1473 593 1509 ista
606 1473 755 1518 Epistola
767 1485 884 1510 omnes
896 1474 931 1508 in
950 1471 1170 1517 Eutychiano

278 1529 378 1567 atque
390 1523 580 1559 Eusebiano
598 1524 753 1560 Dioscori
765 1524 897 1559 cerebro
918 1523 1089 1559 fabricatas
1108 1534 1172 1558 tna·

278 1571 395 1607 chinas
417 1573 583 1610 evertebat
598 1599 606 1607 .
634 1575 713 1609 Erat
732 1575 824 1609 enim
843 1574 1034 1619 dogmatica
1060 1574 1167 1609 Sansti

279 1620 405 1657 Leonis
419 1623 515 1667 Papae
526 1623 566 1658 ad
591 1624 744 1659 Sanstum
764 1624 960 1660 Flavianum
981 1623 1168 1659 Constanti·

279 1671 512 1715 nopolitanum
534 1674 735 1719 Episcopum
764 1674 912 1718 Epistola
923 1700 934 1716 ,
974 1673 1170 1718 Eutychetis

278 1732 401 1757 errores
411 1747 423 1763 ,
450 1724 499 1758 uti
512 1722 716 1767 Apollinaris
727 1735 782 1759 aut
793 1723 973 1760 Manichaei
985 1724 1147 1759 surculum
1158 1747 1170 1765 ,

277 1771 529 1814 condemnans,
555 1773 693 1808 datasin
706 1774 811 1818 ipsum
830 1774 1048 1810 anathematis
1068 1775 1104 1809 δε
1116 1772 1170 1808 de-

277 1820 483 1866 gradationis
501 1822 648 1858 aSansto
671 1823 832 1859 Flaviano
856 1825 1036 1859 sententias
1055 1824 1170 1858 confir-

277 1883 373 1907 mans
383 1895 396 1912 ‚
420 1872 633 1908 &laudatum
645 1873 841 1909 Flavianum
852 1873 1024 1908 absolvens
1047 1873 1089 1907 ab
1100 1885 1167 1907 om·

275 1921 375 1956 nibus
386 1921 454 1965 ejus
464 1922 736 1967 appellationibus
745 1949 756 1965 ‚
782 1923 901 1959 libellis
911 1924 1168 1965 contestatoriis,

277 1972 414 2016 aliisque
437 1970 592 2008 haereticis
608 1974 838 2019 nugamentis.
866 1973 960 2008 Hinc
987 1974 1166 2009 Dioscorus

277 2020 481 2066 nihilmagis
491 2022 625 2064 timuit,
650 2024 882 2066 quamlitteras
896 2023 971 2059 istas
996 2024 1168 2069 Episcopis

278 2071 506 2112 innotescere,
531 2073 567 2107 &
590 2071 727 2116 Synodo
736 2074 880 2109 recitari.
908 2074 1062 2110 Omnino
1082 2085 1169 2109 vera-

276 2121 359 2154 citer
369 2120 521 2157 adversus
531 2121 626 2157 illum
639 2122 723 2157 dixit
734 2124 768 2156 in
783 2122 1042 2158 Chalcedonenfi
1064 2124 1169 2166 Syno-

276 2170 324 2204 do
338 2169 455 2205 AEtius
467 2169 757 2207 Archi-Diaconus
768 2173 916 2208 Ecclefiae
930 2173 1168 2208 Constantino-

276 2219 432 2264 politanae
445 2235 456 2255 :
483 2226 591 2265 Neque
594 2220 732 2266 sitsi-epta
743 2222 781 2263 est
790 2223 923 2266 Epistola
933 2247 946 2264 ,
970 2234 1061 2265 neque
1070 2222 1147 2258 Iec‘la
1157 2248 1164 2256 .

277 2269 433 2314 Dioscorus
438 2270 550 2314 septies
563 2275 688 2314 juravit
708 2285 807 2308 eoram
827 2273 962 2307 omnibus
981 2285 1049 2308 eam
1065 2273 1167 2315 facere

275 2326 418 2362 recitari,
444 2322 698 2363 &nonestlec‘las
725 2327 775 2357 Et
797 2326 970 2367 pejeravit,
994 2329 1067 2368 quia
1082 2326 1169 2366 jura-

275 2376 326 2405 vn
339 2395 346 2403 .

327 2420 540 2464 Apostolicas
551 2422 591 2457 ad
603 2422 776 2467 synodum
789 2424 913 2460 litteras
933 2423 1040 2466 palam
1053 2425 1169 2458 refuta-

275 2481 312 2506 re
332 2471 396 2505 fuit
416 2471 502 2514 apud
524 2483 659 2508 omnem
682 2474 807 2518 semper
831 2474 1010 2509 Ecclesiam
1037 2474 1167 2519 gravius

275 2531 412 2565 peccato
423 2521 585 2555 ariolandi
600 2547 607 2554 .
634 2524 728 2557 Hinc
751 2534 818 2559 arte
842 2524 876 2557 ἀ
897 2523 979 2558 dolo
996 2525 1060 2559 fuit
1083 2525 1167 2559 Dio·

275 2571 372 2605 scoro
382 2581 481 2613 opus.
512 2570 628 2607 Parere
652 2584 751 2616 atque
777 2574 935 2608 vetustam
954 2574 1166 2617 Synodorum

276 2620 425 2664 regulam
437 2621 595 2656 servatam
608 2623 638 2656 se
650 2623 731 2656 velle
738 2622 891 2658 fimulans
900 2623 942 2657 ad
953 2623 1063 2658 Hilari
1087 2625 1165 2659 Dia-

277 2669 358 2704 coni
384 2670 544 2712 postulata
566 2671 690 2707 edixit:
728 2671 937 2716 Sufiipiantur
963 2685 1030 2716 quae
1051 2672 1166 2717 firipta

273 2718 349 2763 sunt
359 2720 402 2752 ad
411 2718 632 2763 hancsandi‘am
644 2724 679 2756 ὑ·
690 2721 888 2766 universalem
899 2725 1042 2762 synodum
1063 2725 1084 2755 ἃ
1092 2723 1167 2767 san-

277 2768 406 2812 “lissima
407 2768 514 2811 fratre
524 2771 615 2810 nostro
639 2771 856 2817 &Coepiscopo
878 2776 985 2808 Leone.
1011 2774 1164 2809 Sanctum

276 2820 448 2859 Leonem,
475 2831 572 2863 quem
583 2822 715 2857 Patrem
734 2823 768 2857 ὃ(
790 2821 1107 2868 Archi-Episcopum
1127 2825 1164 2858 ti-

278 2869 383 2904 tulare
396 2869 551 2904 debuerat
562 2896 573 2913 ,
585 2883 652 2906 non
665 2873 730 2908 fine
746 2873 827 2909 dolo
837 2873 979 2918 appellat
990 2874 1163 2918 Coepisco-

275 2931 356 2963 pum
380 2920 585 2956 &Fratrem.
612 2922 784 2969 Legendas
802 2922 1020 2959 nihilominus
1042 2924 1164 2959 litteras

275 2971 415 3003 Hilarus
426 2973 570 3012 porrexit
581 2973 701 3016 Joanni
717 2972 913 3018 Presbytero
936 2973 1162 3009 Alexandrino

275 3019 311 3052 &
325 3020 518 3055 Primicerio
528 3022 745 3058 Notariorum
756 3049 763 3056 .
793 3023 920 3059 Verum
931 3023 986 3060 hic
999 3025 1163 3069 Episcopo

276 3070 336 3103 suo
358 3069 528 3106 Dioscoro
548 3071 759 3114 colludebat,
785 3083 883 3119 atque
909 3074 955 3110 ita
986 3075 1161 3110 lestionem

274 3119 372 3154 istam
392 3119 573 3156 diversurus
595 3123 641 3156 est
663 3123 789 3159 versute
818 3125 1054 3160 interlocutus:
1084 3127 1161 3159 Altae

276 3173 405 3204 Divinae
417 3171 526 3204 litterae
536 3171 748 3216 redditaesunt
771 3174 961 3218 Sanfflfieimo
983 3174 1162 3218 Archi-Epi-

269 3217 357 3264 scopo
368 3219 460 3260 nostro
472 3219 602 3264 Dioscoro
611 3247 623 3264 ,
650 3234 717 3265 quae
724 3235 793 3267 prae
816 3226 952 3259 manibus
974 3225 1076 3266 nostris
1089 3224 1162 3268 fiant

277 3271 365 3303 adid
373 3271 456 3313 quod
459 3271 607 3313 placuerit
616 3274 777 3307 Sam‘litati
788 3274 895 3315 Vestrae
906 3301 913 3308 .
944 3276 987 3310 Et
999 3277 1162 3310 Dioscoro

278 3319 379 3354 etiam
397 3321 567 3357 colludens
579 3322 743 3366 Iuvenalis
769 3324 1010 3369 Hierosolymae
1032 3325 1164 3369 Episco-

278 3379 363 3412 pus,
389 3370 545 3416 grandem
569 3372 641 3408 istic
665 3372 886 3408 Patriarcham
905 3375 1096 3415 ostentans,
1121 3376 1165 3410 se·

1228 267 1369 313 serantur
1377 268 1450 311 fidei
1461 274 1705 305 monimentorum
1718 298 1727 306 .

1283 318 1409 354 Divalis
1428 319 1486 353 ista
1498 318 1644 364 Epistola
1665 332 1732 356 erat
1752 322 1794 357 ad
1815 323 2117 360 reverendiffimum

1235 368 1575 412 Archi-Mandrum,
1600 370 1704 404 immo
1714 372 1915 408 monachum
1936 373 2036 419 longe
2058 375 2120 409 hae·

1233 419 1456 456 reticiflimum
1469 430 1565 464 atque
1577 420 1805 465 nequiffimum
1815 423 2006 459 Barsumam
2020 448 2032 465 ,
2045 423 2118 458 An-

1233 469 1380 506 tiocheni
1393 469 1634 505 Patriarchatus
1643 470 1820 516 Episcopos
1831 473 2036 509 Nestorianae
2056 473 2122 508 hae-

1233 522 1305 555 reiis
1316 522 1467 555 accusans
1478 521 1609 564 peffime
1618 545 1630 562 ‚
1655 520 1852 566 laudansque
1859 523 2042 559 monachos
2054 525 2120 558 Eu-

1233 569 1431 614 tychianos,
1456 571 1512 617 qui
1524 570 1708 609 monasticar
1733 571 1907 607 sanctitatis
1927 576 2118 610 auctoritate

1233 620 1319 654 abufi
1332 621 1396 655 suis
1412 618 1611 656 orthodoxis
1628 621 1797 666 Epistopis
1807 625 2054 658 communicare
2063 623 2119 659 de-

1233 673 1424 711 trectarant,
1451 670 1645 706 rebellarant
1654 672 1890 708 contumaciter
1903 695 1915 712 ,
1940 674 1973 706 ἀ
1986 671 2119 708 horren-

1232 720 1283 755 dis
1305 720 1407 755 turbis
1427 731 1562 756 omnem
1584 723 1755 758 Orientem
1776 722 1969 757 arietarant.
2009 722 2119 757 Barsu-

1234 782 1320 806 mam
1332 770 1382 819 uti
1392 769 1490 817 hujus
1498 772 1576 806 sacri
1589 772 1668 807 belli
1679 773 1798 807 ducem
1821 772 1933 807 laudat
1952 771 2121 815 Epistola,

1232 822 1266 855 ὅ(
1286 820 1398 855 addit:
1418 820 1548 870 Justum
1568 823 1621 865 effe
1638 823 1781 858 duximus
1799 831 1883 855 tuam
1903 822 2121 865 Sanllitatem‚

1227 877 1362 913 puritate
1376 877 1454 905 vitae
1462 871 1647 907 &catholica
1657 872 1717 917 fide
1732 873 1916 916 probabilem
1925 895 1936 912 ‚
1961 874 2007 906 ad
2017 871 2123 914 Ephe-

1226 919 1446 967 finampergere
1454 928 1631 963 civitatem,
1660 924 1796 958 &locum
1818 929 1967 958 tenentem
1991 928 2123 957 omnium

1232 970 1506 1019 religiosissimorum
1537 972 1625 1006 Archi
1637 991 1649 999 -
1660 974 1888 1009 Mandritarum
1923 973 2123 1006 Orientalium

1234 1020 1497 1065 confideresancqae
1507 1024 1635 1065 synodo,
1659 1026 1773 1058 &cum
1789 1025 1861 1059 aliis
1879 1021 1997 1069 fandis
2021 1026 2127 1056 Patri-

1235 1072 1291 1104 bus
1313 1073 1346 1106 &
1356 1076 1387 1104 E
1385 1070 1513 1119 piscopis
1525 1085 1593 1116 quae
1599 1072 1674 1117 sunt
1686 1078 1812 1108 Domino
1825 1075 1943 1117 placita
1964 1074 2102 1108 ordinare
2113 1097 2124 1105 .

1236 1121 1308 1155 Hic
1319 1121 1365 1156 est
1381 1123 1505 1167 primus
1518 1121 1699 1160 monachus
1708 1149 1720 1165 ,
1746 1124 1801 1159 cui
1814 1125 1848 1159 in
1861 1124 2003 1170 generali
2015 1125 2124 1166 Syno-

1234 1171 1279 1206 do
1291 1171 1403 1207 datum
1416 1172 1461 1206 est
1475 1173 1667 1218 suffragium
1689 1174 1899 1209 definitivum
1909 1199 1917 1207 .
1946 1175 2059 1209 Hasce
2077 1183 2125 1207 er-

1234 1221 1280 1266 go
1293 1221 1416 1257 litteras
1429 1222 1510 1267 legit
1534 1223 1675 1267 Joannes
1694 1225 1848 1260 Dioscuri
1868 1223 2064 1269 Presbyter,
2088 1223 2125 1259 &

1235 1281 1316 1305 mox
1328 1273 1469 1315 reposuit
1487 1272 1652 1316 Iuvenalis
1678 1274 1859 1318 Episcopus
1880 1272 2127 1317 Hierosolymi-

1235 1331 1330 1355 tanus
1342 1335 1353 1354 .-
1379 1326 1452 1356 Haec
1464 1324 1566 1358 eadem
1577 1323 1695 1359 &mibi
1705 1322 1821 1366 scripta
1834 1323 1906 1368 sunt
1927 1325 1964 1358 de
1984 1334 2126 1357 reveren·

1234 1371 1356 1415 dissimo
1378 1372 1549 1414 Presbytero
1571 1375 1607 1408 &⁵
1631 1373 1890 1409 Archi-Mandata
1925 1372 2076 1417 Barsuma
2103 1374 2125 1405 ἃ

1231 1420 1378 1465 piissimis
1388 1423 1641 1465 imperatoribus.
1669 1424 1754 1458 Unde*
1777 1423 1999 1459 rationabiliter
2013 1420 2126 1463 interfit

1229 1470 1345 1514 sam‘Jae
1354 1474 1463 1511 synoda
1475 1497 1482 1505 .
1510 1473 1560 1507 Ita
1573 1474 1710 1515 infelix,
1730 1475 1762 1508 &
1774 1474 2048 1518 Apostolicorum
2066 1472 2130 1506 Le-

1233 1532 1387 1566 gatorum
1397 1524 1617 1567 contemptrix
1639 1523 1937 1566 Pseudo-synodus
1950 1522 2127 1566 profanum

1235 1569 1435 1607 monachum
1447 1572 1488 1607 ad
1500 1573 1619 1618 judicis
1630 1573 1759 1618 sedem,
1780 1574 1856 1608 solis
1878 1573 2051 1618 Episcopis
2071 1571 2128 1608 de-

1234 1620 1336 1658 bitam
1349 1647 1360 1662 ,
1386 1622 1533 1658 admifit.

1285 1672 1621 1708 ExindeaDioscoro
1632 1672 1760 1719 rogati,
1786 1685 1867 1708 num
1891 1684 1962 1717 quae
1982 1671 2128 1717 Augusti

1235 1721 1396 1766 Principis
1405 1723 1446 1757 ad
1459 1724 1634 1766 synodum
1647 1724 1803 1759 mandata
1824 1723 1979 1757 haberent
1996 1748 2006 1763 ,
2033 1724 2130 1766 Elpi-

1233 1772 1306 1807 dius
1319 1773 1398 1808 sacri
1411 1773 1605 1809 Confistorii
1631 1774 1776 1815 Comes,
1801 1775 1836 1810 &
1859 1774 2022 1818 Eulogius
2044 1773 2123 1807 Tri·

1235 1822 1340 1856 bunus
1350 1835 1387 1858 ac
1400 1823 1560 1859 Notarius
1573 1824 1787 1859 Praetorianus
1797 1824 1910 1861 dixere
1931 1823 2125 1858 Nestorium

1231 1872 1324 1907 fuisse
1334 1896 1344 1912 ‚
1370 1885 1439 1908 non
1451 1875 1537 1912 Dei,
1564 1874 1617 1908 sed
1628 1874 1751 1909 diaboli
1768 1873 1967 1911 sacerdotem
1980 1898 1990 1914 ‚
2015 1885 2053 1907 ac
2066 1873 2126 1907 mi-

1233 1923 1370 1957 nistrum
1383 1947 1394 1963 ,
1419 1922 1586 1965 justiffime
1596 1924 1788 1959 damnatum
1800 1924 1841 1959 ab
1850 1924 1944 1958 omni
1956 1923 2098 1958 Ecclesia
2112 1935 2124 1966 ;

1231 1972 1394 2017 Principis
1402 1973 1553 2008 adversus
1566 1974 1667 2017 impia
1684 1973 1752 2017 ejus
1763 1973 1920 2020 dogmata
1932 1974 2040 2008 zelum
2055 1973 2126 2007 lau-

1231 2022 1372 2064 darunt,
1397 2023 1588 2068 adidditque
1612 2023 1780 2068 Elpidius:
1808 2024 1927 2068 ‚Qualia
1947 2023 2029 2066 fint,
2047 2035 2126 2065 lquae

1227 2071 1382 2116 piissimus
1403 2078 1566 2115 Imperator
1586 2076 1622 2108 Θ
1648 2075 1730 2109 nobis
1750 2075 1914 2109 mandavit
1930 2098 1941 2113 ,
1974 2075 2009 2107 (θ’
2038 2072 2127 2107 vobis

1225 2122 1355 2165 scribere
1365 2124 1511 2166 dignatus
1524 2123 1563 2166 est
1575 2148 1586 2164 ‚
1611 2124 1687 2158 illico
1704 2123 1824 2165 saclam
1845 2123 2002 2165 manifesta
2020 2148 2032 2164 ,
2058 2133 2126 2156 tan-

1229 2173 1293 2205 tum
1303 2175 1374 2206 ante*
1386 2173 1519 2206 didimus
1539 2175 1683 2215 quantum
1694 2185 1772 2207 unus
1792 2186 1830 2208 ex
1858 2173 1906 2208 bis
1923 2173 2098 2214 constitutus
2112 2198 2126 2214 ,

1230 2227 1280 2265 qui
1285 2221 1343 2266 sub
1367 2223 1448 2256 vobis
1457 2230 1572 2266 pietate
1588 2224 1668 2258 rebla?
1679 2224 1787 2257 imbuti
1803 2223 1878 2269 sunt
1892 2249 1899 2256 .
1927 2225 2022 2257 Hodie
2042 2229 2125 2258 enim

1229 2272 1394 2306 cuneiorum
1410 2277 1552 2307 Dominus
1571 2276 1605 2308 (5
1617 2278 1700 2309 Deus
1721 2274 1849 2310 Verbum
1870 2275 2011 2309 salvator
2035 2273 2125 2308 vobis

1225 2320 1259 2365 se
1269 2325 1516 2364 adjudicandum
1527 2326 1625 2359 tradit
1639 2349 1651 2365 ‚
1676 2326 1711 2359 ὦ*
1718 2331 1839 2367 patitur
1857 2325 2036 2366 judicantes
2049 2348 2060 2363 ‚
2087 2325 2124 2357 (δ’

1231 2372 1353 2405 honorat
1359 2373 1502 2415 potestate
1514 2375 1713 2414 decernendi,
1739 2383 1772 2408 ut
1782 2380 1940 2410 inveniens
1963 2386 2018 2407 vos
2047 2372 2124 2417 de'se

1223 2422 1488 2465 justajudicantes
1511 2426 1546 2460 <5
1567 2424 1614 2456 hic
1634 2423 1822 2469 honorificet,
1851 2426 1886 2460 Θ
1905 2436 2003 2460 coram
2027 2427 2123 2457 Patre

1229 2474 1349 2507 rursum
1360 2473 1532 2516 confiteatur
1545 2498 1552 2506 .
1579 2473 1722 2520 Egregie
1732 2475 1882 2518 praedicat
1895 2473 2053 2519 generalis
2063 2475 2122 2517 Sy-

1231 2524 1536 2568 nodidignitatem.
1571 2524 1615 2558 Et
1637 2536 1709 2568 quae
1728 2527 1791 2559 esse
1811 2525 1904 2567 poffit
1930 2522 2123 2559 hominibus

1230 2573 1401 2617 Episcopis
1425 2572 1529 2615 major
1552 2575 1718 2617 dignitas,
1747 2584 1845 2615 quam
1865 2574 1962 2617 ipfius
1987 2574 2122 2607 Divinae

1228 2623 1409 2667 Maiestatis
1427 2626 1489 2658 este
1508 2624 1649 2665 judiceS,
1675 2625 1710 2658 ὅ(
1734 2623 1775 2657 de
1796 2621 1973 2660 tremendis
2000 2623 2122 2657 Divini

1229 2673 1425 2708 Confistorii
1462 2674 1625 2718 mysteriis
1659 2675 1857 2719 cognoscere
1892 2674 1926 2707 &
1951 2671 2119 2716 judicare?

1227 2724 1358 2767 Nempe
1382 2722 1417 2756 in
1445 2724 1592 2768 generali
1618 2722 1757 2767 synodo
1782 2735 1851 2759 non
1875 2723 1936 2757 soli
1962 2721 2120 2757 homines

1229 2772 1380 2817 Episcopi
1392 2773 1532 2814 sunt,sed
1544 2774 1578 2807 &
1593 2775 1715 2808 sanstus
1726 2773 1961 2818 Dei-Episcopi
1974 2772 2120 2808 Domini

1228 2823 1421 2867 NostriJesu
1433 2821 1556 2858 Christi
1568 2824 1704 2869 Spiritus
1723 2824 1808 2858 adest
1820 2848 1830 2865 ,
1857 2821 2017 2857 inducens
2043 2822 2119 2858 illos

1228 2875 1261 2907 in
1273 2885 1408 2908 omnem
1419 2874 1587 2909 veritatem
1597 2899 1605 2907 .
1634 2874 1684 2909 At
1696 2875 1730 2908 in
1745 2873 1889 2908 Comitis
1911 2872 2035 2917 Elpidii
2050 2885 2119 2908 ver-

1226 2922 1275 2958 bis
1287 2924 1420 2959 dolosus
1430 2925 1548 2970 anguis
1568 2925 1680 2959 latuit:
1710 2924 1803 2960 Verae
1823 2923 1950 2969 Synodi
1971 2921 2116 2970 dignita-

1225 2985 1272 3009 tes
1284 2974 1464 3010 latrocinio
1478 2975 1642 3019 adscripsit
1655 3000 1663 3009 .

1273 3025 1369 3060 Hinc
1379 3025 1420 3059 de
1429 3025 1556 3068 Synodi
1569 3025 1702 3060 licentia
1722 3024 1810 3060 idem
1837 3024 1960 3059 Comes
1979 3023 2058 3069 legit
2073 3024 2116 3058 sa-

1225 3086 1312 3109 cram
1339 3074 1494 3109 Divalem
1518 3074 1575 3108 fibi
1601 3087 1639 3109 ac
1666 3075 1814 3119 Eulogio
1839 3075 1982 3110 Notario
2005 3074 2117 3108 inscri-

1228 3135 1314 3166 ptam
1326 3148 1338 3165 ‚
1363 3122 1538 3158 habentem
1557 3125 1664 3168 capita
1685 3126 1770 3160 varia
1782 3152 1789 3159 .
1818 3124 1931 3159 Primo
1943 3149 1953 3165 ‚
1980 3124 2116 3158 mandat

1228 3184 1324 3209 motae
1343 3173 1529 3217 quaestionis
1548 3173 1708 3218 judicium
1731 3175 1799 3210 fieri
1826 3175 1898 3216 bis,
1923 3179 1975 3217 qui
1991 3175 2115 3215 pridem

1228 3223 1398 3264 Eutycho-tis
1418 3223 1622 3269 religiofisiimi
1638 3226 1906 3261 Archi-Mandritae
1921 3224 2042 3266 ‚iudices
2064 3235 2116 3257 ex-

1221 3275 1376 3316 stiterunt,
1392 3273 1592 3318 praesentibus
1603 3279 1726 3320 quidem
1750 3274 1979 3315 ommibus,
2001 3275 2111 3308 nullum

1227 3326 1535 3366 eamenjudicannum
1544 3325 1720 3361 habentibus
1735 3327 1826 3359 locum
1836 3350 1846 3366 ,
1860 3323 1919 3368 sed
1929 3336 2111 3359 communem

1227 3382 1354 3409 omnium
1361 3376 1485 3408 aliorum
1491 3374 1661 3419 sanllorum
1675 3374 1995 3419 Patrumsententiam
2010 3373 2113 3418 exspe-

277 3417 418 3463 deteque
438 3423 627 3467 praesumens
647 3433 723 3460 ante
746 3424 921 3461 Domuum
941 3424 1162 3461 patriarcham
1227 3425 1397 3468 flantibus,
1423 3432 1562 3468 quomam
1579 3439 1615 3462 ea
1628 3451 1640 3469 ‚
1664 3438 1733 3471 quae
1745 3427 1858 3462 dudam
1869 3425 1908 3463 ab
1919 3423 1985 3469 ipfis
1993 3426 2111 3468 judica-

2026 3483 2059 3509 ta
