2340 3736
103 1310 162 1342 1..5.
179 1312 254 1345 036.

97 2036 134 2066 C-
147 2045 216 2071 «ης.

351 147 367 176 1
379 144 410 191 4

275 212 356 248 sedis
372 212 568 255 Episcopum
583 232 593 251 ‚
618 207 731 254 utique
755 211 787 245 se
797 210 972 253 majorem,
999 210 1148 254 nihilpe-

276 262 365 297 uitiis
389 261 481 305 possit
502 286 509 294 .
535 262 647 310 Qiare
669 258 709 294 ad
733 259 851 303 Cyrilli
877 262 909 295 δε
932 261 1147 300 Memnonis,

274 312 468 348 sententiam
492 312 573 345 solvi
593 312 610 345 a
635 310 769 354 Synodo
790 310 1022 354 postulantium
1061 310 1147 345 libel·

276 362 325 396 los
346 362 465 395 merito
485 360 567 394 dixit
579 359 719 394 Aeacius
731 360 944 404 Metropolita
956 360 1145 395 Melitinen-

274 411 314 445 fis
327 435 335 442 .
362 415 619 454 supervacaneum
630 410 667 449 est
673 410 851 452 postulatum
864 435 870 441 .
900 414 983 443 Fieri
993 417 1071 444 enim
1092 423 1148 443 non

272 460 363 504 potest
375 487 385 502 ‚
412 471 444 494 ut
453 460 485 493 bi
502 484 511 498 ,
537 466 588 503 qui
597 457 729 502 &sanda
744 460 799 494 hac
810 463 920 499 synodo
941 459 1127 504 desciverunt
1139 486 1147 500 ,

275 513 310 545 ό·
328 519 437 553 pravae
456 509 584 550 Nestorii
603 515 729 552 opinioni
744 509 777 553 se
798 512 1007 552 adjunxerunt
1027 536 1037 551 ‚
1063 512 1146 553 quid-

274 572 366 604 quam
386 568 487 595 contra
510 566 687 595 oecumenicae
707 560 796 600 hujus
819 562 922 597 synodi
932 559 1071 601 Praefides
1099 572 1147 594 au·

274 613 367 644 deant
380 611 486 652 efficere
498 634 508 649 ‚
533 611 596 643 cum
611 611 721 643 nullam
739 613 856 643 omnino
878 610 1011 643 babeant
1021 610 1147 644 auc‘Jori-

274 670 368 694 tatem
382 684 389 691 .
419 660 580 703 Exemplo
589 670 697 694 tamen
710 660 767 693 suo
779 659 924 703 Cyrillus
936 661 969 694 δε
982 660 1145 695 Memnon

272 710 453 744 docuerunt
465 711 562 744 etiam
574 711 720 753 iniquam
732 721 769 743 ac
781 709 948 744 manifeste
969 710 1148 744 invalidam

273 759 498 794 Ecclefiasticae
531 759 753 793 damnationis
783 760 974 793 sententiam
1001 762 1063 794 esse
1086 772 1150 794 me-

273 809 447 844 tuendam.
473 810 523 842 Ex
536 808 599 843 hoc
622 820 763 852 namque
786 819 876 843 metu
891 809 1036 852 Cyrillus
1050 810 1150 843 Praeli-

273 859 325 893 dis
336 861 369 893 Sc
382 860 566 902 Apostolici
579 858 705 893 Vicarii
719 858 880 893 thronum
895 858 1080 899 descendit,
1093 870 1152 903 po-

272 910 398 952 suitque
420 910 542 943 [einter
555 921 640 944 reos.
672 909 776 944 Unde
799 909 910 951 &ejus
933 910 1101 944 laudatum
1114 910 1153 942 li-

272 958 397 994 bellum
411 960 520 993 Fanio
531 960 637 1003 arguit
650 958 922 993 contradi-§tionis
934 984 944 999 ‚
972 961 1085 1002 utpote
1096 960 1151 1002 qui

271 1008 494 1044 damnationis
521 1007 715 1043 sententiam
734 1007 854 1041 diceret
876 1011 938 1042 este
951 1009 1128 1043 invalidam
1142 1035 1150 1049 ,

270 1060 428 1102 simulque
455 1067 573 1102 peteret
598 1059 686 1093 illius
709 1058 908 1092 solutionem
933 1082 940 1091 .
977 1058 1024 1091 At
1049 1060 1149 1094 male.

271 1108 403 1142 Etenim
416 1110 448 1143 ὃ(
459 1107 686 1141 Theodosium
700 1106 887 1152 Augustum
901 1133 910 1149 ‚
932 1108 949 1141 a
963 1110 1074 1143 nescio
1084 1122 1149 1154 quo

270 1158 429 1191 insolente
442 1157 605 1191 monacho
618 1158 723 1201 palam
753 1157 895 1191 invalide
912 1160 1149 1193 communione

271 1209 452 1251 privatum,
478 1219 545 1242 non
560 1207 615 1239 nifi
639 1207 747 1241 soluto
771 1217 826 1250 per
847 1207 1026 1252 Episcopos
1039 1210 1151 1243 vincu-

271 1258 305 1291 lo
327 1259 420 1292 fuisse
444 1260 554 1291 ausum
576 1257 819 1290 communicare
842 1257 952 1291 scribit
981 1259 1016 1293 ὅ(
1037 1260 1148 1294 laudat

270 1319 392 1352 magna
412 1306 503 1351 hujus
514 1308 677 1340 Fastionis
690 1317 758 1350 pars
771 1304 1005 1342 Theodoretus
1015 1334 1032 1341 ..

320 1358 470 1392 Faaiosae
483 1358 645 1391 sententiae
654 1357 798 1399 impensa
819 1355 863 1391 est
874 1357 1053 1400 publicatio
1065 1359 1149 1392 fimi·

272 1409 311 1442 lis
322 1433 332 1448 ‚
359 1409 400 1442 de
413 1414 472 1451 qua
487 1407 651 1442 Memnon
671 1406 705 1439 in
720 1406 834 1441 litteris
858 1408 899 1440 ad
914 1409 1046 1442 Clerum
1061 1409 1149 1443 Con-

271 1457 599 1501 stantinopolitanum
612 1482 618 1488 .
648 1462 812 1497 Accepimus
819 1455 968 1499 seriptum
976 1461 1128 1501 quoddam
1139 1482 1151 1500 ‚

270 1517 379 1542 certum
392 1514 568 1541 temeritatis
581 1518 614 1539 ac
627 1509 790 1550 illegitimae
808 1506 967 1549 sententiat
994 1520 1150 1552 argumen-

271 1568 333 1591 tum
345 1584 354 1596 ‚
384 1562 459 1591 nullo
478 1568 558 1591 certo
575 1557 688 1589 auHore
699 1557 813 1589 editum
825 1581 835 1596 ‚
862 1557 943 1589 nulla
961 1556 1151 1601 subscriptio-

270 1620 307 1641 ne
318 1615 464 1640 munitum
476 1632 484 1646 ,
511 1614 543 1640 in
555 1608 685 1649 quadam
695 1611 832 1640 civitatis
839 1614 930 1648 parto
945 1607 1035 1651 fuisse
1046 1616 1153 1650 propo-

265 1657 369 1701 fitum.
400 1659 440 1690 Et
456 1658 588 1690 Relatio
608 1657 775 1698 synodalis
800 1656 839 1689 ad
852 1657 1054 1691 Celestinum
1067 1658 1152 1691 Pon·

270 1708 410 1741 tificem.
440 1712 510 1740 Haec
526 1706 636 1749 firipto
652 1706 767 1748 publico
786 1708 932 1738 mandata
939 1706 1150 1750 proposuerunt

270 1759 395 1803 legenda
416 1757 596 1800 quibuslibet
612 1780 622 1795 ‚
658 1755 768 1789 theatri
789 1757 953 1798 parietibus
975 1758 1125 1801 affigentes
1140 1782 1150 1797 ,

270 1817 306 1841 ut
326 1806 391 1851 suae
418 1815 582 1849 impietatis
613 1804 810 1849 spec‘laculum
838 1806 1011 1840 exhiberent
1033 1832 1040 1839 .
1068 1807 1150 1842 Tali

271 1870 414 1901 namque
436 1856 537 1891 modo
558 1858 677 1891 &loco
700 1857 803 1890 solent
826 1858 1024 1901 promulgari
1046 1857 1151 1891 libelli

271 1908 403 1945 famosi.
431 1906 615 1955 Qomodo
625 1906 714 1940 nulla
724 1917 854 1940 reorum
866 1907 1002 1947 citatio,
1024 1908 1068 1940 ita
1083 1908 1151 1941 nul-

272 1958 304 1991 la
327 1958 407 1991 fasta
432 1957 476 1990 est
489 1957 652 1991 sententiae
675 1956 872 1996 insinuatio,
899 1968 936 1989 ac
961 1958 982 1989 fi
997 1958 1080 1990 nulli
1101 1958 1152 1990 fo-

271 2018 345 2042 rent
367 2008 400 2040 in
414 2006 555 2040 Ecclesia
568 2006 725 2040 Canones
737 2030 747 2045 ‚
774 2005 969 2050 nullumque
991 2007 1152 2049 judicium

272 2058 456 2092 Divinum.
483 2057 589 2091 Fuisie
600 2054 783 2089 chartulam
801 2057 987 2100 arrogantia
998 2069 1036 2090 ac
1060 2059 1148 2090 insci-

273 2109 319 2141 tia
343 2108 494 2150 plenam,
520 2107 553 2139 &
579 2115 614 2138 ut
637 2105 736 2139 talem
757 2104 799 2139 ab
819 2107 913 2140 omni
938 2106 1151 2141 turbatiffima

273 2158 405 2192 civiate
428 2156 517 2190 fuisse
537 2154 691 2193 derisam,
717 2154 849 2188 testatur
861 2154 895 2188 in
919 2154 1039 2189 libellis
1048 2158 1156 2200 Syno-

273 2208 318 2242 do
330 2206 486 2241 exhibitis
497 2207 633 2240 sanetus
644 2205 790 2248 Cyrillus
799 2229 806 2236 .

325 2258 437 2301 Pergit
460 2256 623 2288 Memnon
646 2277 652 2284 -
679 2255 823 2297 ,Quotidie
838 2257 983 2298 Joannes
1007 2267 1154 2289 veneran-

275 2309 347 2341 dum
358 2309 497 2340 Senatum
509 2329 519 2344 ‚
545 2303 793 2347 illustriffimosque
804 2309 886 2337 cives
905 2304 986 2347 adse
1007 2317 1131 2339 evocans
1145 2329 1155 2344 ,

277 2369 388 2401 magna
399 2362 623 2398 importunitate
638 2354 797 2398 flagitabat
810 2379 819 2393 ‚
846 2364 880 2386 ut
890 2365 985 2387 eorum
993 2354 1150 2399 suffiagiis

277 2409 354 2440 alius
376 2414 408 2439 in
431 2418 525 2439 mcum
540 2406 629 2438 locum
651 2406 837 2437 ordinaretur
851 2403 1036 2446 Episcopus:
1066 2408 1157 2438 Deni-

279 2469 334 2500 que
342 2459 388 2489 tta
399 2456 444 2489 hic
455 2455 582 2496 instabat
594 2481 604 2495 ‚
629 2465 662 2488 ut
673 2466 771 2488 omnes
782 2453 935 2486 orthodoxi
953 2461 1092 2488 civitatis
1111 2461 1155 2487 in-

278 2508 345 2540 colae
363 2512 491 2539 oratoria
512 2514 704 2548 occuparent,
729 2505 824 2546 ibique
841 2503 1068 2546 secontinerent
1081 2529 1091 2545 ‚
1119 2516 1155 2538 ne

279 2559 359 2591 iliius
373 2563 523 2589 temeritas
535 2557 568 2589 ζ’]
582 2555 714 2597 nefarius
725 2553 813 2596 ausus
823 2553 956 2593 effeclum
980 2553 1135 2592 sortiretur
1146 2579 1153 2586 .

279 2607 364 2640 Unde
378 2607 419 2638 ad
438 2605 538 2641 sandi
552 2609 584 2650 J
588 2611 692 2638 oannis
715 2603 872 2646 Bastlicam
887 2602 1071 2646 adfhendens
1085 2629 1096 2644 ,
1122 2604 1155 2637 (Ὗ

280 2658 360 2699 quod
378 2656 486 2688 ibidem
497 2667 560 2688 eum
570 2657 760 2688 ordinaturus
782 2655 846 2695 esset
866 2656 1028 2697 divulgans
1045 2678 1058 2694 ‚
1077 2653 1157 2696 sedi-

282 2713 390 2739 tionem
411 2706 710 2739 &tumultuationem
723 2710 796 2736 ineo
807 2705 1050 2737 lococoncitavit.
1077 2707 1157 2736 Tan-

282 2764 318 2788 ta
330 2766 454 2796 namque
474 2764 654 2788 armatorum
675 2752 859 2796 infidentium
871 2755 1061 2787 multitudine
1073 2760 1157 2786 comi-

284 2813 367 2838 tatus
379 2802 530 2845 adscendit
541 2829 552 2845 ,
578 2814 610 2839 ut
624 2806 737 2846 aliquos
760 2803 803 2837 ibi
824 2805 1055 2837 mendicantium
1066 2801 1155 2845 J‘emi-

287 2865 370 2887 neces
389 2855 554 2895 reliquerit.
582 2855 783 2889 Sententiam
807 2854 894 2888 snam
918 2864 1046 2887 volebat
1069 2863 1156 2885 man-

285 2904 361 2937 dare
383 2905 588 2937 executioni.
616 2905 663 2938 At
682 2902 852 2937 intercessit
880 2903 1055 2937 Memnoni
1072 2902 1158 2936 addi-

285 2955 355 2986 stus
367 2951 577 2995 Ephesiorum
600 2954 760 2997 populus,
786 2953 827 2986 de
849 2963 915 2995 quo
939 2953 1005 2997 ipse
1018 2953 1158 2995 Joannes

287 3002 325 3036 in
336 3001 511 3036 Relatione
523 3002 562 3036 ad
575 3003 757 3045 Principem
767 3026 777 3041 ‚
808 3002 897 3036 missa
910 3013 964 3044 per
975 3001 1160 3036 Palladium

287 3050 557 3096 Magistrianum.
587 3052 713 3095 Profecli
731 3050 832 3093 fiamus
854 3054 898 3084 ad
915 3052 1159 3096 sancrijoannis

289 3100 490 3144 Evangeltstae
503 3102 684 3142 apostolicam
706 3101 880 3143 Eukfiam,
900 3108 1023 3145 gratias
1044 3102 1160 3142 aduri,

292 3154 442 3192 Deumque
457 3158 513 3191 pro
524 3150 619 3191 vestra
632 3151 786 3191 majestate
794 3159 923 3195 rogaturi
939 3177 945 3183 .
975 3153 1051 3184 Cum
1061 3161 1158 3184 autem

292 3200 338 3233 illi
360 3212 411 3232 nos
432 3199 587 3243 conspicati
608 3201 714 3243 effem,
740 3204 859 3241 repente*
869 3203 1007 3243 templum
1018 3203 1100 3234 nobis
1119 3212 1160 3234 oc-

294 3247 441 3290 cluserunt
464 3275 470 3281 .
499 3251 627 3283 Rursum
649 3251 712 3283 cum
728 3248 892 3292 forinsecus
911 3252 1137 3293 adoravissemus
1151 3275 1160 3290 ,

290 3297 455 3341 filentioque
466 3309 686 3339 reverteremur,
693 3299 878 3341 famulorum
890 3302 1080 3342 quorumdam
1091 3301 1163 3333 mul-

295 3348 393 3379 titudo
414 3357 566 3388 erumpens
587 3351 660 3383 alios
681 3349 838 3389 nostrorum
860 3351 1067 3390 detinuerunt,
1095 3362 1160 3383 non·

297 3396 389 3429 nullis
402 3398 542 3436 jumenta
562 3398 740 3437 abstulerunt
753 3423 764 3438 ‚
781 3396 932 3440 ,quosdam
953 3405 1043 3431 etiam
1063 3401 1160 3433 vulne·

295 3453 405 3478 rarunt
427 3469 439 3484 ‚
464 3457 516 3478 nos
537 3456 634 3479 autem
645 3448 775 3489 fustibus
798 3459 833 3480 ac
853 3448 1006 3489 lapidibus
1029 3448 1162 3492 inseAEati

292 3493 386 3538 ficut,
410 3495 456 3530 ita
468 3503 523 3538 ut,
534 3505 687 3541 tamquam
696 3497 836 3535 barbaris
845 3496 1064 3542 insequentibus
1073 3523 1085 3543 ,
1103 3511 1162 3535 ma-

861 121 1494 173 D1ssuRTAT10

1213 221 1278 255 gna
1290 220 1355 242 cum
1367 209 1561 250 fistinatione
1573 213 1683 258 fugam
1692 216 1831 258 capeffere
1841 226 2018 260 cogeremur.
2046 216 2092 251 Ee

1214 261 1249 292 in
1278 259 1416 292 secunda
1438 260 1598 301 petitione
1618 265 1708 297 missa
1728 265 1768 299 ad
1781 265 1966 308 Principem
1985 266 2091 300 ecivi·

1216 319 1283 343 tate
1292 308 1548 343 Chalcedonenli
1559 314 1702 353 queritur
1720 313 1932 357 [elapidatum
1944 340 1955 356 ,
1981 317 2015 350 ό*
2026 325 2094 349 τινι-ι

1215 360 1277 392 tum
1299 370 1357 392 non
1373 360 1527 401 perditum
1545 359 1634 402 fuiffe
1647 363 1773 406 Bservis
1783 365 1988 399 Monac-horum
2011 365 2096 398 babi-

1213 419 1244 442 tu
1266 410 1380 442 indutis
1405 435 1412 443 .
1441 409 1621 443 Concludit
1655 411 1720 453 jam
1751 414 1920 449 adductam
1943 415 2091 449 Relatioa

1216 470 1305 492 nem.
1338 463 1410 492 Haec
1429 460 1520 493 multo
1535 462 1606 501 jam
1620 463 1931 504 antepraeparaverat
1946 469 2093 498 Memnon.

1214 511 1405 552 ,Quapropter
1431 509 1602 550 obtestamur
1621 510 1747 551 vestram
1760 514 1928 555 Pietatem,
1955 524 1988 548 ut
2010 517 2093 548 illum

1218 567 1375 598 tyrannum
1389 561 1459 600 jam
1482 560 1638 602 depofitum
1648 561 1682 593 ob
1702 561 1759 594 has
1771 560 1940 604 insolentias
1952 564 2005 597 hac
2018 570 2095 598 civi-

1217 619 1280 642 tate
1286 609 1359 650 pelli
1360 610 1470 649 jubeat
1482 634 1489 641 .
1517 615 1605 643 Nam
1612 610 1669 653 nisi
1675 613 1858 653 expellatur,
1883 611 1952 653 fieri
1965 620 2063 655 nequit
2079 638 2091 654 ‚

1218 667 1249 692 ut
1263 667 1369 700 pacem
1394 661 1554 701 aliquando
1576 669 1776 702 recuperemus
1790 686 1800 701 ,
1828 671 1880 694 aut
1894 665 2021 694 Pietatis
2042 674 2094 696 ve-

1210 709 1281 749 strae
1287 707 1390 751 scopus
1402 711 1445 741 ad
1453 717 1565 742 exitum
1574 712 1751 752 perducatur
1764 736 1770 743 .
1802 711 1937 745 Procedi
1953 713 1986 746 in
2002 711 2094 744 illum

1216 769 1308 802 rogat
1340 769 1381 791 ex
1415 769 1534 801 nupera
1557 759 1707 794 Gratiani
1731 760 1872 805 Augusti
1892 762 1961 806 lege
1987 786 1997 801 ,
2025 773 2095 804 quae

1214 810 1408 842 damnatum
1422 808 1637 852 Episcopum,
1663 812 1828 845 sententiae
1853 812 2014 846 violenter
2026 822 2097 844 mo-

1214 868 1248 891 to
1273 857 1395 902 populo
1418 860 1693 899 recalcitrantem,
1721 860 1875 904 proscribi
1900 861 2031 895 mandat
2054 859 2096 894 ad
2134 856 2142 863 ”

1214 918 1346 941 centum
1368 907 1470 942 millia
1493 909 1602 943 abilla
1625 909 1772 944 civitate.
1801 912 1911 958 Qam
1936 912 2038 955 legem
2054 911 2096 944 ad

1186 984 1188 988 ,
1217 958 1373 992 Afrorum
1388 958 1626 1002 Episcoporurn
1651 971 1756 1003 preces
1776 961 1870 995 fuisse
1898 962 1997 994 latam
2016 962 2096 995 reete

1214 1006 1351 1042 advertit
1377 1008 1412 1041 in
1440 1010 1551 1042 litteris
1561 1010 1601 1042 ad
1615 1010 1799 1044 Adrianum
1821 1011 1998 1045 secundum
2011 1010 2098 1044 Pon-

1213 1057 1336 1091 tificem
1374 1058 1497 1102 scriptis
1522 1071 1561 1093 ex
1586 1059 1697 1093 Caroli
1721 1060 1815 1095 Calvi
1839 1061 1940 1105 Regis
1962 1062 2098 1094 nomine

1216 1108 1416 1142 Hincmarus
1448 1109 1663 1153 Metropolita
1699 1110 1869 1144 Remenfis
1893 1134 1900 1142 .

1214 1218 1403 1251 perpetuum
1433 1208 1597 1243 silentium
1622 1210 1728 1243 claudi
1760 1211 1866 1244 sanxit
1901 1210 2101 1253 Juliinianus

1215 1258 1409 1302 Augustus,
1437 1259 1530 1302 cujus
1554 1262 1785 1293 executionem
1808 1259 1994 1293 aMauritio
2007 1260 2103 1292 Prin-

1214 1307 1285 1350 cipe
1299 1308 1483 1351 frequenter
1510 1309 1728 1353 expostulavit
1741 1309 1921 1354 Gregorius
1935 1311 2080 1354 Magnus
2093 1334 2100 1342 .

1264 1357 1302 1390 ln
1327 1357 1392 1392 hoc
1414 1358 1494 1392 item
1527 1358 1658 1393 factioso
1681 1371 1850 1394 conventu
1878 1359 2102 1404 lix-Episcopi

1213 1407 1386 1452 Pelagiani
1413 1409 1647 1443 confirmavere
1657 1410 1751 1444 suum
1773 1410 1966 1444 damnatum
1978 1410 2101 1454 dogma

1215 1457 1313 1500 usque
1335 1456 1376 1491 ad
1396 1469 1549 1503 negatum
1575 1469 1742 1502 peccatum
1768 1460 1950 1504 originale,
1977 1462 2102 1503 suoque

1214 1507 1304 1542 ausui
1320 1517 1511 1550 praetexuere
1522 1511 1635 1543 fucum
1655 1510 1688 1544 &
1700 1521 1823 1544 nomen
1836 1509 1981 1544 Concilii
1996 1508 2104 1553 Ephe-

1215 1556 1284 1590 fini.
1318 1557 1488 1592 Habemus
1498 1559 1610 1593 testem
1626 1561 1823 1604 Gregorium
1833 1560 1998 1605 Magnum
2012 1559 2101 1594 Pon-

1217 1606 1360 1648 tificem,
1389 1619 1450 1643 nec
1475 1620 1543 1642 non
1557 1609 1717 1652 Joannem
1742 1619 1914 1654 quartum,
1941 1608 2043 1654 vulgo
2057 1609 2104 1643 di-

1215 1658 1301 1689 &um
1324 1657 1536 1700 jejunatorem
1548 1683 1558 1699 ‚
1588 1659 1785 1702 Episcopum
1800 1659 2105 1701 Constantinopoli—

1217 1717 1351 1740 tanum.
1381 1707 1552 1755 Qosdam
1567 1708 1691 1742 isauriae
1704 1708 1911 1749 Monachos,
1936 1718 2104 1751 tamquam

1216 1756 1437 1797 Meffalianos‚
1450 1766 1504 1790 aut
1515 1756 1716 1791 Minichaeos
1726 1759 1744 1791 a
1757 1758 1788 1791 se
1802 1757 1985 1796 damnatos,
2001 1756 2102 1791 etiam

1215 1807 1250 1839 in
1260 1806 1472 1848 appellatorio
1485 1806 1640 1840 Romano
1651 1807 1777 1849 judicio
1790 1807 1987 1841 convincere
2002 1807 2100 1850 Joan·

1215 1867 1271 1889 nes
1291 1856 1430 1896 volens,
1458 1867 1619 1900 repertum
1642 1857 1725 1899 apud
1754 1857 1835 1892 illos,
1852 1857 2012 1890 Codicem
2034 1857 2101 1890 Ro-

1216 1917 1303 1939 mam
1328 1906 1434 1946 milit‚
1461 1907 1501 1939 ad
1513 1917 1620 1941 certos
1639 1907 1792 1941 articulos
1819 1907 2100 1951 subvirgulatum.

1217 1955 1260 1989 Et
1273 1955 1379 1989 revera
1404 1954 1509 1990 codex
1519 1955 1745 1996 Manichaeus,
1772 1957 1881 1991 verum
1904 1957 2103 2001 subvirgula-

1215 2014 1268 2039 tor
1279 2014 1346 2038 erat
1358 2005 1583 2051 pelagianus,
1609 2007 1724 2050 utpote
1739 2007 1796 2051 qui
1807 2007 1978 2041 articulum
1992 2017 2101 2050 pecca-

1215 2055 1241 2089 ti
1263 2056 1440 2099 originalis
1473 2058 1656 2090 aflertivum
1678 2057 1912 2101 subrirgularat
1932 2066 2102 2098 tamquam

1217 2106 1441 2139 Manichaeum
1468 2131 1475 2137 .
1502 2106 1682 2148 Obstupuit
1712 2107 1889 2149 Gregorius
1908 2129 1917 2144 ‚
1947 2105 2025 2139 scire
2048 2115 2103 2138 vo-

1217 2155 1286 2189 lens
1299 2154 1569 2199 subvirgulatoris
1587 2156 1756 2197 personam
1777 2156 1963 2188 &rationes
1976 2178 1983 2185 .
2013 2155 2101 2202 Qis

1221 2203 1316 2238 fuerit
1335 2229 1345 2244 ,
1372 2204 1504 2246 nesci03
1530 2205 1670 2247 Joannes
1682 2205 1862 2246 Episcopus
1884 2214 1992 2237 tamen
2015 2203 2101 2236 milit

1216 2255 1380 2288 Codicem
1408 2254 1535 2296 Synodi
1568 2251 1737 2294 Ephesinae
1763 2277 1775 2292 ‚
1802 2252 2027 2286 continentem
2059 2251 2101 2286 de

1215 2304 1326 2336 anima
1351 2303 1437 2336 Adae—
1455 2327 1464 2342 ,
1494 2304 1579 2345 ‚Quia
1601 2308 1634 2334 in
1654 2310 1774 2344 peccato
1802 2311 1917 2335 mortua
1938 2314 1996 2335 non
2014 2302 2100 2344 fuit.

1217 2353 1310 2386 Hinc
1331 2352 1469 2395 amplius
1495 2350 1651 2386 Pontifex
1686 2351 1806 2395 stupuit
1826 2377 1836 2392 ,
1863 2350 2035 2396 scribitque
2060 2351 2102 2386 ad

1218 2402 1402 2447 Eulogium
1432 2402 1693 2436 Alexandrinum
1717 2427 1728 2443 ,
1754 2403 1789 2435 δε
1810 2401 2014 2435 Anastasium
2039 2401 2103 2435 Pa-

1222 2451 1395 2487 triarcham
1432 2451 1682 2485 Antiochenum
1707 2475 1716 2483 .

1219 2559 1328 2591 tinen,
1357 2553 1394 2584 de
1407 2555 1588 2584 Ravennate
1596 2563 1708 2593 quoque
1718 2551 1845 2593 Ecclesia
1868 2551 2011 2591 vetustum
2032 2554 2103 2585 val-

1219 2604 1256 2635 de
1265 2604 1386 2635 codicem
1406 2599 1538 2643 eJusdem
1561 2603 1664 2639 synodi
1683 2603 1728 2634 ad
1741 2613 1792 2633 nos
1814 2601 1928 2643 defhrrt'
1945 2601 2072 2643 fecimus
2090 2625 2102 2641 ,

1219 2653 1390 2690 eihando,
1415 2663 1505 2692 quam
1530 2649 1670 2683 habemus
1683 2676 1694 2691 ,
1720 2663 1786 2684 eum
1795 2654 1841 2684 itti
1865 2653 2037 2685 concordare
2059 2657 2107 2685 in-

1219 2709 1355 2735 venimus
1370 2725 1380 2740 ,
1403 2709 1433 2733 ut
1444 2707 1477 2732 in
1488 2702 1566 2733 nullo
1578 2699 1755 2742 discreparet
1767 2725 1777 2740 ,
1803 2703 1837 2734 (tr
1850 2701 1926 2734 mlnl
1935 2703 2021 2734 aliud
2042 2712 2106 2735 con-

1218 2757 1326 2784 tineret
1346 2757 1378 2783 in
1392 2750 1563 2792 definitione
1588 2750 1792 2783 anathematis
1816 2752 1850 2784 (5·
1862 2751 2074 2792 reprobationis
2093 2751 2108 2791 ,'

1218 2800 1274 2843 nist
1287 2802 1365 2843 quod
1384 2801 1536 2833 duodecim
1550 2802 1694 2842 Capitula
1720 2801 1819 2834 beatae
1841 2806 1989 2834 memoria*
2000 2801 2104 2839 cyrille

1218 2852 1396 2892 reprobant.
1426 2850 1473 2883 Ea
1486 2850 1586 2894 igitur
1599 2851 1679 2883 Acta
1702 2859 1795 2883 erant
1820 2851 1932 2884 eadem
1958 2863 2035 2884 cum
2048 2860 2104 2883 no-

1220 2902 1288 2934 stris
1311 2899 1476 2934 hodiernis
1496 2921 1508 2938 ‚
1535 2900 1568 2932 in
1595 2901 1712 2944 quibus
1736 2900 1869 2943 Ioannis
1896 2899 2102 2934 Antiocheni

1219 2949 1516 2993 Pseudo-synodus
1533 2947 1619 2982 nihil
1640 2949 1737 2983 habet
1749 2948 1931 2994 dogmatici
1944 2973 1956 2989 ,
1983 2950 2038 2983 nili
2060 2948 2108 2983 di·

1219 3002 1345 3034 storum
1382 2999 1615 3042 Capitulorum
1649 3000 1896 3034 damnationem
1918 3024 1925 3032 .
1953 3000 1997 3033 Et
2024 2997 2105 3032 hinc

1221 3050 1387 3092 Cyriaco,
1411 3051 1546 3092 Joannis
1566 3049 1756 3092 jejunatoris
1776 3050 1810 3082 in
1836 3049 1999 3084 Cathedra
2014 3049 2107 3082 Con-

1222 3099 1510 3142 stantinopolitana
1528 3099 1715 3140 successori,
1744 3100 1875 3134 mandat
1888 3099 1968 3133 serie>
1979 3099 2103 3140 Grego-

1223 3152 1309 3189 rius,
1336 3158 1372 3182 ut
1388 3148 1546 3191 Ephelina
1569 3149 1624 3182 illa
1650 3160 1710 3192 pro
1723 3149 1858 3194 Pelagio
1877 3149 1958 3184 Asta
1973 3145 2106 3189 proscri-

1224 3199 1340 3233 bantur
1361 3198 1532 3242 &penitus
1555 3199 1765 3241 abjiciantur.
1794 3198 1895 3233 Addit
1918 3198 1952 3230 in
1974 3196 2037 3229 alia
2064 3195 2106 3229 ad

1225 3249 1393 3282 laudatum
1417 3248 1621 3282 Anastafium
1634 3248 1797 3291 Epistola.
1824 3248 1903 3280 Dum
1930 3246 1967 3278 de
1986 3243 2106 3287 sam‘lo-
2141 3254 2170 3281 L·
2188 3262 2211 3286 7.
2231 3255 2276 3282 11-

1227 3310 1292 3332 rum
1304 3299 1500 3331 conciliorum
1519 3298 1644 3339 custodia
1666 3302 1731 3332 Tua
1757 3301 1951 3331 Frater-nitas
1977 3294 2105 3336 loquere·
2122 3289 2195 3360 {15}st
2210 3303 2245 3366 ᾗ

2145 3351 2168 3369 Γ
2198 3353 2204 3359 .
2249 3351 2258 3359 .

1227 3358 1276 3381 tur
1288 3373 1298 3389 ‚
1320 3346 1460 3390 fiinc‘lam
1470 3347 1646 3389 Ephefi‘nam
1667 3347 1805 3387 synodum
1826 3350 1962 3386 primam
1978 3342 2107 3386 set-usto-

1228 3400 1292 3430 dire
1310 3397 1434 3439 profeffa
1446 3397 1503 3438 est.
1533 3400 1591 3430 Sed
1609 3405 1681 3441 quia
1704 3408 1741 3429 ex
1758 3400 1949 3427 annotatione
1973 3393 2103 3426 haeretici

1229 3449 1343 3480 Codicis
1359 3472 1370 3487 ‚
1395 3454 1447 3489 qui
1469 3449 1513 3480 ad
1529 3460 1574 3481 me
1585 3459 1622 3480 ex
1646 3450 1738 3489 Regia
1752 3444 1821 3477 urbe
1845 3441 2029 3486 transmissus·
2041 3443 2077 3482 est
2090 3469 2100 3483 ‚

1227 3504 1335 3542 agnovi
1354 3505 1411 3541 per
1433 3497 1503 3539 hoc,
1530 3497 1608 3542 quod
1633 3495 1773 3543 quadam
1795 3493 1936 3529 catholica
1960 3494 2111 3537 capitula.

1994 3552 2056 3577 cum

1927 1109 2099 1153 Ejusmodi
2118 1126 2203 1166 Epist·
2225 1124 2273 1163 423

1187 1204 1189 1208 V
1217 1158 1381 1201 inquietos
1404 1158 1440 1192 in
1465 1159 1596 1194 alterius
1620 1160 1801 1193 Provinciae
1826 1160 2035 1194 Monasterio
2057 1159 2099 1194 ad

1755 2454 1841 2495 Quia
1872 2451 2099 2495 perscrutantes
2122 2451 2181 2479 1³6·
2204 2452 2273 2498 Εἱλ,

1222 2501 1399 2544 Ephesinam
1410 2502 1551 2539 synodum
1561 2527 1570 2542 ,
1597 2501 1677 2535 nihil
1681 2507 1716 2534 in
1726 2512 1759 2533 ea
1778 2503 1837 2535 tale
1849 2508 2020 2535 invenimus
2033 2513 2101 2535 con-
2121 2499 2168 2525 31·
