2340 3736
393 102 488 147 186

923 102 1557 155 DlsrsERffrA'TIO

319 195 393 221 rum
410 185 641 222 &Graecoru'm
661 186 893 232 Episcoporum
916 200 1051 224 numero
1070 189 1188 223 facien-

1255 201 1316 224 nus
1332 188 1375 224 ab
1384 193 1520 236 antiquo
1530 193 1726 235 testamento
1737 202 1890 243 nonefiet
1902 203 2109 250 prophetatus
2118 234 2126 244 .

320 236 578 281 damstipulatus
589 238 691 279 fuerat
703 248 778 274 ante
795 238 918 274 Pascha
930 239 1144 283 justinianus,
1169 238 1188 272 ὲ
1247 232 1405 285 ’ᾳιιίημῂ
1432 242 1522 285 quod
1533 241 1635 282 Verbi
1645 260 1721 285 cum
1742 264 1838 288 carne
1858 256 1967 291 unitas
1991 267 2059 290 non
2084 258 2129 292 se-

321 288 435 330 quavis
447 288 566 323 Latina
575 287 750 324 Provincia
759 289 999 324 evocandorum
1012 289 1076 332 Epi
1081 290 1189 331 scopo-

321 347 394 372 rum
405 340 539 373 nomina
550 347 713 384 acceperat
721 341 740 375 a
752 340 914 374 Pontifice
923 362 934 379 ,
959 349 1056 383 atque
1067 339 1116 373 isti
1136 339 1188 372 sti·

321 388 483 432 pulationi
494 388 650 434 vig-ilius,
661 390 792 425 innixus
814 391 849 423 in
871 389 1041 433 Synodum
1054 413 1065 429 ,
1090 400 1188 431 quam

320 439 356 472 in
368 438 460 474 Italia
480 449 536 473 aut
546 440 631 475 certe
649 442 758 476 Sicilia
769 440 836 474 fieri
848 439 1072 473 instantissime
1081 440 1114 473 &
1127 440 1144 475 f

318 489 381 522 stra
410 489 605 535 postularat,
642 489 936 532 Constantinopoli
965 488 1189 523 celebrandam

317 545 530 579 consenserat.
558 543 655 578 Adeo
664 542 731 585 ejus
740 541 780 575 de
791 540 858 583 pari
879 539 1114 582 Episcoporum
1134 550 1190 572 nu-

318 607 410 629 mero
421 593 571 638 exceptio
582 605 650 628 non
664 592 724 625 fuit
736 589 852 624 frivola
865 613 875 629 ,
896 598 952 622 aut
964 599 1045 623 vana
1058 601 1065 621 :
1093 588 1189 623 Vana

318 646 382 680 fuit
393 643 564 689 justiniani
575 645 607 677 <Sc
618 642 683 685 ejus
694 640 926 683 Episcoporum
947 639 1166 682 expostulatio
1179 663 1189 679 ,

318 707 382 739 qua
394 695 578 739 promissam
588 692 682 726 semel
697 715 706 731 ,
716 691 749 724 ὅτ.
760 680 1188 733 ςυὶάεῐηιειῖἰεετᾭγηοάυω

317 746 469 779 dixerunt
480 744 497 777 ὲ
508 742 669 777 Pontifice
680 751 747 775 non
761 741 848 782 posse
858 736 974 773 retrahi
999 749 1055 773 aut
1066 738 1190 782 suspen-

315 795 371 829 di.
400 793 544 827 Laudata
557 790 733 826 Constituti
744 789 840 823 verba
863 790 1019 823 evincunt
1037 789 1187 822 omnium

315 844 351 879 in
362 843 503 889 generali
515 840 652 886 synodo
675 840 915 875 tractandorum
928 838 1190 883 propontionem,

315 905 354 929 ac
390 896 531 937 primum
551 893 591 927 de
613 891 676 925 illis
698 890 882 935 suffragium
902 899 1087 932 competere
1113 886 1187 922 Sedi

314 943 534 987 Apostolicae,
568 952 706 984 eumque
727 941 789 974 effe
811 939 982 982 antiquum
1001 938 1035 971 δε
1068 939 1189 982 regula-

257 1031 260 1034 Α
313 1005 382 1029 rem
393 994 542 1027 ordinem
554 1015 565 1032 ,
590 991 680 1034 cujus
692 989 891 1033 transgreffio
902 987 1074 1031 Synodum
1089 990 1188 1023 trans·

313 1046 430 1078 format
448 1043 484 1076 in
507 1040 728 1077 scandalosum
751 1048 968 1073 conventum.

377 1183 936 1234 COLLATIO
1005 1187 1104 1231 III.

393 1307 524 1341 Ollatio
543 1305 657 1346 tertia,
688 1305 769 1339 facta
792 1304 931 1347 septimo
953 1304 1027 1337 Idus
1047 1302 1154 1345 Maias
1168 1325 1177 1341 ,

417 1356 607 1391 solemniter
617 1355 752 1398 professa
774 1354 818 1387 est
832 1364 968 1398 quatuor
980 1353 1181 1399 generalium

304 1405 515 1450 synodorum
524 1406 621 1440 fidem
646 1406 680 1439 ὅ(
695 1405 824 1438 ευηέὶεε
838 1404 998 1448 legitimas
1021 1403 1181 1437 definitio-

304 1467 361 1490 nes
373 1482 384 1498 ,
411 1468 471 1490 nec
483 1468 551 1490 non
569 1456 603 1490 &
614 1455 793 1488 doctrinam
816 1454 1005 1487 Sanciorum
1025 1452 1158 1487 Parrum
1173 1478 1182 1493 ,

304 1506 500 1545 Athanafii‚
524 1505 669 1544 Hilarii,
699 1501 825 1544 Bafilii‚
853 1502 1007 1547 Gregorii
1041 1502 1180 1536 Nazian-

302 1556 395 1596 zeni,
424 1556 579 1599 Gregorii
602 1553 740 1596 Nysseni
770 1574 781 1591 ,
819 1551 1002 1592 Ambrosii,
1029 1551 1182 1596 Augusti-

302 1606 337 1638 ni
354 1629 364 1644 ,
390 1603 599 1648 Theophili,
626 1603 761 1646 Joannis
772 1601 996 1644 Chrysostomi
1009 1626 1019 1642 ‚
1046 1601 1179 1644 Cyrilli,

300 1654 435 1696 Procli,
461 1667 499 1688 ac
512 1654 635 1688 Leonis
648 1679 655 1686 .
683 1653 726 1686 Et
738 1653 905 1686 sub'unxit
920 1666 927 1685 :
954 1656 1017 1684 Hac
1028 1652 1107 1684 rena
1120 1662 1179 1685 con-

294 1704 412 1748 feffione
435 1711 467 1738 1'n
478 1703 587 1748 sanc‘la
612 1707 669 1737 Del
688 1702 812 1745 Ecclefia
824 1701 979 1746 servanda
1005 1702 1038 1735 <¹5
1064 1703 1180 1743 praedr'·

298 1756 419 1796 canda,
440 1754 471 1797 fi
491 1760 556 1797 quis
582 1753 619 1787 ab
645 1755 708 1794 ejus
734 1759 929 1786 communione
937 1749 1121 1794 semeptisum
1129 1749 1177 1793 Je-

295 1813 408 1847 paret,
432 1809 580 1837 contraria
601 1810 627 1838 ei
632 1802 777 1847 sapiens,
800 1805 872 1836 talis
891 1799 1081 1845 semetipsum
1110 1802 1177 1834 alie-

299 1867 380 1887 nans
396 1855 486 1888 reelae
505 1854 596 1897 fidei,
622 1854 657 1887 (θ’
679 1853 823 1886 baeretr'cis
847 1863 1059 1886 connumerans
1072 1875 1081 1891 ‚
1103 1850 1178 1894 juste

298 1905 318 1936 ἃ
334 1903 442 1947 sanc‘i'a
463 1907 519 1941 Dei
550 1901 667 1944 Ecclesia
688 1905 897 1936 condemnatur
918 1903 952 1935 (θ’
979 1901 1178 1934 anathemat}-

299 1962 403 1987 zatur.
429 1953 606 1995 Subiunxit
621 1951 873 1986 adversumillos
889 1976 899 1992 ,
926 1951 981 1994 qui
995 1952 1057 1983 tria
1079 1950 1173 1992 Capi-

297 2004 367 2038 tula
382 2004 449 2038 fine
460 2002 736 2038 Chalcedonensis
747 2001 872 2045 Synodi
882 2026 893 2042 ,
918 2000 1112 2034 confirmata:
1122 2011 1175 2042 per

296 2055 449 2090 Sane'tum
478 2054 623 2088 Leonem
657 2053 850 2086 Pontificem
871 2074 882 2091 ‚
918 2050 1177 2093 praevaricatione

296 2102 425 2146 aiebant
450 2114 516 2136 non
537 2103 623 2145 posse
641 2101 806 2135 damnari.
843 2100 995 2135 Promisit
1022 2101 1175 2143 proximo

295 2164 463 2188 conventu
489 2151 620 2197 adgredi
644 2163 756 2186 eorum
782 2152 927 2186 causam·
1152 2168 1154 2171 -

374 2316 932 2368 COLLATIO
1002 2318 1093 2364 IV.

385 2438 513 2475 Ollatio
531 2445 663 2481 quarta,
699 2437 781 2470 fasta
802 2433 916 2477 quarto
939 2433 1016 2468 Idus
1040 2433 1148 2476 Maias
1161 2457 1172 2474 ,

411 2489 553 2533 adgrefla
564 2486 609 2521 est
622 2488 760 2530 primum
771 2487 805 2519 δε
820 2486 959 2528 palmare
970 2483 1148 2526 capitulum
1161 2507 1172 2523 ,

297 2541 427 2574 causam
444 2538 608 2582 dogmatis
629 2537 662 2570 &
682 2536 834 2569 dostrinae
851 2533 1114 2573 Theodorianae,
1139 2534 1171 2566 ἀ

296 2599 432 2633 urgente
452 2586 606 2621 Diodoro
624 2586 773 2620 Ecclefiae
798 2582 1173 2626 Constantinopolitanae

297 2638 574 2673 Archi-Diacono
595 2634 629 2670 ὃ(
644 2636 862 2670 Notariorum
879 2633 1068 2667 Primieerio
1081 2656 1091 2672 ,
1118 2644 1172 2675 per

298 2690 524 2732 Calonymum
534 2684 675 2730 ejusdem
691 2685 835 2719 Ecclefiae
847 2684 1034 2719 Diaconum
1056 2694 1092 2716 ac
1104 2681 1173 2715 No·

298 2739 415 2773 tarium
426 2739 489 2783 legi
502 2736 559 2771 fibi
572 2736 657 2780 justit
668 2736 741 2769 loca
752 2735 838 2769 varia
849 2747 890 2768 ex
900 2733 1044 2776 ejusdem
1056 2730 1171 2766 Theo-

298 2788 466 2822 dorilibris
486 2788 653 2822 deflorata.
683 2786 806 2819 Eorum
826 2784 874 2819 hae
897 2793 987 2817 erant
1009 2783 1173 2826 praecipuae
1203 2789 1205 2793 ’

299 2838 521 2881 blasphemiae.
558 2835 689 2876 Primo,
726 2834 815 2879 quod
851 2835 981 2868 sinens
1018 2830 1173 2866 Thomas

300 2888 500 2931 Apostolus,
536 2885 667 2922 Christo
687 2885 838 2919 Domino
860 2883 972 2917 nostr-0
993 2882 1012 2915 a
1032 2881 1170 2915 mortuis

298 2938 484 2972 resuscitato
496 2936 606 2972 dicens
616 2961 625 2977 ,
654 2938 798 2968 Dominus
809 2945 886 2966 meus
898 2958 908 2974 ,
931 2934 968 2971 ό·
981 2936 1058 2965 Deus
1068 2943 1148 2965 meus
1159 2955 1170 2971 ,

299 2999 369 3021 non
380 2987 496 3020 dixerit
509 2987 540 3021 id
551 2985 592 3021 de
600 2984 717 3020 eodem
729 2986 880 3018 Domino
900 2992 1063 3025 tamquam
1077 2982 1149 3015 Deo
1163 3003 1174 3019 ‚

299 3035 355 3070 sed
375 3037 459 3078 quasi
480 3037 518 3070 de
540 3047 618 3080 puro
634 3034 770 3069 homine
800 3033 990 3077 stupefaehxs
1012 3033 1108 3065 illurn
1126 3042 1174 3064 re-

298 3086 508 3126 suscitatum,
543 3089 576 3120 &
597 3084 672 3120 ideo
697 3085 834 3119 offerens
856 3083 932 3116 Deo
965 3080 1172 3126 glorificatio-

302 3148 378 3170 nem
390 3161 397 3167 .
423 3135 573 3170 Secundo
587 3159 597 3174 ,
623 3130 710 3177 quod
723 3133 876 3178 baptizari
888 3132 921 3166 in
934 3132 1057 3165 Christi
1070 3130 1174 3165 nomi·

304 3199 346 3221 ne
355 3185 394 3219 fit
407 3185 508 3218 limile
519 3195 593 3218 cum
615 3183 767 3227 baptizari
791 3186 825 3217 in
846 3183 967 3226 Moyse
980 3206 991 3221 ,
1015 3182 1048 3215 δε
1067 3181 1175 3215 vocari

305 3247 366 3269 nos
388 3234 617 3280 Christianos,
644 3235 691 3266 uti
715 3232 846 3275 quidam
864 3233 883 3265 a
906 3232 1101 3276 dogmatum
1128 3231 1175 3264 in-

305 3285 492 3319 ventoribus
516 3293 675 3323 vocantur
706 3281 901 3322 Platonici,
949 3282 1175 3321 Marcionitae,

307 3332 498 3367 Manichaei.
536 3331 655 3367 Tertio
670 3356 680 3372 ,
713 3332 799 3374 quod
831 3330 979 3365 Christus
1012 3330 1175 3365 Dominus

306 3383 405 3418 fuerit
421 3383 529 3429 imago
540 3382 606 3418 Dei
626 3381 747 3420 Verbi,
771 3382 805 3415 δε
817 3381 894 3414 ficut
907 3380 1078 3423 imperialis
1097 3382 1175 3415 ima-

304 3441 351 3478 go
372 3432 572 3468 adoraretur.
612 3430 762 3480 Quarti,
787 3430 877 3474 quod
895 3429 1039 3465 Christus
1061 3431 1175 3468 Domi-

1251 289 1397 328 cundum
1417 289 1603 336 hypostasin
1628 308 1685 333 aut
1706 300 1900 339 idiomatum
1921 307 2127 342 communio-

1253 351 1328 374 nem
1339 365 1351 381 ,
1378 340 1429 375 sed
1443 342 1522 377 f'afla
1533 343 1609 378 effer
1617 346 1786 386 dumtaxat
1807 355 1984 390 secundum
2004 357 2124 392 bonam

1254 389 1457 448 uolunxatem
1473 417 1480 424 .
1506 393 1624 436 Sexto,
1653 399 1740 440 quod
1751 401 1841 437 Deus
1848 408 1980 441 creasset
1998 418 2126 442 contra-

1252 452 1298 475 ria
1309 440 1378 479 22&
1389 440 1474 477 bona
1485 442 1517 478 &
1529 444 1635 478 mala:
1664 447 1767 494 Qod
1776 450 1930 490 docuisset
1946 468 2126 500 peccatum,

1251 490 1437 547 &mortem
1459 492 1648 530 induxisset.
1676 498 1838 541 Septimo,
1865 506 1952 545 quod
1974 505 2096 552 Angeli
2111 533 2122 549 ‚

1253 539 1423 599 hommes,
1449 543 1610 579 daemones
1622 547 1723 581 effent
1743 547 1887 584 fimiliter
1903 555 1998 588 mali.
2026 559 2123 591 ocra-

1253 601 1318 630 vo,
1353 590 1443 634 quod
1467 593 1556 628 Deus
1575 597 1688 631 omnia
1716 599 1886 634 mutabilia
1916 603 1949 636 &
1974 609 2125 642 mortalia

1250 640 1400 675 creasset.
1423 641 1553 685 Nouo,
1579 646 1667 690 quod
1683 647 1772 682 Deus
1793 653 1961 692 peccatum
1976 651 2126 691 ¹homini-

1250 689 1309 723 bus
1318 690 1473 734 expedire
1484 694 1607 737 sciens,
1633 696 1700 730 fieri
1720 699 1937 743 disposuisset.
1958 704 2126 748 Decimo,

1250 739 1338 782 quod
1351 741 1509 777 Salomon
1520 756 1587 778 non
1598 748 1764 790 accepisset
1778 749 1961 793 Prophetiae
1972 755 2123 798 gratiam,

1250 790 1303 824 sed
1326 790 1518 827 Ecclefiastae
1550 795 1585 829 ἀ
1610 795 1860 833 proverbiorum
1881 800 1981 836 libros
2001 815 2042 838 ex
2069 804 2126 839 hu-

1251 851 1347 898 mana
1370 842 1541 885 prudentia
1569 845 1748 889 stripfiffet.
1789 850 2008 893 Undecimo,
2033 855 2124 897 quod

1249 891 1426 925 Canticum
1457 894 1662 929 canticorum
1695 898 1770 933 effet
1807 900 1915 935 fabula
1941 905 2101 938 amatoria
2114 928 2125 944 ,

1249 940 1397 997 mensalis
1418 941 1597 979 &lasciviae
1618 956 1756 988 cantus,
1782 950 1897 993 Judaeis
1915 953 1949 986 ὃ(
1971 953 2129 988 Christia-

1250 1002 1299 1024 nis
1316 991 1437 1035 semper
1451 992 1661 1037 intermistus,
1686 996 1800 1032 fimilis
1811 1002 1966 1035 convivio
1975 1002 2125 1041 Platonis

1247 1038 1288 1097 de
1297 1052 1406 1076 amore
1418 1066 1425 1073 .
1453 1042 1662 1080 Duodecim&
1674 1070 1687 1087 ,
1713 1048 1803 1091 quod
1815 1048 1894 1083 liber
1907 1050 1968 1095 Job
1993 1054 2127 1098 pagani-

1247 1101 1294 1123 cis
1304 1090 1420 1125 fabulis
1432 1092 1564 1128 scateret
1573 1119 1584 1135 ,
1610 1096 1756 1140 adeoque
1769 1098 1787 1132 ὲ
1800 1099 1911 1142 spiritu
1924 1101 2042 1136 Sansto
2051 1114 2123 1138 non

1246 1141 1339 1174 esset.
1368 1140 1495 1188 Qbus
1505 1144 1661 1181 omnibus
1682 1148 1806 1181 varium
1827 1150 2000 1186 anathema
2022 1151 2134 1195 Syrio-1

1248 1188 1308 1223 dus
1325 1191 1522 1227 adclamavit
1535 1219 1543 1228 .

1299 1241 1429 1275 Exinde
1441 1242 1504 1287 legi
1515 1243 1570 1278 fibi
1587 1245 1672 1288 juffit
1687 1247 1787 1281 etiam
1799 1247 1969 1290 Judaicum
1991 1251 2128 1295 Symbo-

1246 1289 1334 1331 lum,
1360 1291 1377 1325 ὲ
1400 1291 1551 1327 Charifio
1563 1294 1852 1339 philadelphiensis
1879 1300 1910 1332 in
1935 1300 2043 1344 Lydia
2066 1301 2128 1335 Ec-

1244 1339 1340 1375 clefiae
1350 1339 1544 1385 Presbytero
1564 1345 1598 1378 &
1610 1346 1792 1380 OEconomo
1803 1350 1987 1383 accusatum
2001 1375 2013 1391 ,
2039 1351 2072 1385 ὅ(
2084 1350 2125 1384 ab

1248 1388 1404 1432 Ephesrna
1417 1391 1554 1434 Synodo
1567 1395 1779 1437 damnatum,
1804 1408 1926 1432 vocans
1945 1402 2126 1433 Sceleratum

1243 1439 1383 1474 Theodori
1405 1442 1566 1479 symbolum
1581 1468 1590 1483 ,
1616 1445 1865 1481 &adclamans2
1895 1453 1952 1482 Hoc
1965 1450 2125 1487 symbolum

1236 1486 1387 1531 sathanas
1410 1492 1586 1535 composuit3
1614 1495 1774 1529 anathema
1795 1503 1821 1531 ei
1834 1522 1847 1538 ,
1868 1504 1920 1540 qut
1938 1498 1988 1533 boc
2009 1499 2121 1538 symbo-

1240 1540 1301 1572 lum
1319 1539 1491 1584 composuit3
1531 1541 1585 1576 boc
1599 1545 1757 1582 symbolum
1779 1547 1928 1588 prefina
1949 1554 2054 1590 prima
2075 1550 2121 1587 sy-

1241 1590 1335 1621 nodus
1346 1593 1407 1622 una
1417 1601 1481 1623 cum
1493 1591 1614 1625 authore
1624 1596 1689 1634 ejus
1699 1595 1992 1630 anathematizavit.
2023 1601 2120 1631 Unum

1240 1641 1443 1672 tantummodo
1463 1640 1535 1682 fidei
1560 1642 1719 1680 symbolum
1747 1643 1877 1688 firmus,
1902 1649 1983 1688 quod
2010 1652 2120 1689 Nlcqm'

1235 1687 1334 1730 san&
1356 1691 1463 1722 Patres
1482 1690 1676 1734 exposuerunt
1698 1695 1733 1728 ὁ*
1753 1696 1971 1730 tradiderunt:
2005 1700 2045 1731 In
2066 1696 2119 1731 boc

1238 1749 1336 1771 omnes
1356 1738 1506 1780 baptizati
1523 1739 1649 1783 sumus,
1688 1746 1722 1777 ey
1741 1745 1931 1785 baptizamus
1946 1771 1953 1778 .
1983 1746 2024 1780 In
2053 1747 2118 1780 Ne·

1239 1800 1329 1822 caeno
1339 1788 1497 1830 Symbolo
1510 1792 1602 1824 audio
1616 1803 1670 1833 per
1690 1794 1861 1835 Synodum
1884 1794 2118 1829 Constantino-

1239 1837 1436 1880 politanam.
1465 1838 1633 1873 Anatbema
1652 1841 1796 1875 Theodoro
1818 1842 2035 1886 Mopsuesteno.
2061 1844 2116 1884 Iste

1239 1885 1488 1930 Dispensationem
1499 1890 1681 1930 injuriavit.
1711 1892 1947 1927 Anathemaillis
1959 1919 1970 1935 ,
1995 1898 2048 1936 qur?
2059 1906 2115 1927 non

1236 1936 1494 1970 anathematizant
1505 1939 1605 1972 illum.
1633 1939 1811 1983 Defensores
1833 1945 1897 1983 ejus
1903 1945 2005 1988 Judel
2017 1942 2114 1987 fimt3

1231 1985 1369 2028 sequaces
1380 1989 1445 2028 ejus
1460 1990 1575 2031 Pagani
1591 1988 1685 2031 sunt.
1712 1993 1819 2025 Multis
1843 1999 1932 2025 annis
1953 1997 2116 2034 Imperato-

1235 2048 1318 2078 rem3
1344 2037 1543 2076 Christianum
1565 2043 1774 2081 Imperatorem
1792 2042 1893 2074 mulus
1915 2048 2026 2075 annls.
2063 2045 2094 2075 Ε
2100 2053 2115 2076 t

1234 2084 1285 2118 boc
1304 2086 1408 2120 bonum
1430 2087 1484 2119 tibi
1503 2086 1666 2130 servatur.
1694 2092 1828 2123 Zizania
1849 2100 1882 2124 tu
1898 2090 2003 2132 eja-esti
2016 2115 2028 2131 ,
2054 2094 2116 2125 Ec·

1233 2134 1330 2176 clesias
1343 2146 1376 2171 tu
1395 2137 1571 2177 emendasti.
1598 2138 1782 2172 Theodorum
1805 2139 2034 2183 mopsuestenum
2054 2153 2113 2174 om-

1235 2196 1287 2218 nes
1297 2185 1588 2220 anathematizamus
1601 2199 1608 2220 :
1637 2187 1816 2222 Theodorum
1829 2191 1863 2223 (ς’
1871 2189 2035 2232 conscripta
2045 2192 2110 2231 ejus

1233 2246 1331 2268 omnes
1342 2236 1633 2270 anathematizamus
1654 2263 1661 2270 .
1691 2239 1900 2274 Confirmant
1918 2238 2112 2275 damnatum

1234 2283 1298 2319 hoc
1308 2285 1327 2317 ὲ
1338 2284 1493 2319 Facundo
1502 2286 1731 2322 Hermianenfi
1745 2289 1908 2334 Episcopo
1918 2287 2090 2324 anathema
2102 2302 2110 2322 ε

1232 2336 1264 2367 51
1288 2340 1354 2376 quis
1378 2346 1436 2367 non
1467 2335 1702 2373 anathematizet
1733 2338 1916 2372 Theodorum
1942 2338 2112 2381 Mopsueste-

1232 2395 1302 2417 num
1315 2408 1325 2423 ,
1337 2386 1371 2418 (ι’
1381 2387 1445 2421 eius
1455 2385 1593 2428 dogmata
1603 2410 1614 2424 ,
1638 2385 1755 2428 eosque,
1765 2394 1816 2429 qui
1826 2397 1878 2420 aut
1881 2387 1994 2430 ſsimlia
2002 2387 2109 2430 sapue-

1231 2441 1301 2469 runt
1320 2431 1521 2476 autsapiunt‚
1546 2434 1710 2468 anathema
1725 2434 1772 2473 fit.
1803 2437 1879 2471 Fuit
1902 2438 2045 2482 indigna.
2063 2449 2113 2474 ac·

1231 2482 1384 2517 clamatio
1396 2497 1407 2515 .·
1445 2484 1578 2525 Utpote
1611 2495 1675 2527 qua
1704 2486 1853 2529 Episcopi
1887 2486 2068 2521 Ecclesiam
2092 2487 2112 2521 a

1232 2531 1333 2570 Laico
1353 2532 1504 2576 Principe
1523 2534 1651 2567 donam
1671 2535 1705 2568 δε
1717 2545 1884 2579 purgatam
1898 2537 2110 2581 profitentur.

1232 2582 1275 2616 Et
1287 2582 1365 2617 hinc
1383 2582 1437 2625 ipfi
1460 2585 1679 2625 acquiescere,
1703 2585 1736 2618 δε
1758 2585 1792 2618 in
1812 2584 1990 2621 Theodori
2011 2588 2114 2630 perso-

1231 2643 1307 2666 nam
1319 2632 1453 2666 definire
1469 2633 1644 2667 noluerunt
1654 2634 1783 2676 Synodi
1804 2635 1963 2670 primates
1979 2660 1990 2676 ‚
2004 2638 2113 2678 >inter·

1232 2682 1333 2716 locuti
1343 2682 1471 2717 causam
1488 2682 1524 2716 in
1535 2685 1688 2727 proximo
1708 2685 1853 2720 consessu
1874 2685 1969 2721 latius
1991 2686 2111 2731 disqui-

1231 2732 1366 2767 rendam
1380 2757 1387 2764 .

1336 2915 1889 2966 COLLATIO
1957 2905 2017 2973 ν’.

1279 3037 1511 3081 Examinari
1539 3038 1708 3101 pergitur
1742 3035 1857 3102 causa
1891 3034 2080 3084 Theodori

1429 3104 1605 3171 Episcopi
1637 3104 1913 3173 Mopfhrsteni.

1341 3230 1457 3266 Uintae
1478 3228 1659 3265 Collationi
1673 3254 1683 3270 ,
1719 3231 1809 3265 faerae
1829 3226 1924 3263 tertio*
1942 3226 2018 3260 Idus
2038 3225 2111 3259 Ma-

1355 3281 1424 3323 jas,
1451 3280 1617 3314 Diodorus
1643 3279 1787 3314 Ecclesiae
1806 3276 2111 3319 Constantinopoli-

1369 3341 1449 3366 tanae
1462 3328 1743 3364 Archi-Diaconos
1762 3329 1795 3363 δε
1815 3327 2028 3361 Notariorum
2044 3325 2111 3359 Pri-

1234 3380 1384 3416 micetius
1395 3380 1531 3423 legenda
1556 3379 1680 3414 obtulit,
1691 3379 1870 3410 sa'nstorum
1891 3375 2020 3410 Patrum
2031 3374 2112 3415 ,Ae-

1234 3442 1314 3477 gum
1334 3430 1552 3477 Imperialium
1564 3452 1576 3471 ,
1598 3429 1633 3464 &
1644 3426 1936 3463 Ecclefiasticarum
1948 3425 1982 3460 in
1996 3424 2114 3460 Theo-

1941 3476 2064 3512 dorum
