2340 3736
333 135 435 180 214

326 198 530 239 Introductus
551 199 628 236 vero
650 201 685 237 in
709 200 881 246 Synodum
900 223 910 241 ,
935 212 972 236 ac
992 202 1009 234 ὲ
1033 202 1149 234 Sancto

276 253 439 290 Flaviano
464 260 595 297 rogatus
606 250 822 287 Abrahamius
832 252 965 295 Septimi
978 249 1150 292 Presbyter

277 303 440 349 reposuit:
465 303 648 335 Emmanuel
666 302 815 341 Presbyter
836 303 871 335 ό·
892 298 1152 334 Archi-Mandata

278 356 391 389 direxit
402 354 448 386 ad
459 353 598 394 Asterium
619 351 768 387 Ecclefiae
779 349 1153 393 Constantinopolitanae

278 405 484 443 Presbyterum
493 401 556 444 beet·
567 403 741 435 denunciare
755 426 765 442 ‚
790 401 868 443 quod
876 398 1020 438 Eutyches
1033 397 1155 437 Presby-

278 465 325 488 ter
346 452 648 488 &Archi-Mandata
666 453 778 485 direxit
797 457 823 483 et·
841 457 950 483 tomum
971 450 1007 482 de
1013 448 1094 491 fide,
1119 449 1156 481 (9

277 502 421 549 suadebat
434 507 458 535 ei
470 507 502 535 in
513 513 544 535 eo
559 499 738 545 subscribere
748 525 755 532 .
783 503 829 532 Et
838 498 901 533 baec
911 500 1074 531 mandavit
1085 522 1097 538 ‚
1123 504 1157 530 ut

277 552 441 597 praedtHus
464 551 615 591 Presbyter
637 552 762 594 Asterius
774 548 879 591 vestrae
896 547 1032 595 suggerat
1044 546 1156 581 sanm-

281 608 341 637 tati
355 628 362 636 .
390 601 501 636 Etiam
511 610 567 646 per
585 601 648 635 alia
666 602 750 635 circa
761 599 903 644 Regiam
923 599 1037 633 urbem
1048 608 1159 632 mona·

280 652 375 687 steria
393 652 508 686 ssmiles
525 651 568 686 de
578 651 646 685 laesa
670 650 734 684 fide
746 649 962 693 querimonias
981 649 1016 683 &
1027 647 1158 682 subscri-

282 702 407 738 bendos
416 711 526 736 tomos
537 700 697 736 direxerat
719 700 883 742 inquietus
897 696 1085 741 Eutyches,
1111 709 1156 732 at-

283 765 347 797 que
360 753 405 786 ita
414 751 455 787 ad
465 751 658 786 accusatoris
670 749 801 784 Eusebii
824 759 931 793 preces
945 750 1077 783 Sanffus
1090 748 1158 793 Fla-

282 804 397 837 vianus
421 800 462 836 ad
471 799 558 835 urbis
579 800 774 835 monasteria
783 798 918 834 Petrum
929 797 1157 842 Presbyterum

281 854 314 887 δε
337 852 515 886 Patricium
538 850 729 885 Diaconum
753 859 841 884 trans
862 850 896 884 in
918 850 1016 893 Sycas
1035 846 1159 882 Rheto-

280 904 366 937 rium
380 900 609 946 Presbyterum
629 912 667 934 ac
680 898 874 943 Eutropium
885 899 1074 934 Diaconum
1085 921 1096 939 ,
1123 898 1156 932 in

278 954 447 988 civitatem
472 951 550 986 vero
561 950 864 985 Chalcedonensem
884 948 1006 995 legavit
1018 947 1156 982 Paulum

281 1016 319 1038 ac
332 1004 492 1046 Ioannem
502 1000 730 1043 Presbyteros,
744 999 914 1034 veritatem
926 998 1136 1041 inquifituros
1149 1019 1158 1032 .

281 1053 416 1087 Etenim
437 1049 681 1084 subscribendos
695 1048 822 1083 libellos
843 1058 896 1092 per
906 1047 1100 1082 monasteria
1112 1046 1155 1081 di-

279 1105 385 1148 rigere
403 1102 449 1136 est
462 1099 591 1143 peffima
601 1098 755 1133 haereticae
778 1097 981 1134 turbulentia-1
993 1098 1135 1143 nequitia
1147 1123 1157 1139 ,

279 1155 391 1186 nitens
412 1150 593 1185 subvertere
615 1149 773 1183 firmiores
795 1149 869 1183 fidei
885 1160 923 1182 ac
945 1148 1093 1183 Ecclefiae
1104 1159 1158 1182 co-

280 1202 429 1236 lumnas.
458 1200 638 1235 Patricium
649 1199 840 1233 Diaconum
862 1198 973 1232 laudat
995 1200 1028 1232 in
1042 1198 1158 1232 litteris

276 1253 321 1285 ad
346 1251 543 1286 Anatolium
562 1249 667 1284 Sancti
681 1249 829 1284 Flaviani
851 1249 1060 1284 successorem
1079 1249 1158 1284 San-

278 1305 347 1337 etus
359 1303 431 1336 Leo
442 1302 606 1346 Magnus.

330 1350 488 1395 Sycarum
498 1376 507 1392 ,
537 1352 571 1384 in
584 1362 661 1394 quas
672 1349 850 1384 Rhetorius
862 1349 1034 1392 Presbyter
1047 1349 1080 1383 ὃς
1093 1349 1157 1383 Eu-

277 1403 404 1446 tropius
423 1402 595 1435 Diaconus
620 1401 708 1435 fuere
719 1401 832 1445 Legati
846 1425 856 1440 ‚
884 1401 1036 1434 meminit
1057 1399 1156 1433 etiam

277 1453 448 1496 Zozymus
469 1464 478 1484 2
505 1452 555 1484 Ad
575 1453 659 1490 sycas
681 1476 691 1491 ,
716 1452 795 1492 quod
809 1449 945 1493 suburbii
971 1460 1075 1482 nomen
1097 1449 1154 1489 est.

277 1503 323 1536 Et
334 1503 368 1535 in
380 1501 507 1536 Codice
515 1500 723 1544 Iustinianaeo
734 1500 775 1533 ad
796 1499 930 1533 titulum
942 1498 982 1532 de
992 1500 1157 1533 Sacrosan-

278 1553 336 1586 stis
348 1551 499 1585 Ecclefiis
513 1549 698 1583 Anastasius
711 1548 899 1593 Augustus:
925 1550 999 1586 Sycae
1014 1546 1066 1590 seu
1082 1550 1157 1587 syco-

277 1613 344 1635 rum
364 1599 502 1642 tranfitus
512 1608 588 1642 pars
607 1598 680 1643 sunt
701 1604 838 1632 civitatis
859 1622 866 1630 .
894 1598 938 1631 Et
960 1597 1155 1642 justinianus

277 1652 459 1695 Imperator
471 1651 504 1683 in
529 1648 598 1694 lege
610 1649 742 1682 novella
764 1648 803 1682 ad
818 1648 977 1692 Ioannem
990 1647 1155 1681 Praetorio-

276 1712 351 1736 rum
379 1700 563 1734 Praefectum
583 1711 591 1731 :
623 1698 748 1733 Videtur
771 1703 855 1731 intra
880 1709 969 1731 novos
993 1709 1092 1730 muros
1121 1699 1154 1731 <5

278 1749 670 1794 tranfitusJustintanarum
684 1746 737 1791 seu
762 1750 894 1787 sycarum
907 1771 914 1779 .
944 1749 986 1781 Et
998 1748 1032 1781 in
1045 1747 1154 1782 Eccle-

276 1802 398 1835 siastica
408 1799 543 1834 historia
555 1800 710 1833 Hermias
727 1799 934 1832 Zozomenus
948 1811 955 1830 ε
984 1800 1075 1830 Locus
1085 1799 1101 1831 e*
1112 1810 1156 1831 re-

272 1858 361 1898 gione
370 1856 508 1884 civitatis
512 1851 596 1892 jacet
609 1873 620 1888 ‚
644 1851 772 1890 Sycaeque
785 1850 894 1881 dicitur
908 1873 918 1888 ‚
943 1856 1032 1890 atque
1044 1849 1156 1881 decima

277 1908 370 1936 tertia
379 1906 456 1944 regio
467 1899 504 1940 est
516 1899 599 1933 urbis
615 1898 878 1939 constantinopolis
894 1923 900 1930 .
928 1898 1156 1931 Novatianen-

276 1953 359 1986 sium
379 1950 557 1984 Ecclefiam
581 1973 592 1988 ,
619 1948 637 1980 a
658 1946 860 1981 Macedonio
885 1947 1046 1989 Episcopo
1067 1947 1154 1981 Con-

277 1999 578 2043 stantinopolitano
590 1998 731 2031 eversam
742 2021 753 2036 ,
779 2006 886 2030 narrat
898 1997 981 2031 miro
992 1997 1073 2031 istuc
1087 2007 1155 2030 mo-

279 2052 326 2086 do
339 2051 431 2085 fuisse
452 2048 639 2083 translatam
653 2070 661 2078 .
689 2046 732 2080 Et
743 2047 878 2088 antiqua
894 2046 1043 2080 Romani
1054 2047 1157 2090 Impe-

275 2102 319 2136 rii
335 2099 455 2135 notitia
465 2099 596 2133 tertiam
606 2096 768 2130 decimam
779 2096 865 2130 urbis
875 2096 1044 2140 regionem
1060 2107 1155 2130 vocat

275 2152 462 2194 Sycaenam.
491 2147 548 2180 Est
576 2145 742 2190 peninsula
766 2170 776 2185 ‚
806 2157 848 2179 ex
869 2156 938 2179 uno
958 2146 1054 2189 plana
1076 2170 1087 2187 ,
1115 2157 1156 2179 ex

272 2201 345 2236 alio
368 2201 469 2234 latere
500 2196 651 2232 montosa
674 2218 686 2236 ,
713 2194 840 2230 ficubus
860 2195 954 2238 plena
969 2220 979 2235 ,
1015 2207 1053 2230 ac
1081 2195 1156 2230 inde

274 2252 365 2286 dista
387 2250 534 2291 Sycaena.
568 2248 651 2281 Earn
672 2245 837 2280 nobilibus
846 2245 990 2280 aedificiis
1003 2246 1037 2279 ὃς
1057 2246 1157 2279 muris

277 2298 516 2335 Constantinus
539 2298 705 2341 MagnuS‚
732 2295 860 2330 theatro
884 2320 895 2336 ,
922 2296 1014 2336 foro,
1044 2296 1156 2329 Eccle-

277 2351 351 2391 sris‚
377 2347 580 2382 monasteriis
604 2345 842 2389 aliiPrincipes
864 2354 1042 2383 ornarunt,
1067 2344 1157 2387 Justi-

279 2397 427 2434 nianusa
448 2397 585 2431 nomine
598 2397 655 2429 suo
676 2396 805 2429 vocavit
828 2394 1058 2438 Justinianam.
1086 2394 1160 2428 Ho-

280 2449 336 2484 die
345 2447 463 2482 dicitur
473 2445 554 2480 Pera
575 2446 629 2479 seu
642 2445 747 2478 Peraea
760 2469 770 2484 ,
798 2444 831 2478 id
851 2445 896 2478 est
909 2469 919 2484 ,
948 2445 1159 2487 Trajeecum,

280 2498 383 2535 habet
393 2496 587 2540 cymbarum
602 2494 705 2528 millia
717 2495 758 2528 ad
770 2492 921 2528 homines
932 2493 1050 2529 affidue
1061 2497 1160 2527 trans-

282 2549 462 2594 portandos
485 2572 494 2579 .
521 2546 566 2580 Et
584 2542 663 2578 hinc
685 2545 817 2578 sanctus
841 2543 1015 2578 Flavianus
1034 2543 1076 2577 ad
1094 2543 1160 2586 ejus

282 2596 479 2632 monasteria
492 2595 612 2640 legavit
625 2594 776 2637 speciales
799 2594 1001 2638 inquisitores
1012 2618 1020 2625 .
1085 2594 1161 2627 odie

285 2650 367 2683 item
381 2655 516 2681 vocatur
529 2642 668 2678 Galatha
681 2668 692 2684 ,
717 2642 806 2687 quod
817 2642 1019 2677 inhabitetur
1068 2644 1164 2676 raeser-

285 2698 376 2732 tima
403 2695 530 2731 Latinis
555 2693 742 2737 Europaeis,
767 2704 850 2737 quos
871 2693 1041 2727 omneszssc·
1056 2693 1162 2727 Turci

285 2750 319 2782 ὅ(
330 2747 434 2781 Graeci
446 2743 624 2780 Christiani
648 2744 758 2787 paffim
771 2743 937 2786 adpellant
959 2744 1101 2776 Francos
1111 2743 1164 2777 seu

287 2796 404 2831 Gallos
415 2821 426 2836 ,
451 2796 564 2839 utique
572 2794 590 2828 a
601 2794 689 2828 sacro
701 2792 787 2828 bello
799 2804 853 2836 per
864 2792 1044 2828 Urbanum
1055 2792 1167 2827 sccun-

288 2848 369 2881 dum
394 2845 563 2885 instituto,
591 2843 682 2887 cujus
705 2842 850 2878 nobilior
870 2842 942 2886 pars
967 2843 1088 2877 fuimus
1103 2853 1163 2876 nos

289 2896 423 2933 Flandri
439 2919 449 2936 ,
475 2896 508 2929 &
518 2894 625 2930 caeteri
637 2894 752 2927 Franci
765 2917 772 2925 .

343 2945 526 2988 Presbyteri
547 2943 679 2978 interim
692 2944 821 2977 Mamas
839 2942 874 2976 &
895 2940 1107 2985 Theophilus
1128 2942 1169 2976 ad

292 2994 488 3037 Eutychetis
500 2993 734 3029 monasterium
747 2993 909 3036 reperiunt
924 2991 1043 3025 stantes
1053 2991 1088 3025 in
1100 3003 1172 3034 por-

292 3054 326 3079 ta
347 3043 527 3079 monachos
550 3043 734 3078 constanter
754 3043 997 3077 adseverantes:
1028 3044 1170 3074 Dominus

295 3095 554 3128 Archi-Mandrrta
574 3101 718 3138 aegrotat,
742 3094 777 3127 tir
800 3093 904 3126 videre
915 3103 971 3125 vos
990 3101 1048 3124 non
1058 3090 1149 3134 potest
1165 3115 1172 3123 .

293 3142 421 3178 Prodiit
441 3143 648 3186 postmodum
673 3142 858 3177 Eleufinius
883 3140 1063 3176 monachus
1089 3164 1100 3180 ,
1133 3140 1174 3174 de

297 3205 362 3235 quo
372 3194 427 3239 alii
440 3192 481 3227 ad
494 3192 637 3236 Legatos
656 3192 881 3234 presbyteros:
911 3193 1061 3235 ,Quoniam
1075 3190 1175 3224 Archi-

297 3244 453 3275 Mandrtta
472 3241 563 3282 noster
575 3250 721 3285 aegrotat‚
745 3242 819 3273 bunc
827 3240 880 3283 suo
904 3243 962 3274 loco
973 3242 1087 3274 direxit
1100 3264 1111 3282 ,
1144 3249 1177 3275 ut

297 3295 325 3322 ci
351 3303 416 3332 quae
424 3290 495 3333 sunt
515 3292 663 3324 mandata
685 3291 792 3323 dicatis
807 3314 814 3322 .
842 3289 968 3325 Verum
990 3291 1079 3324 enim
1102 3289 1178 3325 vero

300 3339 506 3380 Eutycheten
529 3338 660 3379 videre,
686 3340 720 3372 &
743 3338 871 3382 Synodi
896 3340 1049 3374 mandata
1062 3338 1118 3383 ipsi
1141 3339 1176 3373 in

300 3388 418 3423 faciem
440 3390 570 3425 recitare
592 3388 765 3424 voluerunt
790 3387 997 3431 Presbyteri,
1024 3398 1120 3434 atque
1131 3389 1176 3424 ita

720 3531 794 3539 --—-·-‘

952 115 1404 167 Arreston}

1217 199 1348 234 tandem
1360 199 1379 233 a
1398 198 1577 237 turbatis&
1600 202 1796 239 multainter
1814 203 1878 240 stse
1898 203 2084 241 su‘urranti-

1217 248 1275 283 bus
1297 247 1468 283 monachis
1483 252 1564 284 ⁴sunt
1583 251 1625 286 ad
1643 251 1814 289 hominem
1845 255 1968 290 admiffi
1990 280 2003 296 ,
2026 256 2087 300 qui

1217 298 1287 342 post
1299 298 1414 333 lectam
1425 298 1589 342 synodalis
1597 302 1763 339 citationis
1771 303 1915 340 chartam
1928 305 2065 349 reposuit
2074 317 2083 337 ε

1216 352 1282 392 Ego
1291 350 1378 391 apud
1382 359 1427 382 me
1436 348 1592 390 definitum
1602 349 1691 384 babeo
1699 356 1777 387 carre
1783 361 1884 390 mortis
1895 357 2081 397 necfftatem

1216 410 1275 432 non
1293 399 1393 443 egredi
1411 397 1630 439 monasterium.
1655 403 1800 437 Pervtdet
1821 407 1856 440 (9
1873 405 1981 448 sanda
2001 408 2084 445 syno-

1216 449 1270 481 dus
1292 473 1305 489 ,
1327 450 1361 482 (5
1380 452 1438 483 Det
1458 449 1668 489 amanttffimus
1694 450 1956 497 Archi-Epiftopus
1977 481 1988 497 ,
2015 467 2085 499 quo-

1217 505 1299 532 niam
1305 497 1399 542 senex
1404 498 1515 542 sum&
1533 498 1663 540 effeetus.
1694 498 1797 535 Aliud
1809 507 1989 548 extorqueri
2011 517 2081 539 non

1219 550 1346 591 potuit,
1370 559 1467 592 quam
1489 548 1591 583 hocce
1612 547 1891 586 additamentum:
1918 556 1969 587 Ne
1981 556 2085 588 iterum

1217 599 1368 642 dirigant.
1396 599 1488 642 ‚Quod
1505 601 1611 633 volunt
1632 601 1667 634 tir
1687 609 1758 634 ante
1778 607 1898 634 tertiam
1921 607 2085 637 citationem

1211 647 1336 689 faciant
1347 672 1354 680 .
1382 648 1459 681 Mihi
1470 654 1546 682 enim
1557 673 1568 690 ,
1592 648 1649 691 acsi
1661 650 1805 693 vbcaffent
1817 674 1828 690 ,
1846 649 1920 694 sum
1930 673 1938 683 .
1963 650 2087 686 Trade-

1219 709 1318 736 re‚aut
1330 697 1441 733 saltem
1450 698 1556 744 legere
1566 698 1631 733 illis
1643 701 1750 734 voluit
1761 700 1937 744 quamdam
1946 699 1964 734 a
1976 702 2007 735 se
2023 700 2090 734 sub-

1219 748 1367 791 scriptam
1386 772 1396 788 ,
1434 748 1468 782 &
1496 749 1634 792 Synodo
1667 749 1895 795 porrigendam
1921 749 2090 794 chartam3

1218 797 1287 839 illi,
1316 797 1429 841 utpote
1450 809 1517 832 non
1540 797 1695 834 habentes
1714 800 1901 834 mandatum
1915 825 1925 840 ,
1952 801 1985 834 &
2008 801 2092 834 acci-

1219 859 1291 892 pere
1302 849 1336 883 &
1347 846 1458 883 audire
1469 849 1655 884 recusarunt
1664 874 1673 883 .
1700 850 1745 884 Et
1754 847 1819 884 haec
1829 851 1941 886 omnia
1953 851 2083 885 reduces

1217 899 1356 942 Synodo
1375 898 1550 933 retulerunt
1565 924 1572 931 .

1267 946 1322 983 Ad
1335 959 1406 993 quae
1416 948 1498 983 recte
1509 949 1676 983 accusator
1701 949 1874 984 Eusebius:
1901 954 2088 994 Eat-cogitatio

1211 997 1327 1042 semper
1346 1000 1379 1032 (⁸5
1401 998 1497 1040 occafio
1511 997 1549 1039 est
1565 998 1706 1033 obnexus
1717 1023 1729 1039 ,
1753 1010 1786 1033 ut
1796 1000 1987 1034 dilationibus
2000 1010 2090 1033 utan-
2130 992 2131 995 ¹

1217 1059 1265 1082 rur
1277 1073 1284 1082 .
1313 1049 1513 1083 Haereticum
1525 1049 1560 1083 &
1571 1059 1798 1084 contumacem
1822 1049 2022 1084 monachum
2034 1061 2094 1093 po·

1217 1098 1349 1133 stulavit
1369 1099 1510 1133 invitum
1523 1098 1661 1141 Synodo
1681 1098 1762 1132 fisti.
1790 1099 1908 1133 Atilia
1934 1098 2091 1134 violentia

1217 1150 1335 1184 Sansto
1354 1148 1514 1183 Flaviano
1524 1160 1594 1183 non
1615 1149 1736 1193 placuit
1748 1174 1760 1190 ,
1787 1147 2020 1197 ideoque-misit
2041 1148 2092 1182 illi

1217 1198 1343 1233 tertiam
1356 1209 1394 1233 ac
1405 1199 1652 1242 peremptoriam
1666 1199 1858 1234 citationem
1869 1209 1924 1243 per
1935 1198 2093 1233 Memno-
2111 1216 2114 1217 ν

1218 1259 1292 1282 nem
1318 1247 1568 1290 Presbyterum,
1593 1249 1627 1283 &
1652 1248 1855 1283 Germanum
1879 1248 2092 1283 Diaconum.

1217 1298 1345 1332 Citatus
1357 1299 1418 1332 fuit
1430 1298 1471 1332 ad
1484 1298 1595 1331 feriam
1607 1296 1752 1342 quartam
1770 1299 1952 1342 proximam
1964 1322 1975 1339 ,
2001 1297 2093 1332 diem

1216 1349 1378 1384 decimam
1389 1348 1559 1391 septimam
1571 1347 1771 1383 Novembris
1786 1372 1794 1382 .

1421 1626 1723 1678 ACTIO
1790 1631 1882 1679 IV.

1309 1799 1343 1832 D
1354 1805 1501 1840 quartam
1516 1795 1694 1832 Actionem
1704 1821 1717 1838 ,
1740 1799 1859 1833 factam
1869 1799 1949 1839 feria
1972 1799 2067 1834 tertia
2078 1823 2090 1839 ,

1333 1848 1389 1883 die
1423 1850 1513 1881 sexto
1543 1847 1673 1880 decimo
1706 1846 1905 1882 Novembris
1926 1872 1937 1888 ,
1964 1849 2094 1882 saneque

1219 1900 1389 1932 Flavianus
1411 1895 1579 1940 disputavit
1593 1898 1630 1929 de
1655 1895 1856 1938 Ecclefiasticts
1880 1898 2094 1942 dogmatibus,

1216 1946 1426 1992 spectantibus
1447 1945 1487 1981 ad
1500 1946 1684 1989 praesentem
1707 1946 1939 1990 quaestionem.
1965 1947 2094 1982 Verum

1215 1998 1255 2032 ab
1277 1995 1468 2040 Asclepiade
1490 1995 1693 2030 Diacono&
1714 1996 1859 2029 Notario
1869 1997 1932 2030 fuit
1945 1997 2095 2041 interpel-

1214 2048 1297 2083 latus
1309 2061 1316 2081 :
1344 2047 1480 2090 ,Quidam
1491 2045 1624 2079 monachi
1635 2046 1673 2077 ab
1695 2045 1952 2079 Archi-Mandata
1963 2047 1996 2080 Θ·
2008 2045 2091 2089 Prefi

1215 2098 1308 2136 bytero
1328 2095 1455 2135 Eutyche
1471 2094 1595 2136 dtreffl,
1621 2096 1655 2128 (δ’
1677 2094 1875 2129 abrahamius
1897 2096 2093 2136 reverendiffi·

1216 2159 1279 2181 mus
1291 2147 1444 2185 Presbyter
1457 2143 1836 2186 &Arcbl-Mandritaforts
1845 2143 1917 2188 sunt
1931 2170 1941 2185 ‚
1954 2147 1989 2180 6·
2001 2145 2099 2187 postu·
2119 2157 2122 2160 ⁴

1217 2199 1284 2231 lant
1307 2196 1436 2240 ingredi.
1466 2195 1569 2229 Erant
1590 2193 1775 2228 Eleufinius
1794 2219 1806 2235 ,
1833 2194 2097 2236 Constantium,

1222 2248 1256 2282 &
1270 2245 1483 2281 Constantius
1504 2243 1648 2279 Diaconi
1660 2245 1693 2278 &
1705 2243 1860 2278 monachi
1882 2255 1924 2279 ex
1934 2245 2097 2279 monaste-

1218 2298 1269 2332 rio
1281 2295 1493 2339 Eutychetis.
1523 2294 1592 2328 Eos
1603 2295 1737 2328 sanstus
1747 2294 1921 2328 Flavianus
1947 2294 2098 2329 intromi-

1218 2348 1277 2387 fit,
1303 2346 1503 2387 verbumque
1523 2344 1602 2378 fecit
1628 2344 1733 2377 dietus
1743 2341 1979 2378 Abrahamius:
2007 2347 2095 2376 Dire-

1218 2402 1266 2430 xit
1279 2406 1330 2428 nos
1352 2394 1494 2433 Eutyches
1517 2401 1683 2436 aegrotans.
1715 2396 1771 2425 Per
1781 2398 1925 2426 orationes
1937 2398 2015 2426 enim
2025 2401 2094 2425 tuas

1218 2455 1281 2479 tota
1293 2445 1373 2478 neele
1393 2446 1519 2476 dormire
1530 2454 1587 2475 non
1604 2447 1700 2483 potuit
1714 2453 1836 2485 gemens
1848 2467 1855 2474 .
1884 2447 1949 2476 Nx
1962 2453 2011 2486 ego
2031 2448 2094 2485 qul-

1219 2497 1256 2529 de
1275 2496 1425 2532 dormivi,
1452 2503 1483 2525 eo
1502 2500 1650 2535 gemente.
1681 2496 1705 2523 A
1726 2491 1848 2535 vespere
1873 2500 1953 2525 enim
1975 2500 2097 2534 propter

1220 2543 1270 2578 boc
1278 2555 1324 2578 me
1346 2547 1482 2576 vocavit.
1509 2544 1600 2573 Dixit
1612 2549 1712 2573 autem
1733 2543 1855 2583 aliqua,
1881 2551 1914 2576 ut
1925 2542 2021 2576 dicere
2041 2545 2100 2575 Do·

1221 2599 1318 2627 mino.
1345 2592 1455 2631 Voces
1468 2615 1479 2630 ‚
1505 2593 1564 2624 Per
1576 2596 1721 2623 orationes
1747 2600 1818 2624 tuas
1831 2615 1842 2631 ,
1868 2592 1943 2626 sunt
1955 2591 2104 2634 adjuran-

1222 2645 1255 2679 di
1268 2643 1422 2686 Episcopi
1453 2640 1615 2678 formula,
1639 2640 1750 2674 similis
1776 2639 1878 2675 huic.-
1905 2644 1965 2674 Per
1969 2639 2103 2685 salutem

1223 2693 1422 2728 &valonam
1430 2695 1621 2733 Imperatoris
1636 2715 1643 2721 .
1672 2690 1764 2725 Facit
1778 2690 1867 2725 hunc
1876 2692 2005 2725 sensum
2020 2704 2027 2724 :
2048 2693 2102 2724 lta

1225 2747 1304 2777 Deus
1315 2743 1461 2776 exaudiat
1473 2750 1542 2773 tuas
1562 2746 1704 2785 orationes
1717 2765 1725 2772 .
1755 2739 1811 2774 Ab
1822 2739 2017 2775 Abrahamii
2040 2740 2103 2775 do-

1226 2793 1335 2828 lorofis
1347 2790 1561 2837 querimoniis
1570 2798 1662 2824 mota
1671 2791 1803 2824 fuerunt
1814 2790 1993 2825 S.Flaviani
2005 2790 2089 2824 visce
2096 2808 2108 2817 ·

1227 2843 1307 2883 ra‚&
1320 2842 1416 2876 dixit.-
1431 2844 1477 2873 Et
1486 2844 1727 2880 intermittimus,
1741 2851 1777 2873 ne
1786 2847 1973 2874 imminemus
1985 2865 1996 2881 ,
2011 2851 2103 2883 neque

1226 2899 1303 2927 enlm
1312 2898 1344 2924 in
1356 2889 1542 2934 absciffionem
1554 2887 1722 2932 inspicimus
1731 2913 1742 2930 ‚
1763 2889 1823 2933 sed
1830 2892 1875 2923 ad
1884 2897 2101 2924 incrementum.

1228 2942 1357 2978 Divina:
1367 2939 1590 2975 misericordiae
1600 2940 1631 2974 se
1642 2941 1703 2974 effe
1713 2941 1932 2975 aemulatorem
1957 2941 2002 2975 est
2023 2939 2105 2973 mul-

1229 2992 1270 3027 tis
1293 2991 1483 3036 protestatus
1502 3014 1509 3020 .
1535 2987 1738 3024 Abrahamio
1765 2989 1934 3033 replicanti
1958 3014 1969 3030 ,
2005 2989 2104 3029 Mihi,

1226 3050 1281 3085 per
1293 3041 1413 3084 vestigia
1424 3041 1477 3073 tua
1486 3063 1497 3080 ,
1522 3040 1556 3072 (9⁹
1566 3041 1628 3073 alia
1641 3040 1743 3082 aliqua
1754 3041 1919 3073 mandavit
1936 3038 2079 3078 Eutyches
2091 3061 2104 3077 ‚

1231 3103 1320 3134 quae,
1339 3089 1682 3134 fitnterrogatusfuero,
1708 3090 1771 3122 dico
1785 3113 1796 3129 ,
1817 3088 2000 3134 respondit:
2026 3089 2106 3130 ‚Quo-

1233 3142 1339 3181 ηιοιίὀ,
1365 3151 1430 3182 rogo
1452 3149 1500 3178 te,
1523 3139 1646 3181 ptysibile
1658 3139 1697 3179 est
1717 3140 1811 3173 altero
1824 3137 1955 3181 accusato
1979 3138 2105 3170 alterum

1237 3190 1358 3224 dicere?
1385 3190 1518 3223 Etenim
1543 3188 1756 3223 criminaliter
1776 3191 1941 3225 accusatus
1951 3186 2040 3229 juxta
2063 3184 2107 3217 le-

1236 3241 1335 3286 ges&
1358 3250 1501 3274 canones
1513 3239 1703 3282 respondere
1726 3240 1839 3283 nequit
1848 3247 1903 3282 per
1923 3244 2104 3278 procurato-

1237 3302 1325 3331 rem,
1351 3300 1418 3333 quo
1439 3299 1572 3322 munere
1592 3300 1652 3332 pro
1675 3286 1860 3331 Eutycbete
1886 3283 2107 3318 Abrahamius

1239 3338 1452 3385 fungebatur.
1478 3338 1631 3373 Inducias
1650 3339 1699 3372 illi
1721 3335 1839 3370 obtulit
1851 3333 2047 3372 Flavianus,
2072 3333 2108 3366 &

1238 3389 1375 3434 perrexit
1389 3401 1401 3423 .·
1429 3389 1579 3423 adveniat
1589 3388 1667 3429 buc,
1692 3387 1736 3419 ad
1743 3388 1852 3418 Patres
1876 3389 1975 3475 ven}et
1988 3405 1998 3421 ‚
2022 3382 2111 3415 &aa

1948 3440 2060 3473 ratres,
