2340 3736
384 70 482 115 240

318 140 571 183 subnotavimus.
599 136 693 181 Usque
718 138 763 171 ad
780 137 935 182 vesperam
956 142 1034 173 enim
1044 143 1202 172 tenuerunt

321 202 401 229 nos,
426 190 609 224 recludentes
619 195 653 222 in
675 187 820 230 Ecclesia,
844 190 1067 232 &aegrotantes
1080 199 1132 221 nos
1154 197 1201 219 ne-

321 251 382 283 que
404 238 546 284 quiescere
563 237 782 283 permiserunt,
807 250 900 281 neque
927 240 1073 278 recedere,
1104 244 1138 269 ut
1148 237 1202 269 ali·

324 291 505 334 quantulum
524 291 771 333 accingeremur,
789 287 848 332 sed
856 290 966 322 milites
989 288 1071 321 nobis
1083 283 1203 326 cumfu-

320 341 418 383 stibus
439 342 592 385 &gladiis
615 337 836 383 imposuerunt,
864 341 899 376 (9⁶
923 337 1098 377 monachos,
1125 335 1203 378 &fic

319 392 460 436 fecerunt
472 403 524 424 nos
530 389 689 433 sicbnotare
699 415 706 422 .
733 390 778 423 Et
790 387 990 423 Theodorus
1001 386 1202 429 Claudiopo-

328 443 496 478 litanusin
510 439 627 475 Isauria
649 440 848 483 Episcopus:
869 438 991 483 Juffum
1001 437 1040 478 est
1064 439 1085 472 a
1106 439 1207 470 Domi-

330 507 368 529 m
390 493 468 526 orbis
492 501 601 532 terra,
626 499 659 522 ut
674 491 802 530 synodus
822 490 859 522 de
881 490 1033 521 Flaviano
1054 488 1142 529 prius
1155 489 1208 528 ju-

329 547 463 578 dicaret.
489 542 537 575 Illi
549 541 659 574 multas
671 541 794 579 synodos
808 544 840 571 in
856 537 907 570 boc
929 535 1024 580 ipsum
1038 537 1208 579 facientes,

325 596 366 629 ὁ·
377 603 470 636 neque
474 590 686 636 subscribentes
697 613 707 629 ,
733 600 823 631 neque
827 586 1050 631 praescribemes
1068 587 1206 630 statuta,

328 655 422 687 neque
431 644 559 687 legentes
583 640 712 679 alicubi,
740 650 830 681 neque
847 637 959 681 sciente
978 639 1100 680 aliquo,
1125 639 1207 672 obtu-

328 697 428 729 lerunt
447 691 529 726 nobis
545 700 641 734 puras
653 688 775 723 chartas
797 687 950 731 Dioscorus
963 689 997 722 (9⁹
1011 692 1043 733 J
1046 690 1202 731 uvenalis,

328 744 551 778 multitudinem
572 737 925 781 habentesfhditiosorum
949 738 1099 772 hominum
1113 764 1123 779 ‚
1148 740 1207 773 cla-

326 800 479 827 mantium
501 816 512 832 ,
539 793 572 824 (⁸7
596 788 836 826 conturbantium
860 813 871 829 ,
907 791 942 825 Θ
963 795 1207 825 commoventium

328 846 490 883 synodum.
516 845 647 875 Centum
667 845 797 884 triginta
818 845 948 883 quinque
958 851 1076 873 eramus
1087 851 1184 874 omnes
1198 864 1207 880 ,

328 899 548 937 quinquaginta
570 894 628 924 duo
639 891 708 931 Juffi
723 888 827 933 sumus
847 899 943 923 tacere
957 913 967 930 ‚
992 892 1096 933 reliqui
1119 900 1207 925 erant

329 943 529 989 Dioscorus&
542 941 731 985 juvenalis,
758 941 960 974 &multitudo
976 939 1199 984 seditiosorum.

322 999 409 1042 Jam
429 994 594 1037 quindecim
624 991 745 1024 tantum
770 989 902 1024 homines
938 990 1176 1034 remanseramus
1197 1018 1203 1025 .

328 1047 418 1089 ,Quid
437 1043 554 1088 essemus
568 1040 709 1082 fac‘luri?
733 1043 770 1072 In
780 1038 926 1083 sanguine
950 1040 1042 1082 nostro
1063 1042 1205 1076 ludebant

327 1096 373 1134 isti
393 1094 523 1127 baeretici
544 1091 690 1132 constituti
712 1114 722 1132 ,
750 1101 812 1124 una
834 1102 901 1125 voce
924 1091 1061 1128 dicebant
1083 1104 1181 1127 omnes
1195 1119 1205 1134 ,

325 1152 494 1178 rei-ruerunt
520 1153 592 1176 nos.
618 1146 780 1175 Haereticos
812 1152 864 1174 nos
886 1142 1049 1183 dixerunt,
1077 1143 1206 1185 &ciclis

321 1194 426 1239 sumus
445 1193 577 1227 baeretici
593 1217 600 1224 .
627 1191 766 1226 Adduxi
790 1189 858 1225 haec
884 1193 995 1227 omnia
1010 1217 1022 1233 ,
1048 1202 1085 1227 ut
1097 1194 1205 1230 videas

324 1244 502 1288 Synodum
514 1242 600 1277 hanc
611 1240 731 1277 merito
742 1242 807 1276 dici
819 1243 1046 1278 latrocinalem
1059 1269 1066 1276 .

375 1294 554 1338 Eutycheti
567 1293 600 1327 &
624 1293 783 1327 Barsumae
804 1291 1003 1330 adhaerentes
1022 1294 1205 1329 monachos

322 1343 507 1389 Stephanus
539 1342 755 1387 Ephesiorum
777 1342 958 1388 Episcopus
990 1344 1079 1378 dixit
1111 1345 1203 1379 fuisse

320 1407 462 1430 numero
486 1404 667 1429 trecentos.
697 1393 741 1426 Et
762 1393 802 1427 ad
825 1405 964 1435 vocem,
991 1395 1202 1436 Parabalanr,

321 1444 422 1480 habet
448 1444 644 1479 Scholiastes
666 1443 877 1487 marginalis:
905 1447 971 1487 ,Qui
995 1447 1072 1478 circa
1097 1445 1204 1479 balnea

321 1495 500 1539 versantur.
528 1495 641 1541 Qam
660 1494 897 1537 expofitionem
920 1496 954 1527 in
981 1494 1202 1530 dissertatione

319 1546 410 1579 abire
431 1545 499 1579 fine
519 1545 669 1578 examine
690 1543 816 1586 permisi
841 1568 847 1574 .
886 1542 1035 1578 Andreas
1056 1543 1203 1579 Alciatus

319 1597 384 1629 esse
392 1595 559 1629 existimat
571 1593 748 1637 adscriptos
760 1591 800 1626 ad
821 1592 975 1638 glebam,
1001 1594 1199 1629 diminutam

316 1646 462 1688 :speciem
483 1646 667 1679 servorum.
696 1643 745 1677 At
770 1654 897 1677 certum
918 1642 963 1677 est
984 1643 1018 1677 &
1040 1644 1144 1687 ipsum
1167 1646 1201 1679 &

318 1694 526 1729 Scholiasten
539 1693 602 1728 labi
619 1718 626 1725 .
653 1692 786 1728 Rectius
807 1693 913 1727 noster
925 1693 1119 1728 Ambrosius
1140 1695 1201 1730 Ca-

318 1745 467 1789 lepinus:
498 1745 689 1778 Parabalam'
700 1746 840 1777 dicuntur
851 1750 949 1777 tenuis
968 1746 1142 1778 condicionis
1154 1745 1203 1778 bo-

318 1802 416 1830 mines
429 1821 440 1836 ‚
463 1794 620 1837 famulitio
643 1793 857 1828 Xenochiorum
870 1792 925 1828 vel
941 1794 1133 1836 Ecclefiarum
1155 1802 1201 1828 ita

319 1848 457 1888 deputati
466 1871 476 1886 ‚
503 1855 536 1878 ut
546 1852 695 1889 integrum
705 1851 747 1878 eis
761 1856 817 1878 non
822 1843 861 1885 fit
873 1846 942 1877 inde
963 1847 1109 1878 recedere.
1136 1846 1201 1880 Lo·

318 1898 430 1939 quitur
441 1907 483 1929 ex
498 1896 649 1929 Honorii
670 1896 703 1928 ὃς
715 1893 901 1928 Theodosii
923 1895 1146 1940 Augustorum
1158 1896 1198 1929 le-

318 1957 362 1990 ge
378 1947 420 1980 ad
442 1945 644 1978 Monaxium
656 1943 816 1978 Praetorio
836 1944 1026 1979 Praefectum
1040 1970 1050 1986 ,
1075 1945 1200 1979 exstan-

315 1997 392 2030 te&
406 1996 441 2029 in
467 1993 707 2028 Theodofiano
721 1994 800 2027 &in
831 1993 1040 2036 Justinianaeo
1055 1995 1197 2030 Codice:

319 2045 508 2080 Parabalani
520 2046 563 2078 ad
579 2045 745 2078 curandam
757 2044 898 2077 debilium
918 2057 1000 2088 aegra
1009 2053 1129 2086 corpora
1150 2047 1200 2079 de-

311 2104 484 2140 putantur.
512 2095 580 2128 Eos
590 2094 631 2127 ad
654 2094 753 2128 instar
775 2092 986 2128 Clericorum
1012 2094 1124 2129 statuit
1145 2096 1199 2129 lex

314 2146 358 2180 ab
372 2146 536 2190 Episcopo
557 2143 661 2188 eligi,
687 2143 779 2177 &uti
803 2142 896 2186 plene
909 2143 1056 2178 subditos
1084 2145 1198 2179 tamin

316 2194 542 2231 criminalibus
552 2206 650 2238 quam
671 2192 827 2227 civilibus
845 2193 978 2235 judicari
1003 2220 1010 2227 .
1038 2195 1134 2229 Hinc
1157 2195 1197 2230 ad

314 2246 415 2280 verba
426 2245 487 2279 ista
500 2245 608 2279 scribit
620 2244 803 2286 Dionyfius
812 2244 1015 2278 Gotofredus
1027 2257 1034 2277 :
1062 2245 1198 2278 Paraba-

317 2297 402 2329 Ianos
423 2296 550 2329 medicos
573 2294 696 2328 arbitrio
720 2293 868 2333 Antistius
892 2294 995 2327 elellos
1010 2319 1021 2335 ‚
1047 2294 1094 2327 hic
1119 2297 1197 2328 locus

318 2347 491 2388 apertiffimo
501 2347 608 2378 indicio
619 2344 657 2384 est
669 2370 675 2376 .
702 2346 788 2377 Unde*
799 2343 1009 2377 Parabalanos
1022 2343 1197 2386 nonfimpli-

318 2408 364 2429 ces
377 2397 502 2429 medicos
513 2419 524 2435 ,
550 2403 604 2427 aut
614 2396 787 2427 medicinam
798 2403 965 2428 exercentes
973 2395 1063 2437 fictffe
1071 2393 1198 2438 suspicio

318 2446 379 2487 est,
400 2443 459 2489 sed
470 2458 515 2479 eos
532 2445 632 2486 potius
652 2450 703 2486 qui
725 2453 800 2476 certo
819 2456 927 2487 genere
950 2450 1037 2484 voti,
1063 2447 1097 2479 (9·
1120 2444 1203 2487 quasi

319 2494 480 2540 Religioso,
505 2496 646 2528 curandis
657 2499 775 2537 aegrotis
794 2494 961 2535 corporibus
985 2496 1124 2535 deputati
1140 2503 1195 2536 pu-

319 2547 410 2580 blice:
437 2547 550 2589 ,Qualis
561 2544 680 2588 augusta
702 2547 825 2576 Lutetia
832 2549 941 2586 paucis
956 2544 995 2576 ab
1022 2543 1091 2576 binc
1104 2551 1196 2577 annis

318 2605 396 2630 certo
418 2607 536 2629 numero
557 2590 703 2634 c'onstituit
724 2618 730 2625 .
759 2594 861 2628 Fuere
881 2593 1003 2637 publici
1040 2593 1198 2629 Xenodo-

319 2646 469 2680 chiorum
482 2645 582 2685 servi,
611 2643 764 2678 homines
788 2644 982 2688 pauperes&
996 2642 1094 2685 viles,
1121 2655 1198 2687 qua-

321 2698 368 2730 les
379 2697 562 2731 etiamnum
575 2697 608 2728 in
618 2694 712 2728 Italia
728 2719 738 2734 ,
766 2695 881 2728 Romae
897 2692 1088 2737 praesertim,
1113 2694 1198 2727 vide-

321 2758 412 2781 mus.
439 2745 656 2780 Parabalanus
676 2743 763 2778 idem
785 2744 830 2778 est
856 2769 867 2784 ,
894 2744 983 2787 quod
1009 2744 1198 2778 temerarius

319 2796 488 2839 objesmr,
512 2795 570 2840 qui
593 2795 729 2838 seipsum
744 2819 755 2835 ‚
778 2795 829 2828 nti
839 2793 881 2828 ad
904 2795 1034 2828 tertiam
1049 2794 1199 2838 Justinia-

319 2848 356 2880 ni
367 2846 508 2891 Augusti
519 2845 681 2880 novellam
694 2845 802 2888 legem
822 2843 960 2878 advertit
973 2844 1115 2888 Jacobus
1131 2844 1200 2878 Cu-

322 2896 442 2939 jacias,
465 2889 579 2930 inultis
598 2907 640 2930 ex
666 2904 862 2939 aegrotorum
884 2905 1061 2937 corporum
1086 2904 1200 2928 conta-

323 2946 417 2989 gioso
441 2948 560 2980 attatstu
582 2945 733 2990 periculis
756 2943 895 2986 objiciat
919 2956 927 2976 :
955 2943 1096 2985 ideoque
1115 2944 1199 2977 lucri

324 2995 434 3038 potius
445 3007 543 3038 quam
562 2995 633 3029 voti
642 2996 735 3029 causa
748 2994 848 3028 credo
857 2993 934 3027 illos
946 2994 1084 3027 serviisse
1094 3018 1102 3025 .
1132 2993 1199 3026 Eos

322 3046 444 3088 quippe
455 3046 590 3079 laudatae
602 3045 747 3079 Honorii
760 3045 794 3078 ὅ(
806 3042 988 3077 Theodofii
1000 3044 1086 3088 leges
1106 3055 1199 3077 man·

325 3094 405 3127 dant
424 3094 486 3127 esse
508 3106 562 3126 non
587 3097 722 3133 divites,
748 3101 799 3137 qut
819 3093 904 3135 istum
925 3094 1087 3127 servitutis
1107 3095 1199 3127 Iocum

321 3146 425 3187 pqffint
445 3145 587 3177 redimere
602 3168 611 3183 ,
632 3144 869 3187 sedpauperese
882 3148 1077 3186 Corporatis.
1105 3144 1199 3178 Prior

325 3195 552 3239 quingentos,
580 3194 735 3235 posterior
758 3196 811 3228 lex
831 3194 983 3227 Ecclefiae
1006 3192 1201 3227 Alexandri-

327 3255 374 3277 na:
394 3243 552 3287 permittit
574 3244 741 3276 sexcentos
762 3268 770 3274 .
796 3244 925 3286 Nempe
944 3242 990 3278 ob
1025 3253 1200 3288 pauperum

329 3293 398 3326 istic
422 3303 580 3337 aegrorum
603 3303 797 3332 numerum,
822 3294 857 3326 &
879 3293 1143 3337 magnitudinem
1165 3293 1199 3326 &

324 3343 458 3384 copiam
470 3341 781 3375 Xenodochioium.
810 3342 942 3375 Etenim
955 3343 1043 3385 quod
1066 3344 1200 3376 Sanctus

327 3390 470 3433 Efreem,
483 3391 627 3428 Ecclefiae
636 3389 1198 3435 Edeffen{Diaconusssrecentorum

1029 55 1489 102 A1³1³13Nn1x

1270 135 1445 173 Lestorum
1478 135 1739 175 Xenodochium
1759 137 1831 174 istic
1852 140 1988 177 erexerit
2001 166 2012 183 ‚
2038 144 2150 181 scribit

1269 185 1304 218 in
1316 183 1450 222 historia
1462 186 1615 223 Lausiaca
1626 188 1792 226 Palladius
1806 191 1985 235 Episcopus
1994 193 2147 230 Heleno·

1268 235 1435 276 politanus
1447 260 1454 267 .
1482 236 1690 274 Exstrueium
1700 240 1719 274 a
1732 241 1763 274 se
1777 242 1979 286 septuaginta
1991 242 2148 280 lectorum

1268 284 1528 321 Xenodochium
1550 286 1660 323 laudat
1672 285 1708 323 in
1730 291 1870 335 Synodo
1890 290 2148 329 Chalcedonensi

1273 334 1441 370 Bassianus
1455 335 1637 380 Episcopus
1645 337 1862 382 Ephesiorum
1871 370 1878 377 .
1906 343 2010 379 Erant
2021 342 2147 379 ibidem

1267 385 1300 421 &
1322 385 1385 420 alia
1411 409 1425 427 ,
1447 385 1595 429 adeoque
1613 387 1648 421 ὃς
1669 388 1767 423 multi
1790 391 1986 429 Parabalani
2007 421 2014 427 .
2044 394 2087 428 Et
2111 393 2149 429 hi

1269 436 1479 470 proconsulis
1490 436 1650 471 militibus
1671 435 1875 475 &Barsumae
1899 455 1937 479 ac
1950 443 2151 489 Eutychetis

1269 486 1441 524 monachis
1460 485 1598 522 admixti
1621 489 1791 528 fecerunt,
1808 490 1900 533 vquod
1921 494 1961 528 ad
1972 494 2146 538 synodum

1268 535 1571 578 Chalcedonensem
1600 537 1686 572 dixit
1723 538 1892 583 Diogenes
1927 543 2146 588 Metropolim

1270 587 1474 629 Cyzicenus:
1503 586 1668 631 Barsumas
1680 591 1785 621 occidit
1801 589 1922 627 ,beatum
1933 594 2118 629 Flavianum
2129 620 2141 636 ‚

1268 635 1333 680 Ipse
1353 636 1499 679 instabat,
1529 640 1562 672 (ν
1578 638 1712 672 dicebat:
1740 640 1941 676 OCClDE.
1967 641 2147 680 Etnniver-

1268 688 1290 720 si
1302 688 1489 723 Orientales
1501 688 1654 733 Episcopi
1668 702 1679 722 .·
1703 693 1830 724 Omnem
1839 692 1950 729 syriam
1976 692 2142 736 Barsumas

1268 743 1397 772 evertit.
1425 742 1523 773 Duxit
1528 738 1620 783 super
1643 751 1695 772 nos
1705 740 1787 774 mille
1812 741 1967 775 monachos
1989 768 1997 776 .
2024 743 2062 777 In
2088 745 2147 787 Sy—

1267 788 1314 822 ria
1334 811 1347 830 ,
1373 799 1443 823 non
1467 787 1581 833 Ephesi
1603 791 1637 824 in
1659 789 1836 825 latrocinio
1859 816 1871 832 ,
1895 791 1952 826 ubi
1977 793 2064 827 solos
2086 803 2148 828 tre-

1267 849 1383 874 centos
1393 839 1487 874 fuisse
1498 839 1565 884 jam
1585 840 1770 887 audivimus
1779 865 1789 876 .
1815 842 1898 876 Haec
1914 842 2013 886 igitur
2024 843 2148 878 facino-

1266 890 1335 924 rosa
1347 900 1454 925 turma
1478 890 1606 934 expulit
1627 891 1864 935 Episcoporum
1891 893 2072 934 Notarios,
2098 894 2146 928 eis
2200 915 2205 921 ι

1268 939 1558 985 digitos&thecas
1569 941 1691 986 fregit,
1717 940 1898 976 fustibus&
1925 943 2047 977 baculi‘s
2057 954 2153 987 com<

1267 990 1349 1034 pulit
1376 991 1557 1036 Episcopos
1581 990 1622 1025 ad
1656 991 1923 1028 subscribendum
1943 1018 1955 1035 ,
1991 994 2151 1039 Sanctum-

1265 1041 1463 1076 Flavianum
1486 1041 1623 1077 obtrIvit
1645 1041 1781 1084 pedibus
1802 1066 1814 1083 ‚
1838 1051 1934 1087 atque
1958 1044 2005 1079 ita
2022 1044 2149 1078 inflixit

1265 1092 1408 1134 primum
1430 1092 1528 1127 isium
1539 1090 1712 1128 lethalem.
1738 1093 1783 1126 Et
1810 1091 1874 1127 huc
1899 1094 2030 1138 rescipit
2056 1094 2148 1135 laus,

1267 1154 1364 1186 quam
1387 1142 1447 1176 sibi
1471 1143 1507 1176 in
1527 1141 1790 1178 Chalcedonensi
1813 1143 1950 1187 Synodo
1984 1142 2146 1187 adscripsit

1267 1192 1446 1236 Stephanus
1458 1193 1639 1238 Episcopus
1651 1191 1886 1238 Ephesiorum:
1915 1195 2010 1237 siqui
2032 1192 2150 1237 Episco-

1261 1252 1369 1285 porum
1383 1256 1441 1278 non
1445 1242 1700 1288 subscripserunt,
1726 1255 1777 1287 ego
1788 1255 1836 1277 eos
1859 1244 1961 1287 infide
1973 1256 2040 1278 mea
2055 1242 2150 1288 susce-

1260 1301 1315 1335 pi,
1343 1295 1378 1328 &
1402 1296 1460 1327 alio
1472 1296 1520 1328 die
1539 1293 1794 1338 subscripserunt.
1822 1294 1866 1328 Et
1886 1305 1987 1338 quam
2012 1293 2069 1328 fibi
2093 1294 2151 1328 ad·

1268 1343 1386 1387 scripsit
1397 1344 1584 1379 Thalassius
1603 1343 1807 1380 Caesareensis
1819 1357 1830 1378 .·
1855 1349 1893 1376 In
1900 1342 2057 1386 ficretario
2074 1344 2147 1386 fue-

1265 1405 1331 1426 ram
1337 1393 1463 1436 pofitus.
1490 1398 1557 1438 Ego
1566 1403 1664 1428 autem
1679 1392 1791 1435 nescivi
1808 1418 1819 1434 ,
1843 1395 1986 1436 quomodo
2012 1393 2081 1437 sum
2092 1402 2148 1436 po·

1260 1443 1337 1485 situs
1349 1469 1357 1477 .
1383 1448 1498 1479 Tamen
1514 1445 1577 1478 ciam
1585 1444 1694 1487 fierent
1710 1444 1816 1486 aliqua
1831 1468 1842 1484 ,
1868 1455 1918 1488 ego
1922 1443 2063 1486 prohibui
2074 1468 2086 1484 ,
2111 1445 2148 1477 <5-

1265 1495 1344 1527 volui
1369 1494 1487 1535 differre
1515 1495 1623 1529 Sancti
1646 1494 1794 1529 Flaviani
1816 1493 2085 1534 damnationem,
2111 1496 2162 1530 ΘΧ

1257 1543 1407 1585 festinavi
1421 1569 1434 1585 ,
1460 1543 1573 1587 &sunt
1585 1543 1669 1586 testes
1682 1569 1690 1577 .

1314 1593 1427 1628 Aliam
1454 1595 1585 1638 insuper
1597 1593 1806 1638 iniquitatem
1832 1603 1985 1639 operatus
1995 1594 2041 1634 est
2052 1594 2148 1629 dolo·

1264 1645 1315 1678 sus
1327 1644 1508 1678 Dioscorus
1519 1668 1530 1684 ,
1555 1644 1596 1678 de
1607 1655 1672 1686 qua
1684 1645 1852 1679 adversum
1873 1640 2057 1679 Orientales
2069 1643 2148 1689 Epi-

1263 1696 1377 1737 scopos
1388 1695 1421 1727 in
1435 1693 1573 1738 Synodo
1583 1692 1842 1729 Chalcedonensi
1866 1695 2022 1729 dixerunt
2032 1693 2146 1739 AEgy-

1268 1744 1348 1788 ptii:
1377 1743 1439 1786 Ipsi
1440 1750 1535 1786 primi
1541 1742 1798 1788 subscripserunt,
1822 1744 1883 1787 post
1892 1756 1947 1778 vos
1959 1755 2009 1778 nos
2019 1743 2146 1788 subscri-

1263 1793 1393 1836 pfimus.
1421 1795 1464 1828 Et
1479 1796 1512 1828 in
1526 1793 1689 1836 Ephesino
1713 1794 1893 1835 Concilio,
1919 1793 2146 1828 &in'hocla-

1260 1845 1404 1878 trocinio
1419 1868 1431 1884 ,
1454 1845 1533 1877 &in
1549 1843 1686 1886 Synodo
1711 1841 1969 1878 Chalcedonenfi
1990 1845 2144 1885 frequens

1260 1893 1304 1927 est
1316 1894 1441 1927 mentio
1453 1893 1691 1937 Episcoporum
1701 1894 1923 1928 Orientalium
1936 1918 1943 1925 .
1969 1893 2037 1927 Pro
2049 1891 2142 1935 cujus

1261 1944 1424 1977 intellectu
1461 1944 1606 1977 notanda
1645 1942 1691 1977 est
1713 1943 1833 1987 duplex
1857 1943 2056 1988 significatio
2083 1954 2143 1977 vo-

1258 1994 1305 2027 cis
1316 2017 1328 2033 ,
1355 1992 1482 2036 Ecclesia
1495 1994 1677 2027 orientalis.
1706 1992 1918 2041 Qandoque
1930 1991 1995 2027 late
2004 1992 2142 2027 sumitur

1258 2055 1316 2086 pro
1337 2044 1518 2077 Orientalis
1541 2042 1674 2086 Imperii
1695 2043 1840 2077 Ecclesia
1855 2066 1867 2083 ‚
1892 2042 2043 2076 distincta
2061 2053 2142 2075 con·

1259 2103 1306 2127 tra
1319 2092 1495 2127 Ecclesiam
1522 2092 1772 2126 Occidentalem
1786 2117 1797 2133 ‚
1823 2092 1966 2136 Imperio
1977 2089 2143 2126 Occiden-

1259 2143 1318 2177 tali
1341 2143 1548 2176 conclusam.
1578 2142 1622 2176 Et
1634 2143 1676 2176 fic
1698 2142 1869 2176 vastiffima
1882 2141 1928 2175 est
1956 2139 2016 2175 ista
2029 2141 2144 2176 Eccle⁴

1259 2194 1303 2227 sia
1323 2215 1334 2231 ‚
1357 2191 1501 2236 utpotea
1521 2190 1670 2227 Thracia
1682 2203 1738 2235 per
1756 2191 1949 2237 AE'gyptum
1972 2192 2006 2225 ἃς
2027 2190 2140 2226 Asiam·

1259 2242 1422 2277 minorem
1443 2244 1545 2286 usque
1571 2242 1611 2276 ad
1626 2242 1783 2277 Eufraten
1810 2243 1845 2277 &
1860 2241 1994 2286 Tigrim
2010 2251 2141 2285 proten-

1259 2294 1311 2333 sa,
1338 2293 1556 2336 complestens
1580 2293 1727 2337 quinque
1749 2291 1940 2327 vastiffimas
1960 2291 2113 2325 dioeceses
2126 2315 2139 2332 ,

1259 2342 1459 2377 Thracicam
1473 2368 1483 2382 ‚
1510 2343 1687 2377 Ponticam
1708 2366 1719 2382 ‚
1750 2339 1930 2380 Amnum,
1957 2341 2139 2386 AEgyptia-

1257 2404 1331 2427 cam
1352 2415 1363 2431 ‚
1398 2392 1434 2425 &
1455 2392 1661 2427 Orientalern
1680 2417 1688 2424 .
1728 2392 1863 2425 Etenim
1890 2390 2071 2425 orientalis
2103 2390 2140 2424 δε

1258 2442 1485 2477 Occidentalis
1498 2441 1627 2484 Imperii
1643 2441 1764 2474 limites
1787 2442 1907 2483 semper
1920 2441 2009 2474 fuere
2029 2438 2140 2474 Thra·
2155 2457 2282 2499 Epistffl.

1257 2491 1523 2526 cicadioecefis&
1546 2491 1733 2534 illyriciana
1749 2513 1756 2521 .
1783 2490 1827 2524 Et
1840 2489 1904 2523 hoc
1931 2491 2025 2524 sensu
2041 2489 2140 2524 Libe-

1258 2541 1324 2576 rius
1337 2541 1496 2575 Pontifex
1509 2540 1617 2575 scribit
1643 2540 1792 2574 Orientis
1802 2540 1836 2574 &
1856 2539 2050 2574 Occidentis
2062 2539 2139 2584 Epi-

1260 2594 1372 2635 scopos
1395 2590 1617 2625 concordare.
1643 2591 1689 2624 Et
1713 2589 1898 2623 Celestinus
1922 2589 2078 2625 Pontifex
2101 2591 2139 2624 in

1259 2642 1373 2676 litteris
1383 2641 1423 2674 ad
1439 2641 1631 2675 Nestorium
1655 2638 1907 2674 Haeresiarcham
1921 2653 1932 2674 .-
1961 2641 2137 2684 Pelagianos

1257 2689 1513 2734 unitaesentenriae
1523 2693 1589 2724 telis
1614 2694 1746 2730 Oriens,
1770 2688 1966 2733 Occidensque
1986 2690 2138 2732 percuffit.

1259 2742 1301 2776 Et
1314 2742 1446 2775 Siricius
1476 2741 1510 2775 in
1524 2740 1638 2775 litteris
1652 2740 1696 2775 aad
1722 2739 1915 2774 Himerium
1940 2739 2139 2783 Metropoli-

1257 2802 1323 2827 tam
1348 2791 1657 2825 Tarraconensem:
1683 2791 1778 2833 ‚Quod
1797 2798 1876 2823 totus
1901 2794 2008 2823 Oriens
2022 2815 2033 2831 ,
2058 2793 2139 2823 Occi-

1257 2841 1384 2885 densque
1403 2841 1524 2881 custoa'it
1544 2865 1552 2872 .
1579 2839 1847 2883 Frequentiffima
1872 2839 1958 2884 apud
1984 2840 2138 2884 antiquos

1257 2893 1435 2935 Scriptores
1453 2890 1499 2925 est
1520 2891 1578 2924 ista
1602 2891 1694 2924 vocis
1715 2890 1882 2933 acceptio.
1910 2890 2088 2925 Ecclesiam
2098 2889 2143 2923 io.

1258 2942 1339 2977 duas
1349 2943 1420 2976 suas
1431 2939 1621 2984 principales
1631 2950 1736 2983 partes
1747 2939 1886 2981 dividit,
1912 2950 1946 2975 at
1958 2940 2141 2984 inadaequa*

1257 3002 1306 3026 tas
1325 3017 1333 3024 .
1361 2991 1451 3025 Nam
1471 2990 1505 3023 &
1525 2990 1612 3034 apud
1636 2989 1788 3025 barbaros
1813 3000 1904 3024 excra
1942 2990 2134 3024 Romanum

1259 3042 1438 3085 Imperium
1448 3041 1571 3084 semper
1582 3041 1713 3076 fuerunt
1723 3040 1872 3075 Ecclesiae
1886 3064 1898 3080 ,
1922 3040 2059 3083 ideoque
2073 3038 2138 3072 Ec-

1258 3092 1358 3126 clefiae
1371 3091 1406 3125 in
1430 3090 1700 3129 Occidentalem,
1723 3087 1952 3129 Orientalem,
1977 3088 2136 3123 Meridioa

1261 3141 1369 3176 nalem
1383 3165 1393 3181 ‚
1420 3153 1458 3175 ac
1469 3141 1764 3184 Septentrionalem
1776 3140 1893 3175 divisio
1903 3141 1949 3175 est
1970 3141 2068 3173 etiam
2079 3148 2137 3171 an·

1260 3193 1351 3235 tiqua
1366 3216 1373 3223 .
1401 3191 1515 3224 Altera
1524 3192 1659 3234 praefatae
1684 3191 1771 3225 vocis
1793 3190 1942 3234 acceptio
1964 3187 2009 3221 est
2034 3186 2139 3230 longe-

1260 3241 1397 3275 stristior
1418 3254 1430 3274 .·
1457 3241 1632 3286 Significat
1662 3240 1767 3275 solum
1793 3237 2044 3274 Antiochenum
2078 3235 2138 3269 Pa-

1261 3289 1469 3326 triarchatum
1482 3315 1493 3332 ‚
1518 3293 1724 3326 constantem
1735 3289 1923 3334 quindecim
1935 3286 2112 3330 provinciis
2125 3310 2136 3325 ‚

1260 3341 1374 3386 quaein
1387 3341 1544 3375 Romano
1571 3341 1712 3384 Imperio
1721 3341 1808 3374 filere
1819 3336 1959 3371 dioecesis
1982 3336 2135 3372 Orienta-

1263 3392 1319 3426 lis.
1349 3391 1428 3428 Hoc
1447 3390 1539 3427 sensu
1559 3384 1869 3436 loquitursecundus
1894 3385 2138 3470 Constalntino-

1965 3447 2008 3479 po
2024 3446 2086 3470 ita-
