2340 3736
550 179 625 224 De
663 188 844 221 vocnzus
878 174 1165 232 SuBsrANnA,
1202 176 1437 232 EssEN11A‚
1476 175 1800 236 Pe11s0NA‚&c.

286 257 483 297 Athanasius
494 272 502 292 :
520 260 564 293 Et
576 258 783 295 Laodicenfis
795 258 879 294 inter
889 259 996 303 ipsum
1005 259 1038 293 δε
1051 257 1166 293 Arium

285 310 477 357 Disputatio
493 307 592 346 habet
614 323 625 345 .-
652 309 854 354 Ecclefiasticae
872 308 991 354 semper
1011 316 1100 343 moris
1130 309 1167 350 est

285 359 461 406 Disemini't
493 384 505 402 ‚
529 359 566 411 «fi
588 362 711 403 quando
743 373 825 394 nova
863 360 1070 394 haereticorum
1111 362 1166 391 Do·

284 412 382 445 anna
404 415 525 453 exurgit·
539 434 550 451 ,
587 420 689 444 contra
710 410 868 454 insolentes
898 409 1087 453 quaestionum
1119 421 1164 442 no-

285 466 401 495 vitares
442 460 531 494 rebus
561 460 787 495 immutabiliter
817 460 1065 503 permanentibus
1102 464 1166 492 No-

283 517 398 545 minum
433 510 578 545 vocabula
627 517 786 544 immutare
826 535 839 552 ,
875 511 909 545 o·
950 508 1165 553 fignificantius

283 571 383 596 verum
413 568 541 594 naturas
570 567 736 606 exprimere
768 584 780 601 ‚
815 572 884 604 quae
909 568 1010 594 tamen
1044 559 1167 601 existen-

284 616 362 649 tium
382 609 538 653 causarum
548 610 715 645 virtutibus
738 619 902 655 congruant
920 633 932 649 ‚
958 612 994 646 o·
1012 622 1080 653 quae
1103 621 1165 644 ma-

278 666 334 706 gis
370 659 488 704 easdem
519 666 687 703 antiquitus
710 660 800 704 suffe
830 660 1029 702 demonstrent
1058 685 1070 701 ,
1109 670 1167 693 non

283 718 368 745 ortus
392 716 556 747 novitatem
576 708 743 754 mansurent
766 735 773 743 .
801 710 1015 745 Demonstrat
1040 709 1106 745 hoc
1126 721 1168 744 ex

282 760 417 796 indueta
443 771 499 805 per
524 759 772 795 Antiochenam
799 760 1038 804 Apostolorum
1065 761 1169 805 Syno-

283 809 365 846 ‘dum
389 821 490 851 voce,
517 809 720 851 christianus,
745 820 844 855 atque
865 810 1053 846 concludit:
1081 814 1169 846 Hanc

282 869 351 905 ergo
374 859 414 893 ab
447 859 583 901 Apostolis
608 862 759 894 traditam
792 860 875 894 nobis
910 861 1013 894 utendi
1046 865 1170 893 nomini-

284 909 342 947 bus
364 908 502 952 formam
545 908 683 950 Ecclefia‘
710 920 816 944 tenens
846 935 858 951 ,
892 919 995 944 contra
1035 908 1169 954 diversos

284 963 450 996 Haereticos
477 984 489 1002 ‚
523 970 558 994 ut
575 959 662 1004 sanae
677 960 751 1003 fidei
773 966 851 995 ratio
868 959 1000 1004 postulat
1023 982 1034 999 ,
1069 960 1169 994 diver-

280 1003 336 1052 sas
353 1010 451 1043 edidit
462 1016 615 1044 nominum
627 1015 792 1053 Novitates
802 1035 810 1043 .
838 1009 1003 1044 Adfirmat
1014 1006 1100 1043 hanc
1113 1019 1168 1052 po·

284 1058 431 1096 testatem
446 1083 456 1100 ‚
482 1060 517 1096 &
540 1071 665 1096 morem
687 1061 818 1104 coeplffe
838 1058 880 1094 ab
900 1058 1070 1103 Apostolis
1090 1084 1097 1092 .
1125 1057 1170 1096 E:

284 1108 373 1144 certe
392 1110 494 1150 etiarn
516 1109 557 1145 de
567 1121 671 1153 voce,
696 1109 892 1155 apocalipsis,
920 1109 1039 1153 scripsit
1059 1108 1095 1141 in
1118 1119 1170 1143 ca·

282 1169 345 1202 put
370 1160 515 1204 primurn
540 1160 741 1205 Apostolicae
765 1161 809 1196 ad
842 1159 980 1195 Galatas
1012 1157 1169 1201 Epistola

282 1207 418 1249 Sanetus
464 1210 693 1255 Hieronymus
723 1225 736 1247 .·
774 1210 905 1246 Verbum
942 1206 1169 1251 Apocaelspswb

281 1257 355 1301 idest
377 1283 390 1301 ,
412 1262 633 1296 ·Revelationis
654 1285 665 1304 ,
698 1263 820 1305 proprie
846 1259 1068 1303 scripturarum
1099 1258 1137 1299 est
1158 1282 1169 1298 ,

281 1310 320 1343 o·
337 1311 358 1343 ἃ
378 1310 456 1344 nullo
476 1311 652 1352 sapientum
682 1312 788 1346 saecult
811 1311 901 1355 apud
931 1310 1054 1343 θαι-οι·
1084 1308 1170 1350 usur-

278 1366 390 1403 patum
411 1385 418 1392 .
456 1361 541 1397 Unde
575 1359 651 1395 mibi
683 1361 828 1394 videntur
860 1358 1112 1403 quemadmodum
1137 1361 1171 1391 in

281 1409 354 1442 aliis
373 1409 477 1444 verbu
498 1433 510 1454 ,
545 1421 616 1453 quae
641 1410 679 1444 de
698 1410 836 1445 Hebraico
880 1414 915 1444 in
947 1411 1086 1442 Gra-cum
1102 1403 1172 1449 sep-

280 1462 423 1504 tuaginta
444 1462 626 1503 Interpretes
656 1459 870 1501 transtulerunt
890 1482 901 1499 ‚
928 1458 973 1493 itti
1004 1458 1040 1494 Θ
1064 1461 1097 1489 in
1118 1455 1170 1493 hoc

283 1517 461 1554 magnopore
481 1510 535 1556 effe
555 1520 677 1545 conatos
696 1533 721 1549 ‚-
742 1519 777 1543 ut
792 1513 1007 1553 proprietatem
1037 1511 1170 1550 peregri-

281 1563 316 1592 ni
341 1557 489 1602 sermonis
511 1566 736 1602 exprimerent,
760 1571 842 1594 nova
863 1564 952 1592 novis
973 1556 1061 1592 rebus
1073 1556 1169 1591 verba

277 1608 444 1653 fingentes.
472 1608 638 1644 Adfirmat
658 1608 889 1646 istam-vocem
901 1608 964 1642 effe
975 1608 1105 1645 fictam,
1131 1618 1169 1641 ac

279 1657 450 1695 induebam
476 1660 495 1696 a
521 1660 729 1705 septuaginta
755 1657 987 1704 Interpretibus
1013 1682 1024 1698 ‚
1058 1658 1093 1693 ὅ(
1128 1656 1169 1691 ab

280 1706 455 1753 Apostolis
476 1710 646 1755 probatam
657 1726 681 1744 m
695 1710 833 1754 'Nempe
853 1710 872 1746 ὲ
894 1710 1013 1745 Sansto
1041 1706 1169 1749 Paulo,

280 1760 460 1795 aoSansto
483 1762 629 1804 Ioanne.
657 1760 793 1795 Praefata
804 1759 984 1804 disputatio
995 1756 1168 1802 adjungit,

278 1809 369 1851 quod
381 1810 658 1854 Ecclefiasemper
667 1811 839 1853 perrexerit
851 1810 898 1844 uti
912 1810 970 1843 ista
993 1809 1150 1853 potestate
1161 1832 1168 1839 .

279 1858 449 1894 Adfirmat
469 1860 559 1901 quod
581 1859 711 1901 antiqui
734 1860 852 1895 Patres>
871 1870 968 1894 voces
990 1863 1167 1903 Ingenitus,

278 1919 319 1943 ac
330 1908 515 1953 Innascibilis
525 1920 640 1945 contra
651 1909 827 1945 Sabellium
840 1922 850 1953 3
862 1909 1053 1954 Syrmienfis
1062 1910 1168 1952 Syno-

276 1958 342 1993 dus
357 1969 473 1993 contra
495 1957 654 1994 Photium
668 1958 835 1996 induxerit
845 1969 962 1995 vocem
974 1983 986 1999 ,
1010 1959 1169 2001 Impaffibi-

275 2010 320 2041 lis
332 2033 340 2039 .
366 2010 412 2043 Et
427 2020 545 2044 vocem
556 2035 566 2051 ,
593 2014 746 2055 Ingenitus
756 2034 767 2050 ,
779 2009 910 2054 probat.
938 2010 991 2043 Ex
1006 2020 1072 2052 quo
1082 2009 1168 2044 lucet

278 2056 370 2092 istius
380 2058 625 2103 Disputationis
647 2059 826 2096 Auctorem
850 2061 912 2095 effe
922 2060 1053 2105 Magno
1064 2057 1170 2094 Atha·

278 2108 369 2143 nafio
391 2108 493 2154 longe
511 2109 672 2153 juniorem
686 2138 696 2144 .
721 2110 857 2146 Etenim
875 2110 984 2145 multo
997 2109 1068 2154 post
1082 2108 1170 2143 hunc

279 2166 429 2203 tempore
441 2160 534 2194 istam
549 2171 665 2196 vocem
678 2159 878 2205 improbavit
895 2160 1057 2195 Ecclesia.
1083 2159 1169 2193 Ean·

279 2206 358 2242 dem
395 2209 548 2245 Ecclefiae
583 2211 791 2255 potestatem¹
810 2210 997 2246 constanter
1023 2209 1171 2245 defendit

282 2257 420 2294 sanstus
430 2259 659 2305 Epiphanius,
684 2262 816 2297 Sanetus
826 2260 1036 2306 Augustinus
1045 2285 1057 2302 ‚
1068 2260 1102 2295 ec
1114 2258 1170 2293 Pa-

280 2315 347 2343 tres
365 2308 422 2345 alii
434 2337 443 2345 .
471 2311 518 2347 Et
538 2311 575 2347 in
595 2311 682 2347 libro
700 2321 814 2348 contra
833 2312 1067 2356 Imperatorem
1079 2310 1170 2345 Con·

1231 258 1384 293 stantium
1408 255 1497 292 addit
1518 257 1648 296 Sanetus
1666 259 1816 295 Hilarius
1838 272 1846 293 =
1873 265 2034 296 Novitates
2058 276 2110 298 vo·

1229 320 1294 342 cum
1319 332 1329 348 ,
1350 305 1408 351 sed
1413 306 1591 351 prophanas
1615 311 1747 345 devitari
1758 310 1847 354 jubet
1866 311 2011 353 Apostolus
2031 338 2037 345 .
2063 316 2109 346 Tu

1228 371 1279 393 cur
1297 365 1368 401 pias
1388 358 1522 392 excludis
1542 359 1556 393 .>
1581 356 1742 395 Adfirmat
1762 372 1831 395 non
1850 362 1974 406 quasvis
2000 388 2012 404 ,
2053 362 2108 398 sed

1229 407 1412 455 prophanas
1433 409 1604 444 dumtaxat
1631 418 1751 445 vocum
1783 411 1943 446 novitates
1962 412 2109 447 damnari

1229 456 1270 494 ab
1290 458 1456 502 Apostolo
1474 482 1486 499 2
1512 459 1547 493 δε
1568 456 1650 492 tales
1669 459 1783 501 utpote
1803 460 1955 497 fabulosae
1976 462 2010 497 &
2032 462 2111 496 blas-

1232 507 1355 552 phemae
1375 518 1467 543 erant
1491 519 1588 545 voces
1600 532 1611 548 ,
1636 519 1714 551 quas
1733 509 1768 542 in
1779 508 1961 546 Valentino
1972 512 2109 547 damnat

1231 559 1359 594 Sanetus
1371 559 1503 594 irenaeus
1515 582 1523 591 .
1552 557 1701 593 Similem
1714 568 1776 593 nos
1787 557 1885 595 hodie
1897 572 1973 597 cum
1984 562 2108 597 Luthe-

1232 609 1316 643 ranis
1326 610 1360 643 δε
1371 608 1562 645 Calvinistis
1573 608 1667 644 litem
1679 606 1836 644 habemus
1847 610 1887 642 de
1897 622 1977 646 voce
1988 635 1999 651 ,
2010 614 2109 645 Tran-

1224 657 1448 701 substantiatio.
1478 659 1560 693 Eam
1586 657 1749 694 elucidavi
1772 658 1808 694 in
1828 656 1967 695 scholiis
1986 661 2026 697 ad
2039 662 2109 696 asta

1230 710 1336 744 Sanffl
1348 708 1504 756 Gregorii
1518 707 1644 751 septimi
1657 732 1665 742 .

1281 759 1364 795 Haec
1385 759 1498 803 omnia
1523 757 1642 793 Ariani
1663 768 1733 794 non
1753 767 1931 804 potuerunt
1952 757 2109 795 inficiari‘.
2130 766 2135 768 ⁷

1229 809 1407 844 Praesertim
1428 807 1520 853 quod
1538 808 1571 843 δε
1587 807 1641 851 ipfi
1652 808 1840 850 laudarent,
1866 821 1904 843 ac
1925 808 2110 851 usurparent

1233 870 1346 894 vocem
1361 884 1372 901 ,
1381 862 1535 903 Ingenuus
1549 881 1561 898 ,
1573 869 1641 893 non
1653 868 1810 902 repertam
1820 860 1855 893 in
1868 858 1963 895 sacris
1976 860 2090 893 litteris
2099 883 2107 890 .

1234 910 1368 945 Interim
1379 919 1446 943 non
1458 908 1690 952 acquieverunt
1704 932 1712 940 .
1739 907 1830 944 Audi
1840 909 1983 952 ipsorum
1997 910 2028 943 in
2043 908 2110 942 haec

1231 958 1474 995 cavillationem
1487 972 1498 991 .-
1518 954 1702 1002 sedfortaffe
1717 967 1752 993 ut
1760 965 1857 1000 pravi
1877 957 1951 1004 sunt
1958 958 2084 993 moribus
2094 985 2107 1001 ,

1233 1009 1383 1043 audebunt
1403 1010 1498 1043 dicere
1511 1032 1521 1047 ,
1548 1009 1611 1040 Par
1627 1008 1679 1051 effe
1701 1017 1735 1043 ut
1746 1009 1839 1043 verba
1851 1034 1861 1050 ‚
1886 1020 1955 1053 quae
1965 1011 2001 1043 de
2012 1013 2111 1043 Domi-

1232 1070 1267 1092 no
1288 1058 1380 1100 nostro
1383 1061 1416 1104 J
1419 1057 1466 1102 efic
1489 1057 1603 1098 Chrtsso
1617 1056 1691 1100 sunt
1708 1056 1847 1101 scripta,
1872 1065 1905 1092 in
1929 1058 2111 1102 Disputatio-

1232 1105 1532 1145 nibus'adhibeantur
1544 1131 1556 1150 ,
1581 1109 1750 1152 repudiatis
1761 1110 1822 1143 illis
1837 1108 1973 1149 vocibus,
1999 1121 2068 1153 quae
2079 1117 2112 1143 in

1226 1157 1387 1201 scripturis
1399 1169 1456 1191 non
1473 1164 1661 1200 reperiuntur
1675 1184 1681 1190 .
1710 1159 1755 1193 Et
1765 1160 1897 1194 Sani-lus
1920 1159 2114 1195 Athanasius

1231 1209 1266 1244 in
1289 1207 1421 1244 laudata
1441 1207 1484 1244 de
1494 1207 1777 1251 SynodiNicaenae
1800 1211 1942 1245 Decreto
1966 1207 2115 1255 Epistola

1232 1257 1423 1302 respondet:
1452 1259 1539 1295 certe
1550 1259 1586 1291 id
1595 1269 1711 1300 aequum
1736 1259 1787 1302 effe
1797 1271 1849 1294 nec
1868 1271 1918 1305 ego
1939 1261 2094 1295 abnuerim
2106 1282 2119 1300 ,

1230 1318 1260 1340 eo
1280 1310 1360 1349 qu'od
1371 1305 1457 1351 fijgna
1480 1318 1570 1353 atque
1588 1311 1702 1343 indicia
1721 1316 1861 1344 veritatis
1879 1310 2059 1354 perfelliora
2077 1322 2114 1344 ex

1227 1357 1386 1401 seripturis
1399 1355 1543 1400 fandis,
1569 1370 1661 1402 quam
1672 1361 1796 1393 aliunde
1810 1362 2042 1403 depromantur,
2063 1358 2121 1404 sed

1231 1409 1405 1452 malignitas
1418 1408 1453 1441 ὁ·
1467 1407 1629 1450 verfipellts
1641 1412 1670 1440 E
1673 1407 1879 1452 usebianorum
1889 1415 2030 1452 impietas
2043 1414 2119 1452 Epi-

1227 1456 1328 1502 Jbopos
1338 1462 1440 1502 coegit,
1451 1466 1485 1490 ut
1498 1457 1670 1493 clarioribus
1682 1459 1785 1492 verbis
1799 1469 1954 1493 uterentur
1966 1461 2011 1492 ad
2019 1472 2118 1494 eorum

1233 1513 1416 1549 impietatem
1424 1505 1679 1551 subvertendam.
1706 1511 1768 1542 sed
1786 1517 1886 1543 tamen
1903 1509 1982 1553 satis
2004 1512 2120 1544 demon·

1226 1557 1356 1600 stratum
1369 1556 1408 1597 est
1419 1580 1430 1596 ,
1455 1566 1488 1590 ut
1497 1557 1611 1599 liquide
1619 1565 1746 1599 apparet
1763 1557 1879 1601 scripta
1888 1560 1993 1599 syno'di
2005 1561 2119 1594 rec‘lam

1226 1605 1408 1650 sententiam
1417 1612 1581 1641 continere.
1609 1608 1796 1643 Confirmat
1816 1607 1883 1644 haec
1895 1609 2057 1653 pluribus,
2084 1611 2118 1645 δε

1234 1656 1403 1702 adjungit:
1429 1659 1492 1690 Scio
1502 1666 1604 1692 tamen
1627 1660 1849 1701 vitilinjgatores
1871 1660 1958 1701 istos,
1984 1660 2118 1695 &Chri-

1223 1706 1267 1750 sto
1277 1708 1396 1742 rebelles
1413 1718 1449 1741 ne
1459 1708 1520 1747 istis
1551 1709 1671 1751 quidem
1683 1710 1794 1741 auditis
1817 1720 1949 1745 mentem
1966 1717 2000 1743 in
2014 1712 2119 1745 melius

1230 1757 1282 1800 effe
1298 1764 1483 1791 mutaturos&
1511 1759 1570 1791 Sed
1588 1763 1689 1799 potius
1720 1757 1953 1802 drscurfitaturos
1976 1762 2022 1794 ad
2039 1762 2120 1795 alias

1231 1809 1352 1841 aliunde
1361 1805 1574 1849 confifhationes
1600 1811 1762 1842 venandas
1774 1823 1785 1842 .·
1812 1814 1856 1845 Et
1867 1823 1930 1844 cum
1943 1824 1995 1845 eas
2003 1809 2120 1855 absum-

1228 1857 1366 1901 pserint,
1394 1856 1511 1900 rursum
1531 1858 1627 1891 r'tovas
1650 1870 1893 1895 commentaturus
1906 1864 1972 1905 effe.
1999 1865 2075 1909 ,Qua
2087 1868 2122 1897 in

1226 1917 1317 1951 parte
1336 1906 1516 1951 respondent
1529 1909 1713 1950 Propheticis
1739 1911 1865 1944 Verbis:
1887 1911 1918 1953 fi
1930 1921 2042 1953 poterit
2056 1917 2123 1946 AE-

1229 1957 1327 1999 thiops
1353 1967 1469 1992 mutare
1473 1959 1585 2002 pellem
1597 1981 1608 1997 ,
1633 1968 1688 1991 aut
1706 1962 1830 1994 Pardus
1849 1965 1981 1997 maculas
1995 1986 2006 2002 ,
2028 1968 2122 1998 etiam

1197 2006 1199 2010 '
1222 2008 1365 2049 futurum
1376 2007 1414 2048 est
1426 2017 1460 2041 ut
1485 2007 1531 2048 isti
1542 2007 1623 2042 πᾶα
1628 2007 1766 2051 sentiant
1775 2035 1783 2042 .
1811 2012 1945 2047 Etenim
1961 2013 2019 2046 ista
2032 2024 2099 2048 vox
2109 2037 2121 2052 ,

1230 2057 1490 2100 Consubstantiale
1509 2083 1520 2099 ,
1552 2059 1690 2093 suffocat
1711 2083 1722 2100 ‚
1759 2061 1794 2095 &
1816 2060 1958 2096 eradicat
1984 2073 2121 2096 omnem

1231 2107 1476 2146 Arianvifinum,
1502 2107 1645 2150 ideoque
1665 2107 1783 2144 Ariani
1809 2122 1877 2145 non
1893 2112 2011 2155 poffint
2035 2113 2123 2147 odis-

1231 2159 1281 2192 se.
1309 2158 1492 2198 Rationes,
1519 2169 1589 2202 quae
1610 2157 1651 2192 ad
1666 2158 1766 2201 ipsam
1778 2160 2013 2204 imponendam
2024 2164 2121 2206 Sym·

1231 2207 1312 2243 bolo
1325 2208 1544 2251 permoverint
1564 2209 1804 2247 sacrosanctam
1823 2211 2018 2256 synodum,
2045 2214 2120 2247 sunt

1231 2258 1375 2295 addustae
1382 2258 1526 2303 superius
1539 2283 1547 2292 .

1885 3514 2064 3562 CAPUT

2137 1243 2195 1276 2³01.
2203 1253 2269 1283 4³⁷·
