2340 3736
354 110 450 155 268

283 191 415 238 gloriosi
438 189 560 235 judices
582 203 590 224 :
626 191 787 226 seeundum
817 189 947 233 vestram
973 195 1164 232 petitionem,

970 108 1444 152 APPENDIX

1232 196 1292 220 tem
1303 186 1389 229 nostri
1410 193 1443 221 tn
1463 189 1593 224 Concilio
1620 189 1703 234 posit!
1720 190 1838 235 sensum
1859 193 2021 235 loquentis,
2048 207 2104 229 non

278 242 549 288 contradicentibus
569 242 813 285 reverendtffimis
829 239 985 284 Episcopis
998 264 1008 278 ,
1033 239 1123 272 oblati
1143 240 1163 270 ἃ
1192 242 1211 270 <a
1231 236 1326 272 verba
1336 237 1567 279 considerantes,
1594 252 1641 274 nec
1652 243 1734 275 illum
1751 251 1875 285 propter
1899 242 1975 276 banc
1991 243 2113 288 sentem

283 293 369 327 ambis
380 293 472 327 libelli
481 292 579 327 relelli
581 290 674 336 sunt3
701 292 790 326 dicite
800 296 912 336 igitur,
932 289 963 332 fi
979 291 1075 323 vultis
1098 289 1164 333 dog-

284 342 413 378 matibus
426 347 516 377 totius
522 341 723 387 sant‘lissimae
733 344 837 383 synodi
848 338 1010 385 consentire
1020 364 1028 372 .
1056 340 1165 382 Repo-

214 408 218 412 *
283 395 349 429 suit
362 392 648 429 Archi-Mandrita
660 392 817 427 Caresus:
845 391 955 425 Fidem
973 398 1168 423 trecentorum

284 445 382 478 decem
404 445 438 479 (vt
459 443 518 476 otio
538 445 686 489 Parrum,
714 449 766 486 qui
787 447 984 485 convenerunt
1003 440 1087 481 apud
1107 443 1167 472 Ni-

284 505 377 530 caeam
389 518 399 535 ,
425 500 457 527 in
468 505 529 537 qua
540 495 575 529 (3
583 493 757 537 baptizatus
764 490 832 535 sum
843 515 853 532 ,
879 494 952 524 novi
964 514 970 521 .
998 491 1063 534 Ego
1075 489 1168 523 aliam

283 545 374 588 fidem
386 541 496 587 nescio.
523 543 661 588 Episcopi
667 542 739 586 sunt
752 566 762 584 ‚
783 540 958 585 potestatem
969 539 1080 573 habent
1092 562 1102 578 ‚
1129 539 1163 572 Θ

285 601 534 630 excommunicare
553 596 588 629 (5
606 596 752 628 damnare
768 616 779 633 ,
814 592 848 626 (⁸7
874 589 1023 634 quidquid
1040 590 1144 623 volunt
1158 613 1168 629 ,

279 643 453 688 potestatem
464 644 575 678 babent
590 669 597 677 .
622 643 756 684 Amplius
767 641 805 673 ab
817 640 866 673 hoc
877 651 927 687 ego
949 641 1036 673 aliud
1056 637 1166 684 nescio.

285 698 335 728 Me
344 695 472 728 Saniius
485 694 654 728 Theotimus
675 699 706 725 in
730 694 827 725 Tomis
850 691 1044 733 baptizavit:
1073 690 1101 732 J
1107 690 1168 730 ufflt

284 742 672 786 mihinibilaliudsapere.
701 741 745 776 Et
766 741 884 787 reliqui
897 750 1036 783 omneS,
1062 739 1169 783 Ephe-

282 795 387 838 finum
398 793 550 829 adversus
559 793 784 828 additamenta
796 791 970 827 Ca'nonem
991 789 1170 830 laudantes,

281 841 803 880 Archi-Mandritae&monachi:
830 845 878 875 Et
898 852 949 876 nos
972 841 1076 875 eadem
1098 841 1169 872 dici-

282 906 367 928 mus.
396 894 470 929 Nec
491 893 579 929 aliud
602 892 643 928 ab
659 893 731 936 ipfis
755 892 865 936 potuit
886 890 1091 934 extorqueri.
1119 889 1170 923 In—

281 945 359 980 duci
370 956 438 979 non
450 953 584 988 potuere
607 942 647 978 ad
662 941 880 987 Eutychetem
891 939 1168 977 anathematizan-

281 995 379 1030 dum·
406 995 502 1043 Qin
523 994 558 1028 &
571 992 740 1028 laudatum
752 992 888 1027 AEtiurn
902 1015 914 1032 ,
940 990 1095 1025 inducere
1116 1000 1169 1024 co-

280 1053 437 1085 nantem,
464 1042 623 1078 convitiis
639 1043 674 1079 &
697 1042 910 1078 contumeliis
926 1040 1167 1085 prosciderunt.

332 1093 462 1128 Exinde
483 1093 582 1128 ledius
606 1091 654 1127 est
685 1092 872 1128 octodecim
904 1090 1170 1127 orthodoxorum

279 1143 643 1179 Archi-Mandritarum
674 1142 712 1178 in
742 1141 819 1178 illos
847 1141 1000 1182 libellus,
1026 1139 1093 1176 haec
1115 1140 1171 1175 ha-

278 1193 358 1227 bens
380 1194 487 1239 capita
503 1219 511 1227 .
548 1193 686 1233 Primo,
711 1193 889 1229 Marciano
919 1192 1072 1236 Augusto
1099 1191 1168 1236 agit

274 1243 396 1288 gratias
407 1268 419 1284 ‚
445 1243 535 1289 quod
547 1242 767 1290 Eutychetem
780 1267 791 1284 ,
817 1241 1042 1288 blasphemum
1055 1242 1166 1278 Eccle-

275 1296 322 1328 15ae
347 1293 535 1337 turbinem,
558 1293 650 1338 juxta
668 1291 776 1329 Sancti
788 1293 913 1328 Leonis
931 1303 1038 1338 preces
1055 1292 1168 1336 depor-

279 1344 420 1380 taffetin
432 1343 506 1380 loca
527 1343 666 1380 deserta.
694 1341 870 1389 Secundo,
896 1340 1012 1378 doctos
1035 1342 1077 1376 ab
1103 1343 1167 1377 Eu-

275 1392 412 1438 tychete
422 1391 607 1430 monachos
617 1395 747 1431 accusat
762 1394 935 1429 durissimae
948 1393 984 1428 in
1005 1392 1167 1428 erroribus

277 1444 482 1487 pertinaciae‚
507 1455 570 1490 qua
583 1445 691 1480 Sanffl
715 1444 838 1481 Leonis
862 1442 1044 1487 Epistulam
1066 1443 1167 1484 usque

275 1493 379 1529 hodie
397 1496 547 1531 recusant
573 1495 737 1538 profiteri.
778 1492 924 1533 Tertio,
951 1500 1046 1536 rogat
1068 1491 1167 1526 facul-

275 1550 378 1578 tatem
389 1555 447 1579 eos
458 1545 507 1579 uti
521 1542 685 1579 haereticos
694 1543 786 1586 juxta
796 1542 1013 1577 monasticam
1024 1540 1167 1585 discipli-

274 1603 353 1627 nam
364 1593 567 1639 castigandi,
594 1593 628 1628 ἀ
639 1592 680 1627 de
692 1592 897 1627 monasteriis
910 1616 922 1632 ,
947 1590 1005 1627 ubi
1017 1591 1106 1636 quafi
1122 1593 1166 1626 ef-

274 1644 384 1679 feratae
405 1643 442 1678 in
462 1643 623 1688 speluncis
644 1643 759 1678 belluae
784 1641 954 1677 Christum
977 1643 1164 1677 Dominum

273 1692 497 1737 blasphemare
508 1705 578 1729 non
591 1693 737 1735 cessant,
762 1691 937 1737 ejiciendi.
966 1692 1035 1727 Eos
1055 1692 1165 1727 effera-

272 1743 315 1778 tis
326 1741 440 1778 belluis
450 1744 544 1779 fuine
555 1744 701 1788 pejores,
725 1742 848 1779 docent
873 1743 1022 1778 facinora
1033 1752 1111 1777 ante
1130 1741 1163 1776 δε

270 1795 342 1837 post
355 1793 530 1837 Synodum
541 1795 576 1829 in
588 1795 680 1838 Syria
692 1818 703 1834 ,
730 1793 896 1827 Palaestina
907 1819 917 1835 ‚
941 1802 1041 1837 atque
1053 1792 1164 1837 AEgy-

270 1852 351 1887 pto,
377 1843 419 1878 ab
431 1843 501 1889 ipfis
525 1845 676 1879 adversus
686 1842 874 1888 Iuvenalem
896 1842 1068 1887 praesertim
1081 1844 1161 1877 Hie·

270 1894 464 1937 rosolymae‚
502 1895 536 1930 &
556 1896 708 1929 Sanetum
737 1894 924 1930 Proterium
952 1892 1163 1928 Alexandriae

274 1943 476 1987 Episcopum
489 1953 612 1988 patrata
626 1971 634 1978 .

319 1992 453 2028 Libello
472 1995 615 2039 reposuit
648 1992 840 2030 Dorotheus
873 1989 1160 2029 Archi-Mandrita

270 2041 503 2087 Eutychiauus
524 2057 532 2077 ε
574 2047 726 2089 ,Quoniam
757 2043 906 2083 Eunt-ben
934 2045 1062 2083 dicunt,
1088 2048 1161 2086 quia

269 2103 342 2126 ante
353 2097 516 2127 unitionem
539 2095 616 2128 duas
635 2102 762 2128 naturas
775 2095 878 2135 dixit,
904 2096 939 2128 (ν’
961 2105 1055 2127 unam
1075 2101 1161 2126 natu-

268 2155 337 2176 ram
343 2142 406 2185 poll
417 2149 579 2178 unitIonem
590 2167 601 2184 ‚
626 2145 661 2179 6·
671 2144 934 2178 anathematizant
944 2155 1011 2177 eum
1016 2142 1091 2185 ficut
1102 2141 1161 2176 bae-

268 2199 392 2227 reticum
407 2218 417 2233 ,
427 2192 542 2237 passim
553 2189 659 2238 ubique
666 2193 872 2237 propqfitt‘ones
878 2192 977 2237 posuit
988 2192 1137 2232 Eutyches
1149 2216 1160 2233 ‚

269 2245 305 2278 <tf
316 2243 414 2284 vestra
426 2244 650 2288 Magnificentia
661 2246 782 2277 audivit
792 2256 859 2287 quae
868 2240 942 2286 sunt
952 2243 992 2276 ab
1009 2254 1040 2277 eo
1056 2250 1160 2285 propo·

265 2293 323 2335 fita
334 2318 344 2334 ‚
370 2299 443 2336 q'uia
452 2294 631 2328 orthodoxus
642 2294 681 2334 est
690 2300 720 2328 is
732 2294 815 2328 homo
824 2318 834 2334 ,
860 2295 894 2327 ἐν
898 2293 938 2336 fit
950 2294 1137 2328 eicalumnia
1148 2318 1155 2325 .

270 2344 316 2376 Et
336 2343 487 2387 gloriosis
502 2343 665 2386 judicibus
683 2343 875 2389 rogantibus
896 2368 907 2383 ,
944 2342 1087 2382 Eutyches
1113 2347 1159 2376 ait

270 2395 350 2435 quod
366 2401 469 2435 corpus
482 2395 650 2433 salvatoris
670 2394 756 2433 nostri
776 2395 859 2440 Jesu
882 2392 995 2433 Christi
1019 2403 1076 2425 non
1090 2392 1158 2435 fuit

269 2443 373 2482 nostrae
381 2442 553 2486 substantiae
565 2468 576 2485 ‚
597 2445 677 2477 tude
687 2443 737 2477 boc
748 2445 887 2485 quomoda
909 2443 1078 2485 confiteris?
1106 2442 1159 2477 de-

273 2493 343 2528 nuo
353 2493 539 2536 respondit:
566 2496 728 2536 Baptizati
744 2493 847 2537 fumus
858 2493 1030 2535 confitentes
1050 2494 1159 2526 Salva-

270 2552 363 2577 torem
386 2542 511 2584 nostrum
526 2542 641 2589 Jesum
660 2542 831 2584 christum,
856 2549 908 2584 qui
927 2538 1096 2585 descendit,
1123 2544 1157 2575 (τ

267 2599 446 2626 incarnatus
455 2592 494 2634 est
506 2605 545 2627 ex
566 2594 677 2627 Sandla
703 2597 826 2635 Virgine
848 2596 973 2632 Maria,
1000 2597 1051 2635 qui
1074 2591 1158 2625 inbu-

268 2652 411 2677 manatus
421 2643 459 2683 est
470 2668 480 2683 ‚
515 2645 549 2677 &t
562 2643 717 2685 crucifixus
725 2651 783 2685 pro
795 2641 879 2676 nobis
894 2667 900 2674 .
930 2646 1019 2677 Hunc
1040 2652 1078 2675 ex
1093 2644 1157 2674 Tri-

268 2699 364 2726 nitatc
376 2693 428 2737 effe
432 2692 590 2735 fatemur.
616 2695 776 2726 Credimus
798 2693 881 2726 illum
890 2692 1006 2735 passum
1026 2701 1065 2724 ex
1086 2694 1152 2724 Tri-

267 2750 362 2776 nitate
381 2743 452 2786 effe.
479 2746 526 2775 Et
544 2744 639 2776 attam
647 2742 739 2785 fidem
763 2751 822 2776 non
835 2749 990 2775 novimus.
1017 2740 1098 2775 Hoc
1109 2738 1157 2775 lo-

266 2805 308 2826 co
321 2792 453 2837 quidam
466 2793 586 2836 Joanni
597 2793 776 2828 Maxentio
796 2794 830 2827 &
843 2793 917 2825 aliis
928 2790 1068 2835 Schytiae
1087 2801 1156 2825 mo·

267 2843 400 2882 nachis,
425 2842 616 2889 adsertaeque
636 2853 692 2887 per
712 2842 798 2886 ipsos
809 2841 1024 2886 propositioni
1037 2864 1048 2882 ‚
1074 2845 1156 2874 Unus

266 2894 442 2926 &Trinitate
454 2892 615 2936 estpaffiss,
642 2891 796 2927 adversati
818 2892 882 2937 sub*
900 2891 1018 2935 Justini
1043 2902 1080 2925 ac
1103 2891 1157 2933 Ju-

267 2942 400 2976 stiniani
425 2943 565 2986 Imperio
579 2966 592 2983 ‚
615 2944 745 2977 fuerunt
767 2941 854 2976 abufi
868 2967 878 2983 ‚
905 2941 1028 2985 ajentes
1055 2940 1156 2983 ipsam

266 2991 331 3025 esse
343 2993 510 3027 manifeste
522 2991 766 3036 Eutychianam
782 3014 792 3033 ,
817 2992 852 3026 &
875 2991 917 3026 ab
938 2988 1156 3033 Eutychianis

268 3040 485 3075 monachisin
496 3042 642 3085 praesenti
666 3041 803 3088 synodo
825 3040 996 3076 addustam
1018 3039 1068 3074 uti
1090 3039 1157 3084 pal·

267 3103 358 3126 mare
379 3090 554 3134 impietatis
575 3091 848 3127 fundamentum.
876 3090 925 3125 At
947 3088 1048 3135 longe
1066 3091 1157 3124 aliter

268 3140 452 3177 Ferrandus
467 3140 733 3187 Carthaginenfis
755 3141 906 3177 Ecclefiae
929 3141 1101 3176 Diaconus
1121 3140 1156 3173 in

269 3191 383 3226 litteris
394 3190 435 3225 ad
448 3189 643 3226 Anatolium
661 3194 852 3227 Diaconum
866 3191 1075 3226 cardinalem
1095 3189 1158 3223 Ec-

270 3242 369 3275 clefiae
383 3242 561 3275 Romanae:
589 3242 678 3276 Reii&
699 3237 833 3282 dicitur‚'
855 3239 984 3288 QJIA
1013 3240 1157 3276 UNUS

271 3290 301 3322 E
328 3290 612 3325 TRINITATE
639 3292 728 3325 EST
749 3292 941 3326 PASSUS.
970 3296 1037 3324 Nec
1059 3287 1168 3324 move?

269 3351 301 3372 re
325 3347 488 3381 quempiam
512 3341 622 3383 debet,
643 3340 674 3382 fi
692 3340 768 3374 hanc
784 3341 967 3384 sententiam
989 3340 1157 3380 Eutycbetis

265 3390 392 3432 protulit
413 3389 611 3432 Apocrisarius
632 3397 665 3424 in
677 3390 907 3433 chalcedonensi
923 3391 1070 3424 Concilio.
1098 3393 1158 3424 5ae-

264 3441 306 3483 pe*
320 3444 410 3472 etiam
417 3446 473 3481 per
484 3445 653 3482 ignorantes
664 3443 793 3486 quuitur
805 3447 922 3477 veritas
936 3466 943 3474 .
972 3444 1082 3477 Patres
1104 3452 1157 3475 au·

1229 293 1306 319 tiam
1323 294 1561 330 pronuntiarunt
1573 290 1684 324 Carbo!
1687 298 1762 326 lcum
1774 317 1785 334 ‚
1811 304 1863 326 nec
1880 292 1977 337 ipsam
1997 293 2113 336 (enten-

1231 343 1308 371 riam
1330 337 1490 373 Catholicis
1519 348 1590 372 tunc
1619 338 1744 382 infirme
1769 342 1986 385 definitionibus
2007 347 2108 379 volue-

1230 396 1320 428 runt,
1345 400 1382 423 ne
1393 389 1569 422 viderentur
1580 389 1863 432 intelleaumpouns
1887 396 2030 437 loquentis
2057 404 2110 438 ap-

1225 438 1356 482 probaffie
1367 464 1378 480 ‚
1402 450 1493 482 quam
1505 438 1613 472 verba.
1642 439 1904 482 Propofitionem
1917 446 2028 479 multis
2040 457 2112 490 pro-

1232 499 1355 532 pugnat
1366 516 1373 523 .
1400 489 1508 523 Fuisse
1518 490 1534 522 a
1549 487 1685 532 synodo
1696 489 1830 524 Nicaena
1843 513 1854 530 ,
1873 491 1993 528 -Sanao
2006 494 2111 529 Atha-

1231 538 1341 578 nasio,
1368 540 1487 574 saneto
1509 540 1672 584 Dionyfio
1700 539 1951 582 Alexandrino,
1976 544 2110 590 ipsisque

1236 587 1407 633 Apostolis
1417 589 1568 624 traditam
1577 615 1590 630 ,
1616 589 1660 623 est
1675 590 1766 633 supra
1777 589 1942 625 ostensum
1954 616 1961 624 .

1279 638 1444 685 Qiocirca
1458 639 1493 673 in
1516 640 1686 686 Dialogo,
1712 639 1925 684 Impassibilis,
1954 640 2112 679 Theodo.

1230 688 1428 732 retusipsam
1450 689 1612 725 aNicaena
1636 691 1773 735 Synodo
1794 691 1948 725 traditam
1968 703 2110 737 negans,

1230 738 1379 782 excedit.
1409 738 1465 773 Est
1481 741 1624 781 exiliis,
1650 741 1803 785 quiinter
1813 740 1907 775 hasce
1922 744 2111 786 propositio-

1230 799 1306 829 nes,
1341 789 1474 830 christus
1485 790 1523 831 est
1531 790 1632 836 paffus
1644 816 1654 832 ,
1678 791 1712 825 ὅ(
1725 791 1961 835 Deusestpaffus
1973 815 1983 831 ‚
2003 792 2116 826 distin-

1230 848 1366 882 guentes
1378 840 1509 874 voluere
1521 842 1622 875 solam
1633 841 1769 885 primam
1789 842 1938 876 ufitatam
1962 841 2004 876 ab
2026 842 2114 887 Apo-

1230 888 1319 923 stolis
1334 913 1345 930 ,
1369 891 1403 925 δε
1413 890 1431 925 ὲ
1444 890 1540 925 nobis
1551 891 1730 925 ufitandam
1741 916 1748 923 .
1777 890 1823 926 At
1836 902 1960 926 certum
1970 892 2015 927 est
2026 893 2095 927 falli
2104 918 2113 926 .

1230 937 1463 975 Nihilominus
1490 941 1580 985 quod
1610 940 1780 975 adversum
1817 940 2080 986 Eutychianistas
2103 968 2113 983 ,

1230 990 1288 1024 suo
1301 1000 1446 1034 tempore
1458 993 1652 1035 grassantes,
1678 991 1712 1026 &
1736 990 1905 1035 posteriori
1927 994 2116 1037 propositio-

1232 1050 1273 1073 ne
1285 1042 1432 1084 nequiter
1445 1041 1634 1084 abutentes,
1661 1042 1705 1075 ita
1719 1042 1820 1075 locuti
1841 1043 1925 1083 sint,
1953 1044 2047 1078 venia
2068 1043 2118 1076 di-

1228 1090 1287 1134 gni
1301 1091 1396 1132 sunt,
1423 1090 1528 1127 immo
1548 1093 1583 1127 &
1604 1092 1716 1126 laude.
1744 1091 1834 1126 Dico
1855 1092 1895 1126 de
1917 1092 1998 1133 illis,
2024 1092 2115 1137 quod

1229 1142 1271 1175 de
1295 1140 1507 1177 Antiochena
1528 1140 1686 1187 Synodo,
1712 1153 1826 1176 vocem
1862 1142 2116 1186 consubstantiale

1229 1190 1398 1226 adversum
1421 1193 1565 1227 Arianos
1588 1192 1606 1226 a
1626 1193 1760 1226 Nicaena
1785 1191 1923 1236 Synodo
1945 1191 2115 1236 probatam

1230 1240 1436 1284 improbante
1447 1241 1619 1278 adversum
1631 1253 1731 1287 nugas
1751 1241 1845 1276 Pauli
1858 1243 2088 1278 Samosatenfis
2100 1267 2111 1282 ,

1229 1290 1338 1325 scribit
1351 1292 1386 1326 in
1400 1293 1545 1337 Epistola
1569 1293 1608 1327 de
1620 1293 1764 1336 Synodis
1786 1292 1983 1327 Ariminensi
2004 1304 2042 1326 ac
2062 1295 2117 1328 Se·

1229 1341 1381 1377 leucienfi
1399 1343 1532 1378 sanstus
1545 1343 1761 1377 Athanasius:
1791 1347 1896 1385 Neque
1918 1342 1970 1376 hos
1993 1344 2115 1378 Antio-

1228 1390 1357 1434 chenae‚
1386 1405 1479 1436 neque
1491 1393 1557 1427 illos
1570 1393 1713 1427 Nicaenae
1733 1393 1861 1437 Synodi
1874 1391 1983 1427 Patres
1995 1393 2053 1435 fas
2075 1391 2114 1434 est

1227 1443 1358 1483 culpare.
1385 1447 1494 1477 Omnes
1505 1449 1583 1477 enim
1605 1442 1716 1484 christi
1739 1454 1840 1476 curam
1854 1443 1982 1488 geffere,
1999 1443 2114 1484 studia·

1226 1502 1280 1535 que
1283 1490 1343 1536 fisa
1352 1502 1455 1526 contra
1467 1493 1616 1527 baereticos
1638 1495 1849 1527 intenderunt.
1876 1497 1922 1527 Et
1943 1493 1975 1526 bi
1991 1494 2113 1536 quidem

1226 1541 1460 1587 Samosatenftm
1474 1566 1486 1588 ἓ
1510 1545 1556 1576 illi
1569 1546 1640 1576 verb
1653 1548 1797 1576 arianam
1810 1542 1930 1585 haerefin
1940 1543 2114 1577 condemna-

1226 1601 1315 1624 runt.
1345 1594 1429 1626 Bene
1443 1605 1510 1637 ergo
1532 1594 1566 1627 Θ
1579 1591 1610 1625 hi
1628 1593 1663 1627 Θ·
1685 1592 1730 1626 ills
1747 1601 1805 1635 pro
1831 1591 1964 1637 subiet‘la
1985 1597 2110 1626 materia

1219 1639 1372 1684 scribunt.
1403 1642 1447 1676 Et
1457 1643 1559 1677 infra:
1585 1644 1617 1675 51
1627 1643 1722 1684 aliqui
1740 1653 1778 1675 ex
1793 1643 1938 1676 Patribus
1949 1644 1994 1676 ad
2002 1642 2087 1683 istum
2099 1665 2111 1682 ,

1225 1693 1279 1726 alii
1288 1693 1336 1727 ad
1352 1692 1446 1726 alium
1459 1694 1496 1726 de
1507 1691 1972 1729 CONSUBSTANTIALI
1993 1693 2113 1726 modum

1224 1743 1437 1786 disseruerunt,
1467 1743 1550 1776 nobis
1564 1752 1667 1777 tamen
1675 1743 1709 1776 ob
1729 1744 1764 1775 id
1772 1744 1947 1777 contentiose
1964 1744 2113 1787 agendum

1224 1793 1348 1835 nonest,
1368 1791 1500 1836 sedcum
1515 1799 1632 1835 pietate
1655 1804 1751 1826 eorum
1777 1793 1858 1826 dtdla
1878 1799 2011 1835 excipere
2030 1792 2112 1825 debe-

1223 1854 1290 1876 mus
1302 1867 1313 1884 ,
1339 1846 1371 1877 ed
1382 1841 1784 1886 quodpraecipuEsuafludia
1805 1843 1851 1875 ad
1867 1849 2015 1884 pietatem,
2033 1841 2110 1883 refe-

1218 1893 1347 1927 rebant.
1376 1893 1503 1926 Omnes
1529 1894 1592 1927 effe
1609 1892 1690 1926 dicit
1702 1891 1856 1935 probatos
1877 1892 2026 1926 Ecclesiae
2049 1891 2109 1924 Pa-

1222 1954 1286 1978 tres
1301 1968 1312 1984 ,
1335 1954 1420 1987 quos
1430 1942 1509 1977 abfit
1530 1952 1567 1976 ut
1592 1943 1675 1977 inter
1695 1943 1726 1976 se
1745 1942 2011 1976 committamus.
2039 1940 2108 1975 Uti

1221 2002 1329 2027 tamen
1352 1992 1574 2027 Antiochenae
1596 1991 1770 2035 synodum
1782 1991 1952 2025 Nicaenam
1969 1991 2107 2035 preferre

1222 2053 1312 2077 nunc
1324 2053 1454 2086 oportet
1462 2068 1474 2084 ,
1496 2043 1530 2077 &
1541 2053 1657 2077 vocem
1668 2039 1925 2085 Consubstanriale
1949 2040 2043 2075 nullo
2055 2051 2108 2083 pa·

1221 2095 1273 2127 ἂο
1284 2103 1421 2137 negare3
1449 2093 1494 2126 ita
1506 2104 1548 2126 ne
1568 2090 1654 2126 hanc
1668 2090 1922 2134 propositionem
1934 2113 1945 2130 ‚
1974 2093 2058 2123 Deus
2069 2087 2108 2129 est

1216 2143 1318 2186 paffus
1331 2165 1342 2183 ‚
1367 2142 1434 2186 jam
1447 2142 1570 2186 pridem
1587 2142 1620 2176 in
1634 2140 1759 2184 judicio
1769 2140 2023 2177 contradictorio
2034 2151 2108 2184 pro·
2119 2168 2122 2170 .

1221 2192 1331 2227 batam
1352 2192 1394 2227 ab
1405 2192 1548 2227 Ecclesia
1562 2192 1714 2227 Romana
1725 2217 1733 2225 .

1269 2243 1370 2277 Recte
1381 2252 1491 2277 autem
1504 2243 1539 2276 in
1550 2242 1688 2287 septimo
1698 2240 1829 2276 decimo
1850 2239 2023 2276 adversum
2045 2237 2106 2274 hae-

1220 2292 1338 2328 reticos
1349 2292 1434 2327 libro
1445 2317 1456 2333 ‚
1467 2292 1615 2327 exstante
1625 2291 1709 2335 apud
1721 2291 1835 2326 Photii
1850 2290 2106 2330 Bibliothecam‚

1218 2342 1369 2377 laudatus
1379 2341 1613 2377 Theodoretus
1635 2341 1799 2385 improbat
1810 2341 1896 2376 hanc
1919 2340 2109 2385 propositio-

1220 2403 1314 2427 nem:
1341 2392 1469 2426 Verbum
1478 2392 1640 2436 estpaffum
1658 2400 1716 2433 per
1736 2403 1872 2425 carnem.
1901 2390 1939 2423 In
1965 2387 2106 2424 adducto

1217 2443 1356 2487 dialogo
1370 2440 1694 2486 improbat&hanc:
1722 2443 1801 2474 Deus
1823 2440 1861 2481 est
1875 2440 1975 2483 paffus
1996 2450 2105 2474 carne.

1219 2493 1302 2527 Eam
1321 2502 1424 2535 aequat
1437 2490 1531 2526 huic:
1559 2495 1668 2524 Anima
1686 2501 1776 2524 carne
1793 2496 1939 2523 moritur.
1965 2488 2012 2523 At
2034 2501 2106 2524 non

1217 2539 1346 2585 penitus
1372 2541 1469 2575 reue.
1509 2541 1646 2575 Etenim
1682 2541 1823 2583 priorem
1849 2538 2105 2583 propositionem

1216 2592 1352 2626 damnat
1364 2590 1462 2624 etiarn
1475 2591 1509 2624 in
1522 2590 1674 2624 oratione
1694 2590 1735 2624 de
1756 2589 1882 2624 salutari
1895 2589 2037 2625 Domini
2049 2589 2107 2623 ad-

1217 2650 1318 2676 ventu
1330 2639 1480 2676 adversus
1492 2639 1735 2684 Apollinarium
1747 2641 1879 2675 Sanstus
1892 2638 2104 2679 Athanasius,

1220 2692 1309 2735 ajens
1344 2692 1407 2726 effe
1434 2690 1670 2734 blasphemiam
1709 2690 1888 2733 Arianam3
1926 2689 2104 2724 secundam

1215 2740 1356 2776 omnino
1379 2741 1515 2784 probat.
1553 2739 1713 2775 Eamdem
1739 2741 1773 2774 in
1800 2740 1891 2774 libris
1916 2738 1956 2774 ad
1982 2739 2105 2772 Traza-

1216 2791 1379 2826 mundum
1406 2790 1645 2825 Wandalorum
1672 2791 1802 2835 Regem
1828 2789 1944 2833 probat
1969 2789 2104 2823 Sanstus

1215 2842 1428 2886 Fulgentius,
1452 2840 1653 2884 damnatque
1662 2838 1748 2874 hanc
1762 2853 1772 2873 .-
1801 2843 1965 2874 Divinitas
1984 2838 2023 2880 est
2041 2849 2104 2871 car-

1215 2897 1247 2925 m
1268 2891 1436 2934 compassa:
1460 2891 1570 2925 Etiam
1595 2888 1705 2925 hanc.-
1741 2892 1823 2924 Deus
1850 2890 1890 2931 est
1916 2890 2018 2933 palsas
2038 2899 2106 2922 cum

1215 2953 1318 2975 carne.
1356 2941 1491 2974 Etenim
1519 2942 1609 2974 carni
1633 2940 1800 2986 compati,
1827 2951 1905 2975 cum
1928 2950 2025 2974 carne
2046 2946 2104 2972 aut

1215 3003 1269 3035 per
1279 3002 1412 3025 carnem
1432 2991 1497 3035 pati
1511 2991 1556 3024 est
1570 2991 1675 3025 carnis
1699 2990 1836 3034 paffioni
1853 3000 2047 3029 occurrere,
2066 2989 2105 3023 dc

1215 3053 1291 3075 cum
1313 3040 1368 3074 illa
1390 3051 1491 3075 unam
1512 3040 1727 3075 sensationem
1747 3051 1964 3085 componere,
1988 3037 2105 3073 defini-

1215 3100 1282 3125 tam
1293 3090 1312 3123 ὸ,
1324 3091 1441 3125 Sancto
1453 3089 1662 3135 Augustino:
1689 3089 1821 3134 Sensatio
1842 3090 1880 3132 est
1893 3089 2101 3134 passioearnis

1218 3153 1274 3174 non
1284 3142 1382 3174 latens
1394 3146 1529 3173 animam
1541 3165 1548 3172 .
1577 3140 1681 3188 Qod
1692 3141 1737 3174 est
1749 3139 1974 3186 longiffimum
1995 3139 2013 3172 ὲ
2024 3136 2102 3170 Deo

1219 3190 1348 3226 Verbo·
1375 3190 1485 3234 lpsum
1496 3201 1603 3225 tamen
1617 3191 1709 3224 fuisse
1720 3193 1843 3234 passum
1865 3186 2101 3234 perhominem

1218 3242 1310 3275 suum
1325 3240 1479 3274 scribitin
1491 3241 1597 3284 primo
1619 3240 1769 3275 adversus
1794 3237 2046 3274 Parmenianum
2066 3234 2104 3268 li-

1218 3291 1277 3326 bro
1290 3292 1423 3330 Sandius
1435 3291 1579 3334 Optatus
1591 3291 1771 3334 Episcopus
1781 3287 1996 3323 Milevitanus
2009 3310 2016 3317 .

1271 3340 1455 3376 Redeamus
1480 3340 1521 3375 ad
1541 3340 1752 3375 Dorotheum
1778 3335 2103 3372 Archi-Mandritam

1221 3391 1473 3436 nequiffimum,
1498 3391 1639 3434 Synodo
1664 3388 1818 3434 roganti,
1845 3383 2005 3428 Subscribts
2026 3389 2103 3427 Epi-

1213 3442 1294 3483 stolae
1306 3441 1412 3479 Sancti
1424 3441 1547 3478 Leonis
1557 3463 1571 3484 ,
1596 3452 1638 3475 an
1646 3450 1705 3475 non
1714 3463 1726 3482 ,
1752 3435 1960 3482 impudenter
1972 3437 2104 3521 {lespon-

1634 3505 1639 3507 -
1904 3504 1906 3506 v
1930 3512 1935 3515 »
1999 3496 2053 3520 en·

2127 2242 2156 2271 L.
2167 2245 2212 2277 46.

2126 2816 2273 2849 L.3.c.tr.

2128 2862 2229 2888 ¹²·19·
