2340 3736
153 568 254 609 Epist.r
267 578 305 598 12.

389 189 448 225 16

325 264 398 306 mist't
412 289 422 305 ,
447 269 499 307 qui
511 264 653 299 haereticis
674 265 734 298 illis
746 265 896 306 Capitulis
921 268 1070 298 contraria
1092 265 1190 297 docet.

899 177 1529 224 DISSt-RTATIO

1259 262 1419 296 manicien
1425 263 1489 296 sem
1501 288 1509 295 .
1535 264 1694 308 ,Quasnam
1719 266 1753 300 ob
1765 267 1861 301 cades
1885 269 1919 303 (5
1933 268 2075 311 malefhia
2087 283 2140 304 ex-

325 315 427 362 Qod
450 316 552 358 ipsum
571 315 686 358 repetit
712 314 746 350 in
768 314 907 349 secunda
918 315 1077 357 petitione
1101 309 1192 346 r'nissa
1254 311 1360 355 pulsus
1371 325 1422 356 ego
1427 311 1519 356 sum?
1543 314 1694 351 Barbaris
1708 316 1772 358 ipfis
1782 316 1967 361 perspec‘lum
1983 320 2044 361 est,
2071 323 2137 354 illos

326 365 366 399 ad
378 365 561 408 Principem
574 375 615 398 ex
631 363 764 399 civitate
789 362 1063 401 Chalcedonenss.
1091 362 1193 410 Qod

326 427 466 459 namque
479 414 660 449 orientales
669 412 1074 458 EpiscopiAquilejensem
1089 437 1100 453 ,
1124 413 1195 445 Me·

325 465 545 499 dio-lanensem
559 488 570 504 ,
595 462 866 498 &Ravennatem
880 463 980 499 Italiae
999 463 1196 505 Metropoli-

326 525 374 550 tas
394 515 511 548 fuerint
522 514 556 548 in
578 523 701 557 partem
712 515 800 548 suam
812 513 962 548 adversus
986 514 1141 557 Capitula
1153 513 1196 546 se-

325 566 438 601 ducere
447 565 556 598 conati
568 586 579 602 ,
603 564 735 598 testatur
744 563 976 598 Theodoretus
989 564 1022 597 in
1034 563 1146 597 litteris
1156 561 1197 596 ad

327 615 512 648 Dominum
525 613 744 650 patriarcham
756 612 1026 651 Antiochenum:
1054 612 1103 647 At
1114 612 1198 647 solus

325 665 581 698 Mediolanensis
591 666 653 698 fuit
666 665 707 698 ab
719 665 783 698 illis
804 665 1060 698 circumventus.

374 715 473 761 Qin
496 714 600 748 immo
623 715 722 748 etiam
744 713 816 758 post
840 715 955 751 fastam
979 725 1089 757 pacem
1112 713 1198 747 inter

323 765 532 808 Cyrillum&
556 766 739 808 hannem,
765 775 941 806 eorumque
961 763 1133 807 Synodos,
1158 763 1198 796 ad

325 815 448 849 Marim
468 814 597 848 Persam
619 815 817 858 Episcopum
829 814 937 848 scribit
948 813 1019 847 Ibas
1029 814 1198 856 Metropo-

326 866 384 898 lita
406 864 602 899 Edeffenus.
631 866 753 903 cyrillus
773 864 875 897 volens
902 864 1030 904 Nestorii
1039 863 1129 896 libros
1153 863 1199 895 de-

319 915 454 958 struere,
480 913 581 958 lapsus
603 914 641 954 est
654 939 664 955 ,
690 917 767 948 &in
778 916 884 957 dogma
896 915 1076 956 Apollinaris
1095 919 1199 944 inven-

325 975 376 998 tus
386 965 423 1006 est
435 965 563 1007 incidisse
573 990 579 997 .
608 963 781 1006 Conscripsit
790 970 868 996 enim
881 966 914 997 <a
924 962 984 1007 ipse
986 962 1119 1003 similiter
1131 962 1175 996 illi
1187 986 1198 1001 ,

325 1021 396 1058 quia
415 1013 477 1058 ipse
500 1018 579 1047 Deus
602 1014 728 1047 Verbum
741 1013 847 1054 fac‘Ius
858 1013 897 1053 est
914 1013 1017 1053 homo,
1043 1021 1196 1053 tamquam

325 1077 383 1099 non
389 1063 428 1106 fit
438 1063 606 1104 differentia
615 1068 691 1096 inter
702 1063 843 1104 templum
852 1062 1144 1097 &inhabitationem
1164 1068 1196 1094 in

325 1127 373 1148 eo.
397 1112 568 1156 conscripsti
586 1118 664 1145 enim
689 1114 840 1147 duodecim
861 1113 1003 1155 Capitula
1016 1136 1026 1152 ,
1051 1118 1123 1154 quia
1136 1123 1196 1145 una

322 1164 361 1204 est
385 1172 493 1195 natura
520 1166 653 1197 Deitatis
673 1163 706 1196 (θ’
727 1162 927 1199 humanitatis
959 1165 1080 1198 Domini
1107 1161 1195 1202 nostri

316 1217 349 1260 J
352 1213 400 1256 esu
412 1211 521 1252 Christi
530 1235 540 1251 ,
566 1214 600 1246 (55
610 1217 680 1254 quia
691 1223 748 1245 non
762 1220 893 1254 oportet,
914 1211 985 1256 ficut
998 1213 1089 1251 dicit,
1116 1213 1195 1247 divi-

322 1266 392 1297 dere
414 1273 498 1296 voces
519 1261 617 1295 dic‘las
627 1263 667 1295 de
689 1261 805 1296 eodem
828 1262 998 1296 Domino.
1029 1262 1072 1296 Et
1090 1261 1191 1297 infra.

320 1316 404 1349 Deus
413 1312 566 1355 fideltffimi
588 1314 737 1353 Principis
747 1324 792 1345 cor
805 1317 884 1345 rexit
895 1337 906 1353 ,
932 1321 965 1347 ut
978 1315 1117 1355 dirigeret
1125 1310 1193 1354 san-

313 1363 462 1403 dlifflmum
475 1360 754 1405 Archi-Episcopum
765 1367 895 1397 Orientis
909 1387 919 1402 ‚
933 1365 1090 1396 Dominum
1090 1365 1123 1407 J
1125 1373 1191 1394 oan-

314 1425 382 1447 nem
395 1437 405 1453 ,
430 1422 463 1446 ut
473 1413 704 1446 reconciliaretur
727 1412 849 1452 cyrillo.
881 1412 965 1446 Abeo
988 1417 1066 1445 enim
1081 1411 1190 1454 fuerat

314 1460 497 1505 Episcopatu
508 1461 668 1504 depositus.
696 1465 742 1494 Et
756 1462 910 1505 postquam
923 1463 1039 1495 litteras
1061 1465 1190 1502 Impera-

313 1518 385 1547 toris
398 1518 506 1554 recepit
522 1534 532 1550 ‚
557 1513 833 1551 Reverendifflmum
859 1513 985 1545 Paulum
1010 1509 1190 1553 Emeftnum

311 1564 425 1597 direxit
438 1560 618 1604 Episcopum
632 1585 643 1602 ,
663 1559 797 1604 scribens
806 1561 869 1603 post
878 1572 941 1596 eum
960 1571 1065 1594 veram
1078 1559 1166 1601 fidem
1180 1584 1189 1599 ‚

312 1614 347 1646 Q?
363 1617 541 1654 praecipiens
558 1616 605 1653 ei,
632 1606 702 1654 quia
712 1608 742 1652 fi
747 1610 814 1644 huic
829 1610 902 1653 fidei
912 1612 1035 1650 cyrillus
1046 1608 1190 1655 consens}-

311 1670 353 1697 rit
365 1687 374 1703 ,
401 1665 434 1697 (θ’
445 1661 755 1696 anathematizaverit
772 1673 817 1694 eos
827 1686 838 1700 ‚
866 1667 919 1704 qui
930 1663 1030 1694 dicunt
1041 1686 1051 1703 ,
1063 1660 1187 1746 Qgiss
1216 1668 1219 1672 '

311 1711 490 1747 DElTAs
510 1709 651 1745 PASSA
666 1710 775 1753 EST;
802 1711 853 1744 vel
880 1714 1009 1746 dicenter
1024 1736 1034 1751 ‚

314 1762 426 1796 UNA
439 1759 658 1797 NATURA
671 1760 760 1795 EST
772 1760 1002 1798 DEITATIS
1015 1761 1082 1794 ET
1095 1761 1187 1796 HU-

313 1811 610 1853 MANlTATls‚
635 1821 667 1846 ut
692 1817 921 1845 communicaret⁴
941 1817 986 1845 ei.
1013 1812 1110 1846 Voluit
1135 1823 1190 1844 au*

313 1872 373 1896 tem
385 1866 530 1896 Dominus
541 1873 587 1895 cor
598 1865 734 1906 AEgyptii
745 1864 870 1896 emollire
882 1886 892 1902 ,
917 1870 950 1896 ut
954 1861 1015 1904 fine
1028 1861 1187 1906 fatigatio-

313 1925 350 1946 ne
356 1913 429 1954 fidei
452 1911 651 1956 consentiret,
677 1912 798 1946 &hanc
812 1911 996 1955 susciperet,
1021 1921 1110 1958 atque
1131 1924 1188 1945 om-

314 1974 366 1996 nes
378 1986 389 2002 ,
414 1968 466 2005 qui
486 1960 593 2005 absque
618 1961 674 1995 hac
695 1963 844 1995 crederent
858 1986 870 2002 ,
895 1962 1187 1996 anathematizaret.

313 2013 424 2047 Etiam
444 2012 515 2056 post
530 2012 646 2046 initam
670 2011 883 2046 Ecclefiarum
906 2023 1018 2056 pacem
1038 2012 1188 2046 constans

312 2060 461 2097 adfirmat
483 2062 636 2105 Capitula
656 2062 717 2095 else
741 2060 889 2096 haeretica
914 2087 925 2102 ,
951 2074 1012 2096 nec
1036 2062 1126 2105 illam
1146 2062 1187 2094 fa-

311 2114 415 2153 stam,
436 2121 492 2146 aut
513 2111 582 2145 fieri
603 2111 742 2154 potuisse
756 2135 767 2150 ,
794 2112 850 2144 nisi
871 2111 937 2146 illis
958 2123 1011 2155 per
1022 2112 1187 2153 Cyrillum

312 2161 615 2196 anathematizatis.
645 2160 855 2195 Hosceenim
876 2161 1054 2200 articulos,
1080 2164 1187 2194 Deitas

311 2212 348 2253 est
366 2213 470 2255 passa,
496 2211 530 2244 &
555 2214 688 2244 Deitatis
713 2222 749 2242 ac
758 2209 954 2243 humanitatis
971 2210 1062 2252 sabla
1073 2209 1111 2251 est
1128 2222 1188 2244 una

312 2270 443 2302 natura,
470 2260 618 2303 Cyrillus
639 2259 951 2299 anathematizavit,
974 2260 1010 2294 δε
1037 2259 1188 2302 Capitula

311 2311 394 2346 suaa
418 2311 545 2354 pravis,
571 2308 687 2353 quibus
707 2308 898 2342 laborabant
920 2332 931 2348 ,
957 2308 1189 2351 suspicionibus

312 2372 421 2404 neque
441 2360 614 2404 purgavit,
641 2369 746 2402 neque
757 2358 798 2393 ab
820 2358 1045 2392 Orientalibus
1061 2359 1188 2400 Episco-

312 2412 363 2454 pis
386 2409 514 2444 admitti
538 2408 668 2454 exegit,
694 2407 835 2450 ideoque
859 2408 943 2442 visus
964 2408 1009 2442 est
1032 2408 1123 2442 fateri
1145 2408 1189 2442 la-

313 2462 405 2505 psum
417 2483 427 2499 ‚
452 2461 486 2494 &
495 2459 598 2493 modo
607 2459 670 2492 effe
682 2459 853 2492 conversus
866 2483 873 2490 .

363 2511 488 2545 Eadem
501 2511 565 2543 fuit
585 2519 677 2542 mens
702 2507 908 2543 Theodoreti
923 2533 931 2541 .
958 2509 1092 2542 Etenim
1102 2507 1189 2551 pacis

313 2563 450 2595 trastatu
479 2558 641 2604 pendente
661 2557 772 2592 scribit
806 2556 846 2592 ad
868 2559 1027 2601 Joannem
1055 2557 1188 2591 Patriar·

311 2609 410 2644 cham
419 2608 678 2643 Antiochenum.
697 2612 897 2641 Communiter
903 2609 1086 2652 perlegentes
1096 2606 1190 2650 AEgy·

308 2667 431 2703 ptiacas
451 2662 570 2694 litteras
592 2682 604 2698 ,
629 2659 664 2692 <it
685 2663 891 2691 examinantes
916 2669 1018 2691 earum
1035 2656 1188 2700 subtiliter

310 2708 446 2754 sensum,
470 2715 640 2743 invenimus
660 2708 847 2750 consonantes
870 2708 958 2740 dic‘lis
983 2709 1004 2740 ῐι
1023 2708 1128 2747 nobis,
1155 2708 1188 2740 (τ

310 2761 416 2803 palam
427 2765 590 2793 contrarias
609 2759 758 2791 duodecim
781 2759 932 2799 Capitulis
946 2781 957 2797 ‚
981 2757 1087 2799 quibus
1100 2755 1188 2800 usque

315 2810 361 2841 ad
363 2808 521 2851 praesens‚
547 2816 582 2842 ut
592 2809 698 2841 alienis
708 2809 728 2840 a
735 2810 872 2849 pietate,
898 2815 1097 2850 repugnantes
1117 2815 1188 2848 per-

315 2857 472 2899 mansimus
492 2884 499 2890 .
527 2857 720 2893 Etiamnum
743 2856 943 2891 aversabatur
954 2861 1050 2889 Deum
1061 2854 1187 2890 Verbum

316 2909 476 2941 carnaliter
496 2917 600 2942 natum
619 2931 630 2948 ,
659 2912 794 2941 unionem
829 2907 994 2940 naturalem
1017 2931 1028 2946 ,
1053 2917 1087 2938 ac
1109 2911 1189 2939 unio-

317 2969 383 2990 nem
401 2956 562 3001 secundum
583 2956 732 2999 hypostafin
751 2982 762 2997 ,
789 2957 851 2990 esse
873 2966 960 2990 ratus
987 2955 1188 2988 haereticorum

313 3012 450 3053 germina
479 3010 672 3041 Zizaniorum
694 3032 700 3039 .
730 3006 773 3040 Et
798 3006 869 3050 post
894 3007 1054 3039 firmatam
1078 3016 1188 3048 pacem

319 3056 429 3091 sedbit
451 3056 493 3090 ad
517 3057 706 3092 Nestorium
727 3079 738 3095 ,
773 3056 807 3089 in
829 3055 930 3089 exilio
954 3055 1163 3090 blaterantem
1178 3079 1188 3094 ‚

318 3105 408 3150 quod
419 3107 601 3141 orientales
622 3105 797 3149 Episcopi,
824 3103 992 3140 Cathedrae.
1012 3104 1188 3139 retinendae

317 3154 492 3200 cupiditate
514 3155 608 3195 visti,
636 3168 672 3189 ac
693 3156 814 3199 dogma
825 3156 918 3189 suum
941 3155 1028 3198 prius
1045 3155 1190 3198 praevari-

319 3207 383 3239 cati
395 3231 406 3246 ‚
434 3205 596 3247 Cyrillum
608 3206 641 3238 ὃ(
653 3205 719 3246 ejus
731 3204 882 3247 Capitula
895 3204 1079 3248 recepissent
1092 3230 1099 3236 .
1127 3209 1189 3237 Ne-

320 3267 366 3287 mo
383 3254 559 3297 persuadeat
583 3257 655 3287 Tuae
681 3254 841 3286 sanititati
863 3279 874 3294 ‚
900 3257 979 3296 quod
1001 3266 1050 3297 ego
1072 3252 1190 3296 Episco-

315 3306 417 3345 palem
441 3306 544 3338 sedem
562 3309 703 3345 cupiens,
729 3311 870 3344 tanquam
896 3303 1069 3336 orthodoxas
1078 3303 1188 3347 suscepi

322 3352 518 3395 AEgyptiacas
540 3356 680 3388 litteras:
706 3361 740 3386 ut
749 3359 828 3385 enim
847 3364 911 3386 cum
920 3351 986 3395 ipsa
1008 3360 1136 3386 veritate
1145 3355 1188 3385 di-

319 3413 403 3442 cam,
423 3400 534 3444 saepius
555 3404 746 3445 casperlegi,
771 3402 804 3435 (θ’
818 3399 967 3444 subtiliter
997 3402 1104 3444 discuffi
1119 3427 1128 3441 ,
1155 3405 1187 3435 (τ

319 3451 458 3484 haeretica
466 3453 534 3484 illas
546 3455 745 3485 amaritudine
751 3451 893 3485 liberatas
907 3452 955 3494 effe
961 3457 1070 3484 inveni.
1093 3452 1183 3499 Qun

317 3501 422 3547 immo
444 3500 514 3543 post
537 3499 744 3534 latrocinium
764 3500 980 3544 Ephefinum,
1007 3503 1099 3536 &tot
1116 3503 1185 3535 suas

316 3550 514 3587 calamitates
535 3550 643 3587 scribit
654 3550 694 3585 ad
717 3551 874 3595 Joannem
887 3551 1085 3595 Episcopum
1107 3552 1182 3586 Ger-

391 3640 406 3662 Φ

1258 363 1480 406 medogmatum
1499 361 1589 405 causa
1609 365 1730 408 ty’eciffe.
1757 371 1843 400 Nam
1861 370 1895 402 (⁴5
1916 371 2066 402 dominum
2078 374 2137 403 Do-

1259 424 1380 453 mnum,
1401 413 1536 457 Joannis
1558 414 1592 446 in
1605 412 1825 451 patriarchatu
1839 416 2138 454 Antiocheno-suc·

1260 464 1435 503 cessorem,
1461 464 1541 505 quod
1557 463 1700 504 capitula
1722 475 1778 498 non
1791 472 1957 512 ‘rc-ciperet,
1982 476 2046 502 viri
2054 476 2136 512 *opti-

1260 519 1301 546 mi
1311 511 1521 556 deposuerunt,
1546 519 1624 545 omni
1634 514 1720 546 laude
1731 515 1824 557 digna
1843 517 1906 550 haec
1926 520 2111 560 affirmantes
2124 544 2135 560 ‚

1260 565 1294 599 (θ’
1305 568 1337 596 in
1349 561 1437 606 bisse
1450 561 1622 605 acquiescere
1637 563 1812 605 profitentes
1825 589 1831 596 .
1858 568 1970 600 Eorum
1979 576 2058 602 enim
2063 578 2135 612 pro·

1253 612 1382 655 feffiones
1394 624 1443 656 ego
1463 615 1537 656 legi.
1565 616 1614 646 Me
1623 615 1693 646 verb
1704 613 1787 646 velut
1809 612 1949 657 haereseos
1961 619 2132 662 Principem

1261 663 1437 696 abdicarunt
1448 686 1459 701 ,
1486 664 1601 697 &alios
1610 670 1727 704 pariter
1740 665 1864 697 eandem
1884 664 1918 696 ob
1941 665 2058 708 causam
2074 681 2133 702 ,εκ-

1256 714 1416 754 pulerunt.
1442 711 1581 746 Perfistit
1593 713 1795 756 Capitulaex
1809 713 1916 754 Ario,
1942 714 2133 758 Eunomio,

1260 774 1296 796 ac
1319 761 1506 805 Apollinari
1532 762 1595 795 effe
1615 762 1759 806 leprosa,
1783 764 1816 799 &
1836 765 2041 808 explodenda
2054 790 2061 798 .
2088 767 2133 804 Et

1259 811 1382 851 credit,
1411 810 1502 855 quod
1513 822 1581 845 non
1603 812 1671 846 fine
1693 812 1807 847 causaj
1829 814 2025 856 Ephefinum
2038 815 2132 860 quip-

1260 861 1298 905 pe
1310 861 1514 896 latrocinium
1527 886 1537 901 ‚
1566 862 1599 895 in
1611 873 1678 905 quo
1698 862 1838 897 stabilita
1853 863 2062 907 Eutychiana
2074 867 2134 900 im-

1259 912 1378 955 pietas.
1405 910 1558 955 Capitula
1579 911 1837 954 adsumpseratin
1859 915 1998 957 palmare
2019 916 2135 950 sunda-

1258 972 1405 996 mentum
1417 986 1428 1002 ‚
1439 961 1618 1005 protestans
1631 963 1661 996 se
1671 959 1784 1005 haerere
1795 963 1898 998 saneti
1913 964 2034 1007 Cyrilli
2045 966 2128 1012 dog—

1257 1011 1421 1052 matibus,
1446 1012 1604 1046 &eorum
1628 1012 1824 1048 adversarios
1847 1013 2007 1049 damnans
2026 1025 2062 1048 ut
2073 1016 2134 1050 ha:-

1257 1061 1371 1096 reticos
1399 1085 1411 1103 ‚
1436 1062 1554 1105 eosque
1575 1064 1660 1095 inter
1679 1061 1777 1095 etiam
1798 1063 1971 1097 Domuum
1997 1063 2136 1100 Patriar·

1255 1110 1352 1147 cham
1371 1135 1383 1152 ‚
1410 1110 1500 1147 Ibam
1533 1111 1725 1146 Edessenum
1748 1136 1759 1152 ,
1784 1123 1822 1145 ac
1855 1109 2131 1149 Theodotetum=

1257 1161 1300 1195 Et
1310 1160 1399 1197 hunc
1421 1159 1550 1205 quidem
1562 1185 1572 1201 ,
1599 1172 1635 1195 ut
1648 1160 1898 1196 Haeressarcham
1916 1163 1950 1196 ἀ
1963 1162 2133 1207 Capitulo-

1255 1223 1326 1246 rum
1337 1212 1605 1255 impugnatorum
1630 1211 1771 1252 ducem,
1798 1212 2067 1255 irreparabiliter,
2091 1225 2134 1248 ex

1255 1261 1387 1296 laudato
1410 1262 1475 1305 jam
1488 1260 1598 1305 saepitis
1620 1261 1759 1296 Canone
1779 1262 1935 1306 antiquo.
1963 1263 2133 1311 roirca

1255 1312 1353 1345 etiam
1364 1310 1740 1352 Domnustatriarcha,
1768 1312 1874 1356 palam
1901 1311 2109 1348 orthodoxus
2121 1339 2133 1356 ,

1254 1362 1396 1395 damnari
1409 1361 1426 1394 a
1436 1361 1598 1396 latrocino
1610 1362 1725 1396 maluit
1737 1385 1747 1401 ‚
1774 1372 1872 1405 quam
1885 1362 2047 1406 Capitulis
2054 1377 2134 1399 con-

1255 1411 1388 1447 sentire.
1417 1412 1461 1446 Et
1484 1411 1633 1452 videtur,
1659 1411 1748 1453 quod
1777 1413 1872 1448 firmo
1887 1411 1977 1455 jure.
2006 1414 2133 1448 Eorum

1253 1462 1342 1497 enim
1364 1462 1539 1496 consensus
1564 1461 1755 1505 exigebatur
1789 1462 1830 1495 ab
1852 1462 2131 1505 Eutychianistis,

1251 1510 1398 1555 adeoque
1410 1511 1506 1547 illum
1519 1510 1594 1547 dare
1605 1522 1671 1546 erat
1683 1511 1788 1556 pamm
1808 1511 1917 1547 labiiu
1928 1512 2051 1560 dogma
2066 1514 2134 1549 Eu-

1252 1559 1444 1604 tychianum
1456 1588 1463 1596 .
2071 1576 2073 1578 ’

1300 1608 1425 1646 Eadam
1449 1611 1514 1647 fuit
1524 1624 1615 1648 mens
1636 1613 1860 1655 Maximiani,
1886 1626 1946 1658 pro
1972 1614 2130 1649 Nestorio

1247 1661 1288 1708 jn,
1306 1662 1414 1697 sedem
1438 1662 1841 1706 constantinopolitanam
1868 1665 2036 1704 ordinati,
2062 1665 2131 1707 plu·

1249 1712 1400 1755 rimisque
1432 1724 1485 1756 per
1507 1712 1712 1748 Celestinum
1745 1712 1943 1747 Pontificem
1969 1714 2131 1747 encomiis

1248 1763 1395 1797 exornati
1409 1787 1420 1802 ,
1444 1763 1485 1796 de
1497 1773 1562 1805 quo
1573 1786 1584 1802 ,
1595 1774 1632 1796 ac
1644 1763 1713 1805 ejus
1724 1762 1859 1805 Synodo
1872 1762 2042 1796 Liberatus
2053 1763 2131 1796 Dia·

1249 1823 1352 1856 conus
1374 1837 1381 1844 .
1406 1810 1590 1855 Scripftrunt
1610 1813 1644 1846 (ι’
1677 1810 1817 1854 Episcopi
1838 1813 1854 1844 ἑ
1880 1810 2129 1853 Constantinopoli

1246 1864 1375 1901 cyrillo,
1399 1867 1468 1904 quia
1492 1863 1656 1894 amicitiam
1678 1863 1794 1894 modum
1817 1862 1851 1895 (τ
1864 1869 1971 1903 pacem
1993 1860 2130 1903 Ecclefia-

1248 1923 1313 1945 rum
1333 1910 1505 1955 sanHarum
1527 1923 1584 1954 non
1607 1913 1695 1945 aliter
1701 1913 1768 1953 fieri
1793 1917 1982 1951 conveniret,
2008 1910 2066 1953 nifi
2070 1923 2129 1944 om-

1248 1968 1300 1995 m'a
1311 1987 1323 2003 ,
1348 1973 1415 2005 quae
1434 1960 1546 2005 abipso
1565 1967 1598 1995 in
1620 1960 1709 2005 causa
1722 1960 1835 2005 scripta
1849 1959 1924 2004 sunt
1941 1960 2129 2003 Epistolis&

1247 2017 1335 2045 tomis
1351 2013 1389 2047 δ’
1411 2011 1497 2045 libris
1510 2035 1521 2052 ‚
1546 2019 1721 2045 evacuentur
1734 2036 1741 2043 .
1770 2012 1814 2045 Et
1834 2011 1934 2044 infra.
1958 2012 2128 2054 culparum

1239 2067 1398 2107 Joannem
1421 2061 1649 2102 Antiochenam,
1673 2064 1753 2094 curu
1774 2063 1879 2100 Cyrillo
1890 2072 1947 2094 non
1969 2065 2128 2103 expetierit

1248 2113 1450 2154 Capitulorum
1470 2113 1709 2144 damnationem.
1741 2107 1974 2150 Gennadium,
2001 2109 2134 2143 Anato-

1248 2155 1284 2195 lii
1297 2163 1330 2195 in
1343 2162 1414 2195 sede
1426 2161 1540 2195 eadem
1554 2160 1624 2203 post
1639 2159 1830 2194 Concilium
1858 2157 2128 2193 Chalcedonense

1249 2211 1454 2245 successorem
1469 2234 1479 2250 ,
1505 2210 1577 2253 quis
1590 2211 1652 2244 effe
1664 2210 1784 2242 nesciat
1800 2209 1835 2241 δε
1847 2206 2071 2249 orthodoxum
2092 2209 2126 2241 δε

1248 2262 1390 2295 sanetum
1403 2260 1419 2291 ?
1444 2259 1522 2301 Ejus
1534 2259 1646 2292 merita
1668 2259 1702 2291 ὅ(
1712 2257 1867 2291 miracula
1878 2256 1972 2292 refert
1999 2258 2034 2290 in
2047 2257 2124 2291 Col-

1248 2310 1398 2343 lestaneis
1418 2307 1619 2342 Theodorus
1640 2307 1774 2341 Lestor.
1802 2306 1954 2349 Ejusdem
1965 2317 2073 2341 tamen
2089 2307 2124 2340 in

1248 2358 1369 2402 Cyrilli
1390 2358 1542 2401 Capitula
1554 2358 1731 2391 investivas
1751 2356 1920 2391 audiamus
1933 2356 1951 2390 a
1966 2357 2125 2392 Facundo

1251 2408 1413 2451 Episcopo
1434 2407 1680 2441 Hermianenfi.
1708 2410 1761 2440 Vae
1774 2406 1847 2439 mihi
1869 2406 2009 2439 amalis:
2037 2411 2122 2447 Heu,
2142 2433 2203 2462 ἰὼ
2220 2426 2279 2468 c.4.⁴

1247 2459 1324 2494 heu!
1350 2458 1435 2490 Unde
1452 2463 1531 2490 enim
1551 2455 1708 2500 quisquam
1722 2463 1754 2489 in
1773 2455 1916 2498 praesentt'
1936 2457 2058 2490 aliunde*
2074 2456 2128 2501 su-

1247 2518 1311 2542 mat
1334 2507 1512 2541 exordium?
1538 2508 1654 2550 ,Quales
1680 2507 1780 2544 cyrilli
1792 2506 1954 2550 AEgyptii,
1982 2508 2124 2549 &quan-

1248 2567 1297 2592 tas
1318 2555 1516 2600 blasphemias
1548 2561 1658 2590 incurri
1683 2556 1700 2587 ἓ
1726 2559 1808 2600 ,Quis
1828 2558 1935 2590 revera
1961 2558 2012 2589 det
2033 2563 2125 2599 capiti

1247 2619 1306 2640 meo
1325 2619 1435 2648 aquam
1453 2631 1463 2646 ,
1490 2607 1524 2640 ό·
1545 2607 1633 2639 oculis
1657 2611 1726 2638 meis
1739 2606 1858 2647 fontem
1881 2604 2094 2645 lachrymarum
2108 2606 2124 2638 .?

1247 2660 1400 2701 ‚Quoniam
1422 2657 1554 2689 extendit
1565 2657 1667 2700 lingua
1691 2658 1755 2696 ejus
1781 2657 1987 2696 mendacium,
2013 2658 2048 2690 eb·
2066 2668 2124 2690 non

1242 2708 1332 2750 fidem
1345 2731 1352 2738 .
1381 2702 1434 2739 V'ae
1457 2707 1533 2739 malo
1555 2707 1746 2739 Alexandria·
1760 2730 1770 2745 ,
1788 2705 1941 2747 familiari
1966 2707 2030 2746 ejus
2053 2730 2064 2746 ,
2089 2707 2125 2740 (5

1242 2763 1362 2800 proprio
1365 2758 1436 2797 jam
1446 2755 1493 2796 isti
1498 2754 1769 2798 secundoAlludit
1780 2755 1819 2789 ad
1833 2754 1951 2798 Cyrilli
1962 2766 2123 2798 patruum,

1247 2808 1280 2840 δε
1293 2807 1327 2840 in
1339 2806 1413 2840 sede
1434 2804 1660 2847 Alexandrina
1673 2805 1861 2848 proximum
1880 2805 2123 2840 Antecefforem

1247 2854 1490 2899 Theophilum,
1502 2854 1631 2899 ejusque
1644 2856 1675 2888 in
1686 2856 1836 2888 Sanstum
1848 2855 2008 2898 Joannem
2020 2854 2123 2898 Chry-

1249 2906 1424 2940 sostomum
1436 2905 1606 2939 violentias
1623 2930 1630 2938 .
1642 2904 1736 2938 Dicit
1747 2902 1833 2938 hunc
1845 2906 2011 2940 tentarein
2022 2905 2123 2948 ipsam

1247 2954 1346 2990 fidem
1368 2953 1609 2994 orthodoxam,
1633 2954 1722 2999 quod
1737 2955 1803 2998 ipse
1827 2955 2003 2997 perfecitin
2030 2954 2124 2987 inno-

1248 3007 1336 3039 xiam
1359 3006 1527 3048 personam
1550 3029 1562 3044 ‚
1596 3004 1630 3037 &
1652 3005 1755 3049 pergit
1780 3030 1786 3036 .
1826 3010 1948 3038 Omnem
1965 3002 2124 3047 superemi-

1249 3062 1382 3089 nentiam
1403 3053 1591 3097 blasphemia·
1606 3052 1762 3095 jaculatus
1773 3053 1810 3094 est
1832 3055 1980 3088 adversus
2003 3052 2120 3097 sanc‘los

1249 3108 1357 3138 Patres
1368 3129 1379 3145 ,
1401 3105 1547 3137 adversus
1557 3115 1654 3137 eorum
1659 3111 1774 3146 priores
1788 3104 1931 3146 Apostolos
1943 3129 1954 3145 ‚
1972 3103 2120 3138 adversus

1249 3153 1343 3198 ipsum
1352 3156 1537 3187 Salvatorem
1548 3160 1579 3186 in
1590 3153 1795 3197 resurrec‘lione
1807 3156 1970 3194 meditatus
1979 3151 2019 3192 est
2030 3175 2038 3183 .
2065 3153 2124 3183 Ad-

1247 3204 1396 3248 sumptam
1409 3206 1528 3246 quidem
1546 3203 1760 3237 humanitatem
1770 3215 1807 3237 ex
1828 3204 2018 3242 nobis&pro
2039 3201 2122 3234 nobis

1250 3257 1376 3295 injuriat
1387 3266 1401 3296 ;
1429 3257 1575 3286 Divinam
1598 3256 1662 3294 ejus
1675 3263 1815 3287 naturam
1835 3250 2032 3292 impassibilem
2053 3248 2125 3292 pas-

1246 3303 1373 3345 sionibus
1383 3302 1534 3346 subjacere
1543 3305 1713 3338 contendit.
1739 3300 1840 3348 Qod
1852 3301 1944 3334 sexto
1966 3299 2124 3343 Capitulo

1252 3354 1339 3387 dicat
1359 3355 1463 3396 ipsum
1486 3354 1595 3388 Deum
1621 3353 1766 3388 Verbum
1786 3349 1849 3383 elle
1871 3349 1995 3396 passum
2008 3360 2124 3383 carne.

1253 3406 1423 3447 lmpugnat
1457 3402 1647 3437 Gennadius
1671 3402 1706 3434 δε
1741 3398 1883 3442 primum
1909 3398 2125 3442 Capitulum,

1251 3465 1315 3497 quo
1337 3453 1428 3487 Deus
1443 3451 1588 3486 Verbum
1608 3449 1762 3485 adseritur
1779 3447 1950 3482 carnaliter
1970 3456 2065 3481 natus
2085 3459 2126 3481 ex

1255 3503 1411 3547 Virgine,
1436 3502 1468 3536 ἃ
1489 3501 1646 3536 exclamat
1660 3522 1675 3532 .-
1694 3497 2011 3531 Anathematizaturus
2034 3506 2064 3530 te
2086 3497 2126 3538 est

1252 3557 1353 3593 Deus,
1381 3555 1482 3585 Partes
1506 3551 1660 3585 dealbate.
1683 3549 1712 3592 J
1714 3547 1872 3594 ustiffimum
1889 3554 1968 3582 enim
1983 3546 2056 3632 veq-'Z
2077 3556 2125 3588 te,

2058 3608 2079 3630 ,.
