<?xml version="1.0" encoding="UTF-8"?>
<!DOCTYPE html PUBLIC "-//W3C//DTD XHTML 1.0 Transitional//EN"
    "http://www.w3.org/TR/xhtml1/DTD/xhtml1-transitional.dtd">
<html xmlns="http://www.w3.org/1999/xhtml" xml:lang="en" lang="en">
 <head>
  <title>
</title>
<meta http-equiv="Content-Type" content="text/html;charset=utf-8" />
  <meta name='ocr-system' content='tesseract 3.04.00' />
  <meta name='ocr-capabilities' content='ocr_page ocr_carea ocr_par ocr_line ocrx_word'/>
</head>
<body>
  <div class='ocr_page' id='page_1' title='image "./operaomniastudio02lupuuoft_0303.png"; bbox 0 0 2340 3736; ppageno 0'>
   <div class='ocr_carea' id='block_1_1' title="bbox 87 186 207 226">
    <p class='ocr_par' dir='ltr' id='par_1_1' title="bbox 87 186 207 226">
     <span class='ocr_line' id='line_1_1' title="bbox 87 186 207 226; baseline -0.017 -9"><span class='ocrx_word' id='word_1_1' title='bbox 87 188 161 226; x_wconf 77' lang='lat' dir='ltr'>Cap·</span> <span class='ocrx_word' id='word_1_2' title='bbox 182 186 207 216; x_wconf 76' lang='lat' dir='ltr'>1.v</span> 
     </span>
    </p>
   </div>
   <div class='ocr_carea' id='block_1_2' title="bbox 56 303 244 381">
    <p class='ocr_par' dir='ltr' id='par_1_2' title="bbox 56 303 244 381">
     <span class='ocr_line' id='line_1_2' title="bbox 56 303 217 339; baseline -0.012 -6"><span class='ocrx_word' id='word_1_3' title='bbox 56 326 60 330; x_wconf 58' lang='grc'><strong><em>,</em></strong></span> <span class='ocrx_word' id='word_1_4' title='bbox 89 303 162 339; x_wconf 60' lang='lat' dir='ltr'>Cat-4</span> <span class='ocrx_word' id='word_1_5' title='bbox 175 310 217 339; x_wconf 52' lang='lat'>131</span> 
     </span>
     <span class='ocr_line' id='line_1_3' title="bbox 90 345 244 381; baseline 0.006 -9"><span class='ocrx_word' id='word_1_6' title='bbox 90 345 152 376; x_wconf 69' lang='lat' dir='ltr'>Ly.</span> <span class='ocrx_word' id='word_1_7' title='bbox 169 352 244 381; x_wconf 61' lang='lat' dir='ltr'>c.²3÷</span> 
     </span>
    </p>
   </div>
   <div class='ocr_carea' id='block_1_3' title="bbox 89 1482 220 1522">
    <p class='ocr_par' dir='ltr' id='par_1_3' title="bbox 89 1482 220 1522">
     <span class='ocr_line' id='line_1_4' title="bbox 89 1482 220 1522; baseline -0.008 -9"><span class='ocrx_word' id='word_1_8' title='bbox 89 1482 160 1522; x_wconf 81' lang='lat' dir='ltr'>Cap.</span> <span class='ocrx_word' id='word_1_9' title='bbox 177 1493 187 1512; x_wconf 81' lang='lat' dir='ltr'>i</span> <span class='ocrx_word' id='word_1_10' title='bbox 194 1492 220 1519; x_wconf 89' lang='lat'>3.</span> 
     </span>
    </p>
   </div>
   <div class='ocr_carea' id='block_1_4' title="bbox 92 1865 239 1899">
    <p class='ocr_par' dir='ltr' id='par_1_4' title="bbox 92 1865 239 1899">
     <span class='ocr_line' id='line_1_5' title="bbox 92 1865 239 1899; baseline 0 -6"><span class='ocrx_word' id='word_1_11' title='bbox 92 1865 239 1899; x_wconf 77' lang='lat' dir='ltr'>L14.c.12</span> 
     </span>
    </p>
   </div>
   <div class='ocr_carea' id='block_1_5' title="bbox 649 105 1698 150">
    <p class='ocr_par' dir='ltr' id='par_1_5' title="bbox 649 105 1698 150">
     <span class='ocr_line' id='line_1_6' title="bbox 649 105 1698 150; baseline 0.001 -1"><span class='ocrx_word' id='word_1_12' title='bbox 649 108 739 150; x_wconf 80' lang='lat' dir='ltr'>AD</span> <span class='ocrx_word' id='word_1_13' title='bbox 773 105 1061 148; x_wconf 81' lang='lat' dir='ltr'><strong>SYNODUM</strong></span> <span class='ocrx_word' id='word_1_14' title='bbox 1096 105 1698 150; x_wconf 70' lang='lat' dir='ltr'>CHALCEDONENSEM.&#39;</span> 
     </span>
    </p>
   </div>
   <div class='ocr_carea' id='block_1_6' title="bbox 260 180 1152 2267">
    <p class='ocr_par' dir='ltr' id='par_1_6' title="bbox 261 180 1140 580">
     <span class='ocr_line' id='line_1_7' title="bbox 263 180 1138 229; baseline -0.008 -7"><span class='ocrx_word' id='word_1_15' title='bbox 263 187 370 222; x_wconf 80' lang='lat' dir='ltr'>Severi</span> <span class='ocrx_word' id='word_1_16' title='bbox 392 187 496 229; x_wconf 80' lang='lat' dir='ltr'>filius,</span> <span class='ocrx_word' id='word_1_17' title='bbox 523 180 758 226; x_wconf 72' lang='lat' dir='ltr'>Antiochenfibus</span> <span class='ocrx_word' id='word_1_18' title='bbox 776 183 830 227; x_wconf 62' lang='lat' dir='ltr'>fito</span> <span class='ocrx_word' id='word_1_19' title='bbox 848 184 931 228; x_wconf 82' lang='lat' dir='ltr'>apud</span> <span class='ocrx_word' id='word_1_20' title='bbox 945 183 1072 218; x_wconf 85' lang='lat' dir='ltr'>Patrem</span> <span class='ocrx_word' id='word_1_21' title='bbox 1092 188 1138 216; x_wconf 82' lang='lat' dir='ltr'>in-</span> 
     </span>
     <span class='ocr_line' id='line_1_8' title="bbox 262 231 1136 279; baseline -0.003 -8"><span class='ocrx_word' id='word_1_22' title='bbox 262 246 399 273; x_wconf 79' lang='lat' dir='ltr'>terventu</span> <span class='ocrx_word' id='word_1_23' title='bbox 415 241 493 278; x_wconf 83' lang='lat' dir='ltr'>jura</span> <span class='ocrx_word' id='word_1_24' title='bbox 509 235 622 276; x_wconf 72' lang='lat' dir='ltr'>vetusta</span> <span class='ocrx_word' id='word_1_25' title='bbox 642 236 784 275; x_wconf 78' lang='lat' dir='ltr'>restituit.</span> <span class='ocrx_word' id='word_1_26' title='bbox 813 235 856 268; x_wconf 90' lang='lat' dir='ltr'>Et</span> <span class='ocrx_word' id='word_1_27' title='bbox 875 234 1008 279; x_wconf 85' lang='lat' dir='ltr'>quidem</span> <span class='ocrx_word' id='word_1_28' title='bbox 1031 231 1136 268; x_wconf 85' lang='lat' dir='ltr'>adhuc</span> 
     </span>
     <span class='ocr_line' id='line_1_9' title="bbox 265 283 1136 334; baseline -0.007 -12"><span class='ocrx_word' id='word_1_29' title='bbox 265 300 344 332; x_wconf 86' lang='lat' dir='ltr'>puer</span> <span class='ocrx_word' id='word_1_30' title='bbox 366 315 372 320; x_wconf 96' lang='lat'>.</span> <span class='ocrx_word' id='word_1_31' title='bbox 403 284 504 334; x_wconf 81' lang='lat' dir='ltr'>Qod</span> <span class='ocrx_word' id='word_1_32' title='bbox 525 286 602 319; x_wconf 89' lang='lat' dir='ltr'>item</span> <span class='ocrx_word' id='word_1_33' title='bbox 629 283 837 318; x_wconf 80' lang='lat' dir='ltr'>Theodosius</span> <span class='ocrx_word' id='word_1_34' title='bbox 858 309 869 324; x_wconf 92' lang='lat'>,</span> <span class='ocrx_word' id='word_1_35' title='bbox 894 286 911 317; x_wconf 74' lang='lat' dir='ltr'>a</span> <span class='ocrx_word' id='word_1_36' title='bbox 934 283 1136 318; x_wconf 86' lang='lat' dir='ltr'>Macedonio</span> 
     </span>
     <span class='ocr_line' id='line_1_10' title="bbox 263 334 1136 379; baseline -0.008 -7"><span class='ocrx_word' id='word_1_37' title='bbox 263 337 429 372; x_wconf 87' lang='lat' dir='ltr'>monacho</span> <span class='ocrx_word' id='word_1_38' title='bbox 451 334 610 374; x_wconf 86' lang='lat' dir='ltr'>inflexus,</span> <span class='ocrx_word' id='word_1_39' title='bbox 637 336 742 379; x_wconf 86' lang='lat' dir='ltr'>legem</span> <span class='ocrx_word' id='word_1_40' title='bbox 767 337 855 369; x_wconf 87' lang='lat' dir='ltr'>suam</span> <span class='ocrx_word' id='word_1_41' title='bbox 875 334 1020 374; x_wconf 89' lang='lat' dir='ltr'>cassarit,</span> <span class='ocrx_word' id='word_1_42' title='bbox 1046 334 1136 367; x_wconf 87' lang='lat' dir='ltr'>adfir-</span> 
     </span>
     <span class='ocr_line' id='line_1_11' title="bbox 263 383 1139 422; baseline -0.007 -1"><span class='ocrx_word' id='word_1_43' title='bbox 263 398 332 422; x_wconf 89' lang='lat' dir='ltr'>mat</span> <span class='ocrx_word' id='word_1_44' title='bbox 355 388 388 421; x_wconf 90' lang='lat' dir='ltr'>in</span> <span class='ocrx_word' id='word_1_45' title='bbox 405 386 582 419; x_wconf 86' lang='lat' dir='ltr'>monastica</span> <span class='ocrx_word' id='word_1_46' title='bbox 607 384 738 419; x_wconf 76' lang='lat' dir='ltr'>hisloria</span> <span class='ocrx_word' id='word_1_47' title='bbox 750 383 1001 418; x_wconf 85' lang='lat' dir='ltr'>Theodoretus.</span> <span class='ocrx_word' id='word_1_48' title='bbox 1029 383 1139 417; x_wconf 87' lang='lat' dir='ltr'>Etiam</span> 
     </span>
     <span class='ocr_line' id='line_1_12' title="bbox 262 432 1140 478; baseline -0.008 -7"><span class='ocrx_word' id='word_1_49' title='bbox 262 436 420 472; x_wconf 86' lang='lat' dir='ltr'>Flaviano</span> <span class='ocrx_word' id='word_1_50' title='bbox 436 434 627 469; x_wconf 81' lang='lat' dir='ltr'>Patriarchae</span> <span class='ocrx_word' id='word_1_51' title='bbox 637 435 845 468; x_wconf 88' lang='lat' dir='ltr'>Zozomenus</span> <span class='ocrx_word' id='word_1_52' title='bbox 853 432 1024 466; x_wconf 83' lang='lat' dir='ltr'><strong>adscribit.</strong></span> <span class='ocrx_word' id='word_1_53' title='bbox 1052 434 1140 478; x_wconf 80' lang='lat' dir='ltr'>Qta-</span> 
     </span>
     <span class='ocr_line' id='line_1_13' title="bbox 262 482 1136 530; baseline -0.007 -9"><span class='ocrx_word' id='word_1_54' title='bbox 262 499 297 521; x_wconf 86' lang='lat' dir='ltr'>re</span> <span class='ocrx_word' id='word_1_55' title='bbox 317 486 335 520; x_wconf 73' lang='lat' dir='ltr'>a</span> <span class='ocrx_word' id='word_1_56' title='bbox 356 484 497 520; x_wconf 83' lang='lat' dir='ltr'>Libanio</span> <span class='ocrx_word' id='word_1_57' title='bbox 518 485 635 530; x_wconf 80' lang='lat' dir='ltr'>gentili</span> <span class='ocrx_word' id='word_1_58' title='bbox 655 482 805 527; x_wconf 87' lang='lat' dir='ltr'>Sophista</span> <span class='ocrx_word' id='word_1_59' title='bbox 827 483 921 516; x_wconf 82' lang='lat' dir='ltr'>fuisse</span> <span class='ocrx_word' id='word_1_60' title='bbox 946 483 1136 526; x_wconf 87' lang='lat' dir='ltr'>mitigatum</span> 
     </span>
     <span class='ocr_line' id='line_1_14' title="bbox 261 534 793 580; baseline -0.009 -10"><span class='ocrx_word' id='word_1_61' title='bbox 261 536 446 580; x_wconf 83' lang='lat' dir='ltr'>Principem</span> <span class='ocrx_word' id='word_1_62' title='bbox 460 536 626 579; x_wconf 90' lang='lat' dir='ltr'>Zozymus</span> <span class='ocrx_word' id='word_1_63' title='bbox 636 534 777 577; x_wconf 84' lang='lat' dir='ltr'>imponit</span> <span class='ocrx_word' id='word_1_64' title='bbox 786 558 793 566; x_wconf 94' lang='lat'><strong>.</strong></span> 
     </span>
    </p>

    <p class='ocr_par' dir='ltr' id='par_1_7' title="bbox 261 582 1138 1075">
     <span class='ocr_line' id='line_1_15' title="bbox 313 582 1138 629; baseline -0.006 -10"><span class='ocrx_word' id='word_1_65' title='bbox 313 586 461 619; x_wconf 87' lang='lat' dir='ltr'>Alterum</span> <span class='ocrx_word' id='word_1_66' title='bbox 476 585 638 629; x_wconf 74' lang='lat' dir='ltr'>Iuvenalis</span> <span class='ocrx_word' id='word_1_67' title='bbox 660 584 909 617; x_wconf 72' lang='lat' dir='ltr'>fundamentum</span> <span class='ocrx_word' id='word_1_68' title='bbox 923 582 984 616; x_wconf 88' lang='lat' dir='ltr'>fuit</span> <span class='ocrx_word' id='word_1_69' title='bbox 1008 582 1138 615; x_wconf 63' lang='lat' dir='ltr'>SanEiuS</span> 
     </span>
     <span class='ocr_line' id='line_1_16' title="bbox 264 631 1135 679; baseline -0.007 -9"><span class='ocrx_word' id='word_1_70' title='bbox 264 636 401 679; x_wconf 88' lang='lat' dir='ltr'>Jacobus</span> <span class='ocrx_word' id='word_1_71' title='bbox 430 635 632 678; x_wconf 81' lang='lat' dir='ltr'>Apostolus,</span> <span class='ocrx_word' id='word_1_72' title='bbox 657 634 756 676; x_wconf 71' lang='lat' dir='ltr'>aquo</span> <span class='ocrx_word' id='word_1_73' title='bbox 780 632 1020 674; x_wconf 78' lang='lat' dir='ltr'>Hierosolymae</span> <span class='ocrx_word' id='word_1_74' title='bbox 1031 631 1135 665; x_wconf 86' lang='lat' dir='ltr'>sedem</span> 
     </span>
     <span class='ocr_line' id='line_1_17' title="bbox 262 682 1136 727; baseline -0.007 -7"><span class='ocrx_word' id='word_1_75' title='bbox 262 687 324 720; x_wconf 85' lang='lat' dir='ltr'>esse</span> <span class='ocrx_word' id='word_1_76' title='bbox 340 685 413 719; x_wconf 74' lang='lat' dir='ltr'>vere</span> <span class='ocrx_word' id='word_1_77' title='bbox 428 683 656 727; x_wconf 82' lang='lat' dir='ltr'>Apostolicam</span> <span class='ocrx_word' id='word_1_78' title='bbox 669 682 881 716; x_wconf 83' lang='lat' dir='ltr'>contenderat</span> <span class='ocrx_word' id='word_1_79' title='bbox 893 682 973 715; x_wconf 87' lang='lat' dir='ltr'>olim</span> <span class='ocrx_word' id='word_1_80' title='bbox 985 682 1136 716; x_wconf 78' lang='lat' dir='ltr'>adversus</span> 
     </span>
     <span class='ocr_line' id='line_1_18' title="bbox 261 731 1134 775; baseline -0.006 -6"><span class='ocrx_word' id='word_1_81' title='bbox 261 737 415 769; x_wconf 70' lang='lat' dir='ltr'>Sanstum</span> <span class='ocrx_word' id='word_1_82' title='bbox 436 733 682 775; x_wconf 86' lang='lat' dir='ltr'>Hieronymum</span> <span class='ocrx_word' id='word_1_83' title='bbox 706 731 804 765; x_wconf 87' lang='lat' dir='ltr'>etiam</span> <span class='ocrx_word' id='word_1_84' title='bbox 829 732 1009 775; x_wconf 86' lang='lat' dir='ltr'>Episcopus</span> <span class='ocrx_word' id='word_1_85' title='bbox 1041 732 1134 774; x_wconf 82' lang='lat' dir='ltr'>Joan·</span> 
     </span>
     <span class='ocr_line' id='line_1_19' title="bbox 264 780 1134 819; baseline -0.007 0"><span class='ocrx_word' id='word_1_86' title='bbox 264 797 341 819; x_wconf 85' lang='lat' dir='ltr'>nes.</span> <span class='ocrx_word' id='word_1_87' title='bbox 370 786 414 819; x_wconf 90' lang='lat' dir='ltr'>Et</span> <span class='ocrx_word' id='word_1_88' title='bbox 435 783 513 817; x_wconf 86' lang='lat' dir='ltr'>hinc</span> <span class='ocrx_word' id='word_1_89' title='bbox 534 780 722 815; x_wconf 86' lang='lat' dir='ltr'>Patriarcha</span> <span class='ocrx_word' id='word_1_90' title='bbox 760 782 929 815; x_wconf 84' lang='lat' dir='ltr'><strong>Maximus</strong></span> <span class='ocrx_word' id='word_1_91' title='bbox 949 780 1035 814; x_wconf 83' lang='lat' dir='ltr'>hisce</span> <span class='ocrx_word' id='word_1_92' title='bbox 1071 782 1134 815; x_wconf 87' lang='lat' dir='ltr'>suis</span> 
     </span>
     <span class='ocr_line' id='line_1_20' title="bbox 264 830 1133 873; baseline -0.005 -5"><span class='ocrx_word' id='word_1_93' title='bbox 264 833 529 868; x_wconf 82' lang='lat' dir='ltr'>interlocutionis</span> <span class='ocrx_word' id='word_1_94' title='bbox 558 831 663 865; x_wconf 84' lang='lat' dir='ltr'>verbis</span> <span class='ocrx_word' id='word_1_95' title='bbox 684 855 694 871; x_wconf 89' lang='lat'>,</span> <span class='ocrx_word' id='word_1_96' title='bbox 734 830 960 873; x_wconf 79' lang='lat' dir='ltr'>Antiochenfium</span> <span class='ocrx_word' id='word_1_97' title='bbox 991 837 1133 864; x_wconf 73' lang='lat' dir='ltr'>maximae</span> 
     </span>
     <span class='ocr_line' id='line_1_21' title="bbox 263 880 1132 924; baseline -0.003 -7"><span class='ocrx_word' id='word_1_98' title='bbox 263 889 419 924; x_wconf 76' lang='lat' dir='ltr'>civitatis,</span> <span class='ocrx_word' id='word_1_99' title='bbox 446 881 609 916; x_wconf 82' lang='lat' dir='ltr'>subtexuit</span> <span class='ocrx_word' id='word_1_100' title='bbox 636 880 713 922; x_wconf 85' lang='lat' dir='ltr'>has,</span> <span class='ocrx_word' id='word_1_101' title='bbox 740 883 830 914; x_wconf 84' lang='lat' dir='ltr'>Beati</span> <span class='ocrx_word' id='word_1_102' title='bbox 843 884 947 914; x_wconf 83' lang='lat' dir='ltr'>Petri.</span> <span class='ocrx_word' id='word_1_103' title='bbox 975 881 1132 914; x_wconf 83' lang='lat' dir='ltr'>Ostende-</span> 
     </span>
     <span class='ocr_line' id='line_1_22' title="bbox 262 929 1134 973; baseline -0.003 -8"><span class='ocrx_word' id='word_1_104' title='bbox 262 944 296 966; x_wconf 81' lang='lat' dir='ltr'>re</span> <span class='ocrx_word' id='word_1_105' title='bbox 309 933 411 966; x_wconf 89' lang='lat' dir='ltr'>voluit</span> <span class='ocrx_word' id='word_1_106' title='bbox 431 932 557 966; x_wconf 85' lang='lat' dir='ltr'>nullam</span> <span class='ocrx_word' id='word_1_107' title='bbox 575 932 691 965; x_wconf 86' lang='lat' dir='ltr'>Sedem</span> <span class='ocrx_word' id='word_1_108' title='bbox 713 933 776 964; x_wconf 86' lang='lat' dir='ltr'>esse</span> <span class='ocrx_word' id='word_1_109' title='bbox 788 929 859 964; x_wconf 68' lang='lat' dir='ltr'>vere</span> <span class='ocrx_word' id='word_1_110' title='bbox 885 930 1110 973; x_wconf 86' lang='lat' dir='ltr'>Apostolicam</span> <span class='ocrx_word' id='word_1_111' title='bbox 1125 955 1134 970; x_wconf 86' lang='lat'>,</span> 
     </span>
     <span class='ocr_line' id='line_1_23' title="bbox 261 980 1132 1026; baseline -0.003 -10"><span class='ocrx_word' id='word_1_112' title='bbox 261 983 321 1016; x_wconf 79' lang='lat' dir='ltr'>nisi</span> <span class='ocrx_word' id='word_1_113' title='bbox 335 983 368 1016; x_wconf 91' lang='lat' dir='ltr'>in</span> <span class='ocrx_word' id='word_1_114' title='bbox 383 993 446 1026; x_wconf 86' lang='lat' dir='ltr'>qua</span> <span class='ocrx_word' id='word_1_115' title='bbox 458 982 523 1025; x_wconf 87' lang='lat' dir='ltr'>ipse</span> <span class='ocrx_word' id='word_1_116' title='bbox 534 983 665 1016; x_wconf 60' lang='lat' dir='ltr'>Sanctus</span> <span class='ocrx_word' id='word_1_117' title='bbox 676 980 791 1015; x_wconf 88' lang='lat' dir='ltr'>Petrus</span> <span class='ocrx_word' id='word_1_118' title='bbox 809 980 988 1024; x_wconf 85' lang='lat' dir='ltr'>Apostolus</span> <span class='ocrx_word' id='word_1_119' title='bbox 1000 982 1047 1014; x_wconf 86' lang='lat' dir='ltr'>uti</span> <span class='ocrx_word' id='word_1_120' title='bbox 1059 981 1132 1014; x_wconf 89' lang='lat' dir='ltr'>Cat-</span> 
     </span>
     <span class='ocr_line' id='line_1_24' title="bbox 265 1032 738 1075; baseline -0.002 -10"><span class='ocrx_word' id='word_1_121' title='bbox 265 1032 383 1065; x_wconf 88' lang='lat' dir='ltr'>dinalis</span> <span class='ocrx_word' id='word_1_122' title='bbox 398 1032 576 1075; x_wconf 80' lang='lat' dir='ltr'>Episcopus</span> <span class='ocrx_word' id='word_1_123' title='bbox 591 1032 712 1065; x_wconf 75' lang='lat' dir='ltr'>sedisset</span> <span class='ocrx_word' id='word_1_124' title='bbox 731 1056 738 1063; x_wconf 85' lang='lat'><strong>.</strong></span> 
     </span>
    </p>

    <p class='ocr_par' dir='ltr' id='par_1_8' title="bbox 260 1079 1152 2267">
     <span class='ocr_line' id='line_1_25' title="bbox 319 1079 1134 1125; baseline -0.002 -9"><span class='ocrx_word' id='word_1_125' title='bbox 319 1083 363 1115; x_wconf 90' lang='lat' dir='ltr'>Et</span> <span class='ocrx_word' id='word_1_126' title='bbox 374 1083 507 1125; x_wconf 86' lang='lat' dir='ltr'>quidem</span> <span class='ocrx_word' id='word_1_127' title='bbox 526 1084 616 1125; x_wconf 67' lang='lat' dir='ltr'>pacta</span> <span class='ocrx_word' id='word_1_128' title='bbox 637 1080 696 1115; x_wconf 88' lang='lat' dir='ltr'>ista</span> <span class='ocrx_word' id='word_1_129' title='bbox 719 1080 892 1123; x_wconf 78' lang='lat' dir='ltr'>probarunt</span> <span class='ocrx_word' id='word_1_130' title='bbox 907 1081 1024 1124; x_wconf 82' lang='lat' dir='ltr'>Legati</span> <span class='ocrx_word' id='word_1_131' title='bbox 1046 1079 1134 1123; x_wconf 90' lang='lat' dir='ltr'>Apo-</span> 
     </span>
     <span class='ocr_line' id='line_1_26' title="bbox 264 1131 1134 1176; baseline -0.002 -11"><span class='ocrx_word' id='word_1_132' title='bbox 264 1132 396 1172; x_wconf 86' lang='lat' dir='ltr'>stolici‚</span> <span class='ocrx_word' id='word_1_133' title='bbox 425 1133 570 1166; x_wconf 82' lang='lat' dir='ltr'>universa</span> <span class='ocrx_word' id='word_1_134' title='bbox 596 1131 770 1174; x_wconf 85' lang='lat' dir='ltr'>synodus,</span> <span class='ocrx_word' id='word_1_135' title='bbox 796 1132 829 1165; x_wconf 75' lang='grc' dir='ltr'>ὅ(</span> <span class='ocrx_word' id='word_1_136' title='bbox 851 1131 980 1176; x_wconf 80' lang='lat' dir='ltr'>gloriosi</span> <span class='ocrx_word' id='word_1_137' title='bbox 1000 1131 1134 1173; x_wconf 71' lang='lat' dir='ltr'>judices,</span> 
     </span>
     <span class='ocr_line' id='line_1_27' title="bbox 263 1180 1134 1225; baseline -0.003 -10"><span class='ocrx_word' id='word_1_138' title='bbox 263 1194 406 1225; x_wconf 90' lang='lat' dir='ltr'>quorum</span> <span class='ocrx_word' id='word_1_139' title='bbox 421 1182 570 1215; x_wconf 66' lang='lat' dir='ltr'>Ediflum</span> <span class='ocrx_word' id='word_1_140' title='bbox 591 1180 682 1225; x_wconf 71' lang='lat' dir='ltr'>supra</span> <span class='ocrx_word' id='word_1_141' title='bbox 693 1182 835 1215; x_wconf 77' lang='lat' dir='ltr'>adduxi.</span> <span class='ocrx_word' id='word_1_142' title='bbox 865 1181 990 1214; x_wconf 80' lang='lat' dir='ltr'>Verum</span> <span class='ocrx_word' id='word_1_143' title='bbox 1002 1181 1113 1214; x_wconf 86' lang='lat' dir='ltr'>omnia</span> <span class='ocrx_word' id='word_1_144' title='bbox 1125 1205 1134 1220; x_wconf 88' lang='lat'>‚</span> 
     </span>
     <span class='ocr_line' id='line_1_28' title="bbox 260 1231 1134 1275; baseline -0.003 -10"><span class='ocrx_word' id='word_1_145' title='bbox 260 1233 378 1275; x_wconf 73' lang='lat' dir='ltr'>utpote</span> <span class='ocrx_word' id='word_1_146' title='bbox 409 1231 556 1264; x_wconf 85' lang='lat' dir='ltr'>Nicaenis</span> <span class='ocrx_word' id='word_1_147' title='bbox 579 1231 773 1265; x_wconf 87' lang='lat' dir='ltr'>Canonibus</span> <span class='ocrx_word' id='word_1_148' title='bbox 805 1231 934 1264; x_wconf 88' lang='lat' dir='ltr'>adversa</span> <span class='ocrx_word' id='word_1_149' title='bbox 954 1256 966 1270; x_wconf 83' lang='lat'>,</span> <span class='ocrx_word' id='word_1_150' title='bbox 1002 1231 1134 1264; x_wconf 59' lang='lat' dir='ltr'>Sanctus</span> 
     </span>
     <span class='ocr_line' id='line_1_29' title="bbox 260 1279 1133 1322; baseline -0.002 -8"><span class='ocrx_word' id='word_1_151' title='bbox 260 1281 334 1315; x_wconf 84' lang='lat' dir='ltr'>Leo</span> <span class='ocrx_word' id='word_1_152' title='bbox 353 1279 484 1314; x_wconf 78' lang='lat' dir='ltr'>cassavit</span> <span class='ocrx_word' id='word_1_153' title='bbox 497 1305 504 1311; x_wconf 92' lang='lat'><strong>.</strong></span> <span class='ocrx_word' id='word_1_154' title='bbox 533 1281 689 1314; x_wconf 86' lang='lat' dir='ltr'>Attamen</span> <span class='ocrx_word' id='word_1_155' title='bbox 704 1281 751 1314; x_wconf 86' lang='lat' dir='ltr'>uti</span> <span class='ocrx_word' id='word_1_156' title='bbox 779 1281 931 1322; x_wconf 87' lang='lat' dir='ltr'>Episcopi</span> <span class='ocrx_word' id='word_1_157' title='bbox 947 1280 1133 1314; x_wconf 84' lang='lat' dir='ltr'>Constanti-</span> 
     </span>
     <span class='ocr_line' id='line_1_30' title="bbox 260 1329 1134 1373; baseline -0.002 -9"><span class='ocrx_word' id='word_1_158' title='bbox 260 1330 443 1373; x_wconf 86' lang='lat' dir='ltr'>nopolitani</span> <span class='ocrx_word' id='word_1_159' title='bbox 467 1339 529 1363; x_wconf 84' lang='lat' dir='ltr'>tres</span> <span class='ocrx_word' id='word_1_160' title='bbox 551 1329 780 1372; x_wconf 86' lang='lat' dir='ltr'>autocephalas</span> <span class='ocrx_word' id='word_1_161' title='bbox 801 1330 977 1369; x_wconf 69' lang='lat' dir='ltr'>dioeceses,</span> <span class='ocrx_word' id='word_1_162' title='bbox 1003 1330 1048 1362; x_wconf 85' lang='lat' dir='ltr'>ita</span> <span class='ocrx_word' id='word_1_163' title='bbox 1073 1340 1134 1362; x_wconf 86' lang='lat' dir='ltr'>tres</span> 
     </span>
     <span class='ocr_line' id='line_1_31' title="bbox 261 1379 1135 1424; baseline -0.003 -10"><span class='ocrx_word' id='word_1_164' title='bbox 261 1380 444 1414; x_wconf 84' lang='lat' dir='ltr'>Palaestinas</span> <span class='ocrx_word' id='word_1_165' title='bbox 473 1379 530 1413; x_wconf 89' lang='lat' dir='ltr'>sub</span> <span class='ocrx_word' id='word_1_166' title='bbox 552 1381 609 1414; x_wconf 88' lang='lat' dir='ltr'>suo</span> <span class='ocrx_word' id='word_1_167' title='bbox 638 1379 717 1424; x_wconf 86' lang='lat' dir='ltr'>jugo</span> <span class='ocrx_word' id='word_1_168' title='bbox 749 1379 894 1413; x_wconf 85' lang='lat' dir='ltr'>detinere</span> <span class='ocrx_word' id='word_1_169' title='bbox 928 1389 1135 1422; x_wconf 81' lang='lat' dir='ltr'>perrexerunt</span> 
     </span>
     <span class='ocr_line' id='line_1_32' title="bbox 261 1428 1134 1474; baseline -0.003 -10"><span class='ocrx_word' id='word_1_170' title='bbox 261 1430 577 1474; x_wconf 88' lang='lat' dir='ltr'>Hierosolymitani,</span> <span class='ocrx_word' id='word_1_171' title='bbox 603 1440 639 1462; x_wconf 84' lang='lat' dir='ltr'>ea</span> <span class='ocrx_word' id='word_1_172' title='bbox 659 1431 711 1462; x_wconf 87' lang='lat' dir='ltr'>via</span> <span class='ocrx_word' id='word_1_173' title='bbox 722 1428 763 1462; x_wconf 88' lang='lat' dir='ltr'>de</span> <span class='ocrx_word' id='word_1_174' title='bbox 792 1441 853 1473; x_wconf 86' lang='lat' dir='ltr'>qua</span> <span class='ocrx_word' id='word_1_175' title='bbox 867 1428 1037 1462; x_wconf 73' lang='lat' dir='ltr'>Liberatus</span> <span class='ocrx_word' id='word_1_176' title='bbox 1062 1429 1134 1461; x_wconf 63' lang='lat' dir='ltr'>Car⁴</span> 
     </span>
     <span class='ocr_line' id='line_1_33' title="bbox 260 1477 1136 1524; baseline -0.005 -10"><span class='ocrx_word' id='word_1_177' title='bbox 260 1478 478 1524; x_wconf 82' lang='lat' dir='ltr'>thaginenlis:</span> <span class='ocrx_word' id='word_1_178' title='bbox 508 1484 589 1512; x_wconf 79' lang='lat' dir='ltr'>Licet</span> <span class='ocrx_word' id='word_1_179' title='bbox 598 1481 686 1513; x_wconf 75' lang='lat' dir='ltr'>Sedes</span> <span class='ocrx_word' id='word_1_180' title='bbox 707 1479 863 1521; x_wconf 70' lang='lat' dir='ltr'>Apostolica</span> <span class='ocrx_word' id='word_1_181' title='bbox 876 1491 952 1511; x_wconf 86' lang='lat' dir='ltr'>nunc</span> <span class='ocrx_word' id='word_1_182' title='bbox 963 1477 1052 1522; x_wconf 86' lang='lat' dir='ltr'>usque</span> <span class='ocrx_word' id='word_1_183' title='bbox 1073 1490 1136 1511; x_wconf 78' lang='lat' dir='ltr'>con-</span> 
     </span>
     <span class='ocr_line' id='line_1_34' title="bbox 264 1529 1135 1571; baseline -0.002 -9"><span class='ocrx_word' id='word_1_184' title='bbox 264 1531 415 1570; x_wconf 78' lang='lat' dir='ltr'>tradicat,</span> <span class='ocrx_word' id='word_1_185' title='bbox 444 1531 672 1571; x_wconf 70' lang='lat' dir='ltr'>quodasynoa&#39;o</span> <span class='ocrx_word' id='word_1_186' title='bbox 688 1529 845 1571; x_wconf 79' lang='lat' dir='ltr'>firmatum</span> <span class='ocrx_word' id='word_1_187' title='bbox 856 1529 895 1569; x_wconf 87' lang='lat' dir='ltr'>est</span> <span class='ocrx_word' id='word_1_188' title='bbox 908 1553 917 1568; x_wconf 91' lang='lat'>‚</span> <span class='ocrx_word' id='word_1_189' title='bbox 945 1533 1135 1570; x_wconf 85' lang='lat' dir='ltr'>Imperatoris</span> 
     </span>
     <span class='ocr_line' id='line_1_35' title="bbox 262 1579 1137 1624; baseline -0.001 -12"><span class='ocrx_word' id='word_1_190' title='bbox 262 1582 427 1621; x_wconf 61' lang='lat' dir='ltr'>patrocinio</span> <span class='ocrx_word' id='word_1_191' title='bbox 432 1588 591 1621; x_wconf 81' lang='lat' dir='ltr'>permanet</span> <span class='ocrx_word' id='word_1_192' title='bbox 611 1580 842 1622; x_wconf 71' lang='lat' dir='ltr'>quodammodb.</span> <span class='ocrx_word' id='word_1_193' title='bbox 870 1579 964 1624; x_wconf 87' lang='lat' dir='ltr'>Qin</span> <span class='ocrx_word' id='word_1_194' title='bbox 985 1580 1137 1621; x_wconf 82' lang='lat' dir='ltr'>temporis</span> 
     </span>
     <span class='ocr_line' id='line_1_36' title="bbox 267 1628 1136 1672; baseline -0.002 -9"><span class='ocrx_word' id='word_1_195' title='bbox 267 1631 406 1663; x_wconf 78' lang='lat' dir='ltr'>successu</span> <span class='ocrx_word' id='word_1_196' title='bbox 427 1630 527 1663; x_wconf 84' lang='lat' dir='ltr'>etiam</span> <span class='ocrx_word' id='word_1_197' title='bbox 561 1630 698 1672; x_wconf 77' lang='lat' dir='ltr'>primam</span> <span class='ocrx_word' id='word_1_198' title='bbox 721 1628 926 1662; x_wconf 87' lang='lat' dir='ltr'>Phoeniciam</span> <span class='ocrx_word' id='word_1_199' title='bbox 954 1630 987 1662; x_wconf 74' lang='grc' dir='ltr'>ὅ(</span> <span class='ocrx_word' id='word_1_200' title='bbox 1010 1629 1136 1662; x_wconf 85' lang='lat' dir='ltr'>tertiam</span> 
     </span>
     <span class='ocr_line' id='line_1_37' title="bbox 267 1677 1137 1721; baseline -0.001 -9"><span class='ocrx_word' id='word_1_201' title='bbox 267 1679 425 1714; x_wconf 76' lang='lat' dir='ltr'>Arabiam</span> <span class='ocrx_word' id='word_1_202' title='bbox 447 1681 592 1713; x_wconf 84' lang='lat' dir='ltr'>reinvalit</span> <span class='ocrx_word' id='word_1_203' title='bbox 615 1679 937 1721; x_wconf 80' lang='lat' dir='ltr'>Hierosolymitanus</span> <span class='ocrx_word' id='word_1_204' title='bbox 957 1704 967 1718; x_wconf 89' lang='lat'>‚</span> <span class='ocrx_word' id='word_1_205' title='bbox 1004 1679 1053 1711; x_wconf 92' lang='lat' dir='ltr'>uti</span> <span class='ocrx_word' id='word_1_206' title='bbox 1075 1677 1137 1719; x_wconf 81' lang='lat' dir='ltr'>jam</span> 
     </span>
     <span class='ocr_line' id='line_1_38' title="bbox 264 1728 1139 1772; baseline -0.001 -10"><span class='ocrx_word' id='word_1_207' title='bbox 264 1728 335 1762; x_wconf 84' lang='lat' dir='ltr'>dixi</span> <span class='ocrx_word' id='word_1_208' title='bbox 370 1742 406 1763; x_wconf 83' lang='lat' dir='ltr'>ex</span> <span class='ocrx_word' id='word_1_209' title='bbox 435 1729 608 1772; x_wconf 83' lang='lat' dir='ltr'>Jacobode</span> <span class='ocrx_word' id='word_1_210' title='bbox 631 1729 799 1762; x_wconf 76' lang='lat' dir='ltr'>Viti-iaco.</span> <span class='ocrx_word' id='word_1_211' title='bbox 829 1728 1023 1762; x_wconf 84' lang='lat' dir='ltr'>Reinvasam</span> <span class='ocrx_word' id='word_1_212' title='bbox 1049 1730 1139 1764; x_wconf 82' lang='lat' dir='ltr'>fuisse</span> 
     </span>
     <span class='ocr_line' id='line_1_39' title="bbox 263 1777 1138 1820; baseline 0 -9"><span class='ocrx_word' id='word_1_213' title='bbox 263 1778 298 1811; x_wconf 71' lang='grc' dir='ltr'>ὃς</span> <span class='ocrx_word' id='word_1_214' title='bbox 321 1778 491 1812; x_wconf 88' lang='lat' dir='ltr'>secundam</span> <span class='ocrx_word' id='word_1_215' title='bbox 514 1803 524 1818; x_wconf 91' lang='lat'><strong>,</strong></span> <span class='ocrx_word' id='word_1_216' title='bbox 551 1789 687 1820; x_wconf 85' lang='lat' dir='ltr'>eamque</span> <span class='ocrx_word' id='word_1_217' title='bbox 708 1779 741 1811; x_wconf 92' lang='lat' dir='ltr'>in</span> <span class='ocrx_word' id='word_1_218' title='bbox 765 1777 845 1811; x_wconf 84' lang='lat' dir='ltr'>duas</span> <span class='ocrx_word' id='word_1_219' title='bbox 861 1777 1050 1811; x_wconf 86' lang='lat' dir='ltr'>Provincias</span> <span class='ocrx_word' id='word_1_220' title='bbox 1061 1777 1138 1811; x_wconf 91' lang='lat' dir='ltr'>divi-</span> 
     </span>
     <span class='ocr_line' id='line_1_40' title="bbox 263 1827 1137 1870; baseline -0.002 -8"><span class='ocrx_word' id='word_1_221' title='bbox 263 1830 331 1862; x_wconf 89' lang='lat' dir='ltr'>sam</span> <span class='ocrx_word' id='word_1_222' title='bbox 348 1853 358 1868; x_wconf 90' lang='lat'><em>,</em></span> <span class='ocrx_word' id='word_1_223' title='bbox 387 1827 545 1860; x_wconf 79' lang='lat' dir='ltr'>Arabiam</span> <span class='ocrx_word' id='word_1_224' title='bbox 566 1828 701 1861; x_wconf 81' lang='lat' dir='ltr'>testatur</span> <span class='ocrx_word' id='word_1_225' title='bbox 725 1827 923 1860; x_wconf 89' lang='lat' dir='ltr'>Guilielmus</span> <span class='ocrx_word' id='word_1_226' title='bbox 940 1827 1137 1870; x_wconf 86' lang='lat' dir='ltr'>Archi-Epi-</span> 
     </span>
     <span class='ocr_line' id='line_1_41' title="bbox 262 1875 1140 1920; baseline -0.002 -8"><span class='ocrx_word' id='word_1_227' title='bbox 262 1879 377 1920; x_wconf 86' lang='lat' dir='ltr'>scopus</span> <span class='ocrx_word' id='word_1_228' title='bbox 399 1878 583 1920; x_wconf 86' lang='lat' dir='ltr'>Tyriorum</span> <span class='ocrx_word' id='word_1_229' title='bbox 597 1903 604 1909; x_wconf 90' lang='lat'><strong>.</strong></span> <span class='ocrx_word' id='word_1_230' title='bbox 632 1878 675 1910; x_wconf 88' lang='lat' dir='ltr'>Et</span> <span class='ocrx_word' id='word_1_231' title='bbox 687 1875 819 1919; x_wconf 89' lang='lat' dir='ltr'>quidem</span> <span class='ocrx_word' id='word_1_232' title='bbox 845 1876 914 1919; x_wconf 83' lang='lat' dir='ltr'>ejus</span> <span class='ocrx_word' id='word_1_233' title='bbox 927 1876 1140 1911; x_wconf 73' lang='lat' dir='ltr'>Praedecessor</span> 
     </span>
     <span class='ocr_line' id='line_1_42' title="bbox 263 1926 1139 1969; baseline -0.002 -7"><span class='ocrx_word' id='word_1_234' title='bbox 263 1928 461 1962; x_wconf 88' lang='lat' dir='ltr'>Guilielmus</span> <span class='ocrx_word' id='word_1_235' title='bbox 475 1952 485 1967; x_wconf 91' lang='lat'>‚</span> <span class='ocrx_word' id='word_1_236' title='bbox 512 1927 632 1969; x_wconf 83' lang='lat' dir='ltr'>primus</span> <span class='ocrx_word' id='word_1_237' title='bbox 645 1926 767 1960; x_wconf 88' lang='lat' dir='ltr'>ibidem</span> <span class='ocrx_word' id='word_1_238' title='bbox 779 1926 915 1959; x_wconf 89' lang='lat' dir='ltr'>Latinus</span> <span class='ocrx_word' id='word_1_239' title='bbox 943 1927 1139 1969; x_wconf 85' lang='lat' dir='ltr'>Episcopus,</span> 
     </span>
     <span class='ocr_line' id='line_1_43' title="bbox 267 1974 1152 2024; baseline 0 -14"><span class='ocrx_word' id='word_1_240' title='bbox 267 1978 375 2011; x_wconf 84' lang='lat' dir='ltr'>statim</span> <span class='ocrx_word' id='word_1_241' title='bbox 399 1978 439 2010; x_wconf 88' lang='lat' dir='ltr'>ad</span> <span class='ocrx_word' id='word_1_242' title='bbox 475 1976 724 2010; x_wconf 87' lang='lat' dir='ltr'>Antiochenum</span> <span class='ocrx_word' id='word_1_243' title='bbox 748 1976 1007 2010; x_wconf 81' lang='lat' dir='ltr'>patriarchatum</span> <span class='ocrx_word' id='word_1_244' title='bbox 1037 1974 1152 2024; x_wconf 62' lang='lat' dir='ltr'>redire}</span> 
     </span>
     <span class='ocr_line' id='line_1_44' title="bbox 263 2024 1151 2099; baseline 0 -39"><span class='ocrx_word' id='word_1_245' title='bbox 263 2038 399 2060; x_wconf 80' lang='lat' dir='ltr'>conatus</span> <span class='ocrx_word' id='word_1_246' title='bbox 412 2028 456 2059; x_wconf 82' lang='lat' dir='ltr'>est</span> <span class='ocrx_word' id='word_1_247' title='bbox 470 2050 480 2065; x_wconf 93' lang='lat'>‚</span> <span class='ocrx_word' id='word_1_248' title='bbox 508 2026 540 2059; x_wconf 71' lang='lat' dir='ltr'>&amp;c</span> <span class='ocrx_word' id='word_1_249' title='bbox 554 2027 594 2059; x_wconf 89' lang='lat' dir='ltr'>de</span> <span class='ocrx_word' id='word_1_250' title='bbox 608 2024 702 2068; x_wconf 81' lang='lat' dir='ltr'>hujus</span> <span class='ocrx_word' id='word_1_251' title='bbox 716 2027 867 2069; x_wconf 84' lang='lat' dir='ltr'>proximo</span> <span class='ocrx_word' id='word_1_252' title='bbox 879 2027 1053 2060; x_wconf 74' lang='lat' dir='ltr'>successore</span> <span class='ocrx_word' id='word_1_253' title='bbox 1065 2025 1151 2099; x_wconf 58' lang='lat' dir='ltr'>Ful-l</span> 
     </span>
     <span class='ocr_line' id='line_1_45' title="bbox 261 2075 1151 2130; baseline 0 -20"><span class='ocrx_word' id='word_1_254' title='bbox 261 2076 397 2116; x_wconf 82' lang='lat' dir='ltr'>cherio,</span> <span class='ocrx_word' id='word_1_255' title='bbox 425 2087 480 2118; x_wconf 85' lang='lat' dir='ltr'>per</span> <span class='ocrx_word' id='word_1_256' title='bbox 500 2075 716 2108; x_wconf 88' lang='lat' dir='ltr'>Guilielmum</span> <span class='ocrx_word' id='word_1_257' title='bbox 738 2076 977 2118; x_wconf 85' lang='lat' dir='ltr'>Hierosolymae</span> <span class='ocrx_word' id='word_1_258' title='bbox 1004 2076 1151 2130; x_wconf 68' lang='lat' dir='ltr'>Patriar-¹</span> 
     </span>
     <span class='ocr_line' id='line_1_46' title="bbox 261 2123 1150 2169; baseline -0.001 -9"><span class='ocrx_word' id='word_1_259' title='bbox 261 2126 358 2160; x_wconf 86' lang='lat' dir='ltr'>cham</span> <span class='ocrx_word' id='word_1_260' title='bbox 369 2128 560 2160; x_wconf 89' lang='lat' dir='ltr'>consecrato</span> <span class='ocrx_word' id='word_1_261' title='bbox 571 2150 581 2165; x_wconf 89' lang='lat'>,</span> <span class='ocrx_word' id='word_1_262' title='bbox 609 2127 642 2160; x_wconf 86' lang='lat'>&amp;</span> <span class='ocrx_word' id='word_1_263' title='bbox 653 2123 953 2168; x_wconf 80' lang='lat' dir='ltr'>Archi-Episcopali</span> <span class='ocrx_word' id='word_1_264' title='bbox 964 2125 1070 2159; x_wconf 89' lang='lat' dir='ltr'>Pallio</span> <span class='ocrx_word' id='word_1_265' title='bbox 1083 2135 1150 2169; x_wconf 75' lang='lat' dir='ltr'>per*</span> 
     </span>
     <span class='ocr_line' id='line_1_47' title="bbox 261 2145 1151 2220; baseline -0.001 -11"><span class='ocrx_word' id='word_1_266' title='bbox 261 2176 496 2210; x_wconf 87' lang='lat' dir='ltr'>Innocentium</span> <span class='ocrx_word' id='word_1_267' title='bbox 518 2176 694 2210; x_wconf 88' lang='lat' dir='ltr'>secundum</span> <span class='ocrx_word' id='word_1_268' title='bbox 728 2175 926 2209; x_wconf 88' lang='lat' dir='ltr'>Pontificem</span> <span class='ocrx_word' id='word_1_269' title='bbox 958 2145 1151 2220; x_wconf 58' lang='lat' dir='ltr'>insignum]</span> 
     </span>
     <span class='ocr_line' id='line_1_48' title="bbox 262 2218 1150 2267; baseline -0.003 -7"><span class='ocrx_word' id='word_1_270' title='bbox 262 2226 372 2260; x_wconf 85' lang='lat' dir='ltr'>scribit</span> <span class='ocrx_word' id='word_1_271' title='bbox 385 2225 531 2260; x_wconf 84' lang='lat' dir='ltr'>laudatus</span> <span class='ocrx_word' id='word_1_272' title='bbox 552 2226 752 2259; x_wconf 87' lang='lat' dir='ltr'>Guilielmus</span> <span class='ocrx_word' id='word_1_273' title='bbox 763 2239 773 2258; x_wconf 78' lang='grc'>.-</span> <span class='ocrx_word' id='word_1_274' title='bbox 799 2223 947 2267; x_wconf 78' lang='lat' dir='ltr'>Reversus</span> <span class='ocrx_word' id='word_1_275' title='bbox 959 2225 997 2257; x_wconf 84' lang='lat' dir='ltr'>ab</span> <span class='ocrx_word' id='word_1_276' title='bbox 1010 2218 1150 2267; x_wconf 75' lang='lat' dir='ltr'>Ecclefia‘</span> 
     </span>
    </p>
   </div>
   <div class='ocr_carea' id='block_1_7' title="bbox 1911 108 2000 153">
    <p class='ocr_par' dir='ltr' id='par_1_9' title="bbox 1911 108 2000 153">
     <span class='ocr_line' id='line_1_49' title="bbox 1911 108 2000 153; baseline 0 -1"><span class='ocrx_word' id='word_1_277' title='bbox 1911 108 2000 153; x_wconf 84' lang='lat'>281</span> 
     </span>
    </p>
   </div>
   <div class='ocr_carea' id='block_1_8' title="bbox 1353 252 1910 338">
    <p class='ocr_par' dir='ltr' id='par_1_10' title="bbox 1353 252 1910 338">
     <span class='ocr_line' id='line_1_50' title="bbox 1353 252 1910 338; baseline 0.004 -4"><span class='ocrx_word' id='word_1_278' title='bbox 1353 291 1397 334; x_wconf 89' lang='lat' dir='ltr'><strong>A</strong></span> <span class='ocrx_word' id='word_1_279' title='bbox 1431 289 1472 334; x_wconf 83' lang='lat' dir='ltr'>c</span> <span class='ocrx_word' id='word_1_280' title='bbox 1507 252 1604 333; x_wconf 77' lang='lat' dir='ltr'>Ti</span> <span class='ocrx_word' id='word_1_281' title='bbox 1638 292 1683 335; x_wconf 93' lang='lat' dir='ltr'>o</span> <span class='ocrx_word' id='word_1_282' title='bbox 1752 292 1910 338; x_wconf 78' lang='lat' dir='ltr'>vui.</span> 
     </span>
    </p>
   </div>
   <div class='ocr_carea' id='block_1_9' title="bbox 1291 430 2074 520">
    <p class='ocr_par' dir='ltr' id='par_1_11' title="bbox 1291 430 2074 520">
     <span class='ocr_line' id='line_1_51' title="bbox 1291 430 2074 478; baseline 0.004 -13"><span class='ocrx_word' id='word_1_283' title='bbox 1291 432 1325 465; x_wconf 95' lang='lat' dir='ltr'>D</span> <span class='ocrx_word' id='word_1_284' title='bbox 1346 433 1494 465; x_wconf 60' lang='lat' dir='ltr'>octavam</span> <span class='ocrx_word' id='word_1_285' title='bbox 1516 430 1711 469; x_wconf 64' lang='lat' dir='ltr'>Afflwem,</span> <span class='ocrx_word' id='word_1_286' title='bbox 1737 433 1852 468; x_wconf 73' lang='lat' dir='ltr'>fastam</span> <span class='ocrx_word' id='word_1_287' title='bbox 1874 433 1956 468; x_wconf 88' lang='lat' dir='ltr'>item</span> <span class='ocrx_word' id='word_1_288' title='bbox 1979 433 2074 478; x_wconf 80' lang='lat' dir='ltr'>septi·</span> 
     </span>
     <span class='ocr_line' id='line_1_52' title="bbox 1316 480 2071 520; baseline 0.003 -6"><span class='ocrx_word' id='word_1_289' title='bbox 1316 483 1374 514; x_wconf 82' lang='lat' dir='ltr'>mo</span> <span class='ocrx_word' id='word_1_290' title='bbox 1396 480 1559 515; x_wconf 84' lang='lat' dir='ltr'>Kalendas</span> <span class='ocrx_word' id='word_1_291' title='bbox 1575 481 1777 514; x_wconf 88' lang='lat' dir='ltr'>Novembres</span> <span class='ocrx_word' id='word_1_292' title='bbox 1791 506 1801 520; x_wconf 93' lang='lat'>,</span> <span class='ocrx_word' id='word_1_293' title='bbox 1827 484 2006 518; x_wconf 79' lang='lat' dir='ltr'>clamarunt</span> <span class='ocrx_word' id='word_1_294' title='bbox 2021 495 2071 516; x_wconf 90' lang='lat' dir='ltr'>va-</span> 
     </span>
    </p>
   </div>
   <div class='ocr_carea' id='block_1_10' title="bbox 1200 530 2107 576">
    <p class='ocr_par' dir='ltr' id='par_1_12' title="bbox 1200 530 2107 576">
     <span class='ocr_line' id='line_1_53' title="bbox 1200 530 2107 576; baseline 0.003 -13"><span class='ocrx_word' id='word_1_295' title='bbox 1200 530 1237 563; x_wconf 86' lang='lat' dir='ltr'>rii</span> <span class='ocrx_word' id='word_1_296' title='bbox 1262 531 1437 575; x_wconf 79' lang='lat' dir='ltr'>Episcopi:</span> <span class='ocrx_word' id='word_1_297' title='bbox 1463 531 1658 564; x_wconf 81' lang='lat' dir='ltr'>Theodoretus</span> <span class='ocrx_word' id='word_1_298' title='bbox 1686 531 1767 573; x_wconf 90' lang='lat' dir='ltr'>Cyri</span> <span class='ocrx_word' id='word_1_299' title='bbox 1783 532 1957 576; x_wconf 84' lang='lat' dir='ltr'>Episcopus</span> <span class='ocrx_word' id='word_1_300' title='bbox 1983 532 2068 566; x_wconf 74' lang='lat' dir='ltr'>mod3</span> <span class='ocrx_word' id='word_1_301' title='bbox 2105 550 2107 553; x_wconf 53' lang='lat'><em>⁴</em></span> 
     </span>
    </p>
   </div>
   <div class='ocr_carea' id='block_1_11' title="bbox 1190 580 2078 1620">
    <p class='ocr_par' dir='ltr' id='par_1_13' title="bbox 1190 580 2078 1620">
     <span class='ocr_line' id='line_1_54' title="bbox 1197 580 2068 625; baseline 0.008 -15"><span class='ocrx_word' id='word_1_302' title='bbox 1197 580 1434 614; x_wconf 73' lang='lat' dir='ltr'>anathematizet</span> <span class='ocrx_word' id='word_1_303' title='bbox 1454 580 1648 620; x_wconf 68' lang='lat' dir='ltr'>Nestorium.</span> <span class='ocrx_word' id='word_1_304' title='bbox 1677 581 1792 625; x_wconf 86' lang='lat' dir='ltr'>Neque</span> <span class='ocrx_word' id='word_1_305' title='bbox 1811 583 1898 614; x_wconf 90' lang='lat' dir='ltr'>enim</span> <span class='ocrx_word' id='word_1_306' title='bbox 1923 583 1963 617; x_wconf 89' lang='lat' dir='ltr'>de</span> <span class='ocrx_word' id='word_1_307' title='bbox 1989 584 2068 618; x_wconf 92' lang='lat' dir='ltr'>solis</span> 
     </span>
     <span class='ocr_line' id='line_1_55' title="bbox 1198 629 2068 674; baseline 0.005 -12"><span class='ocrx_word' id='word_1_308' title='bbox 1198 631 1402 674; x_wconf 87' lang='lat' dir='ltr'>impugnatis</span> <span class='ocrx_word' id='word_1_309' title='bbox 1421 632 1528 664; x_wconf 63' lang='lat' dir='ltr'>saneti</span> <span class='ocrx_word' id='word_1_310' title='bbox 1552 631 1670 673; x_wconf 89' lang='lat' dir='ltr'>Cyrilli</span> <span class='ocrx_word' id='word_1_311' title='bbox 1694 629 1874 674; x_wconf 84' lang='lat' dir='ltr'>Capitulis,</span> <span class='ocrx_word' id='word_1_312' title='bbox 1902 632 1953 665; x_wconf 89' lang='lat' dir='ltr'>sed</span> <span class='ocrx_word' id='word_1_313' title='bbox 1973 634 2006 666; x_wconf 76' lang='grc' dir='ltr'>δε</span> <span class='ocrx_word' id='word_1_314' title='bbox 2027 631 2068 666; x_wconf 87' lang='lat' dir='ltr'>de</span> 
     </span>
     <span class='ocr_line' id='line_1_56' title="bbox 1196 678 2067 724; baseline 0.002 -12"><span class='ocrx_word' id='word_1_315' title='bbox 1196 678 1308 712; x_wconf 68' lang='lat' dir='ltr'>dilecta</span> <span class='ocrx_word' id='word_1_316' title='bbox 1319 691 1416 724; x_wconf 86' lang='lat' dir='ltr'>atque</span> <span class='ocrx_word' id='word_1_317' title='bbox 1437 681 1567 714; x_wconf 87' lang='lat' dir='ltr'>defensa</span> <span class='ocrx_word' id='word_1_318' title='bbox 1581 681 1724 714; x_wconf 88' lang='lat' dir='ltr'>Nestorii</span> <span class='ocrx_word' id='word_1_319' title='bbox 1746 682 1881 723; x_wconf 84' lang='lat' dir='ltr'>persona</span> <span class='ocrx_word' id='word_1_320' title='bbox 1893 691 1960 714; x_wconf 90' lang='lat' dir='ltr'>erat</span> <span class='ocrx_word' id='word_1_321' title='bbox 1982 683 2067 724; x_wconf 85' lang='lat' dir='ltr'>apud</span> 
     </span>
     <span class='ocr_line' id='line_1_57' title="bbox 1198 729 2069 772; baseline 0.002 -10"><span class='ocrx_word' id='word_1_322' title='bbox 1198 730 1318 763; x_wconf 87' lang='lat' dir='ltr'>multos</span> <span class='ocrx_word' id='word_1_323' title='bbox 1338 731 1512 772; x_wconf 66' lang='lat' dir='ltr'>suspeetus.</span> <span class='ocrx_word' id='word_1_324' title='bbox 1539 730 1679 764; x_wconf 84' lang='lat' dir='ltr'>Hincin</span> <span class='ocrx_word' id='word_1_325' title='bbox 1692 729 1836 764; x_wconf 87' lang='lat' dir='ltr'>medium</span> <span class='ocrx_word' id='word_1_326' title='bbox 1859 731 2012 764; x_wconf 86' lang='lat' dir='ltr'>transiens</span> <span class='ocrx_word' id='word_1_327' title='bbox 2024 742 2069 764; x_wconf 90' lang='lat' dir='ltr'>re-</span> 
     </span>
     <span class='ocr_line' id='line_1_58' title="bbox 1197 779 2070 822; baseline -0.002 -10"><span class='ocrx_word' id='word_1_328' title='bbox 1197 780 1321 822; x_wconf 83' lang='lat' dir='ltr'>posuit:</span> <span class='ocrx_word' id='word_1_329' title='bbox 1350 784 1395 812; x_wconf 81' lang='lat' dir='ltr'>Et</span> <span class='ocrx_word' id='word_1_330' title='bbox 1402 787 1501 820; x_wconf 74' lang='lat' dir='ltr'>preces</span> <span class='ocrx_word' id='word_1_331' title='bbox 1512 779 1613 812; x_wconf 71' lang='lat' dir='ltr'>obtulit</span> <span class='ocrx_word' id='word_1_332' title='bbox 1640 781 1821 820; x_wconf 80' lang='lat' dir='ltr'>Divinzfflmo</span> <span class='ocrx_word' id='word_1_333' title='bbox 1832 792 1866 813; x_wconf 90' lang='lat' dir='ltr'>ac</span> <span class='ocrx_word' id='word_1_334' title='bbox 1883 781 1999 821; x_wconf 81' lang='lat' dir='ltr'>piiffimo</span> <span class='ocrx_word' id='word_1_335' title='bbox 2012 783 2070 811; x_wconf 76' lang='lat' dir='ltr'>Im-</span> 
     </span>
     <span class='ocr_line' id='line_1_59' title="bbox 1191 829 2071 873; baseline 0 -11"><span class='ocrx_word' id='word_1_336' title='bbox 1191 836 1344 870; x_wconf 77' lang='lat' dir='ltr'>peratori,</span> <span class='ocrx_word' id='word_1_337' title='bbox 1373 830 1527 863; x_wconf 81' lang='lat' dir='ltr'>&amp;libellos</span> <span class='ocrx_word' id='word_1_338' title='bbox 1549 830 1786 868; x_wconf 83' lang='lat' dir='ltr'>reverendifflmis</span> <span class='ocrx_word' id='word_1_339' title='bbox 1800 829 1954 873; x_wconf 83' lang='lat' dir='ltr'>Episcopis</span> <span class='ocrx_word' id='word_1_340' title='bbox 1981 841 2071 873; x_wconf 75' lang='lat' dir='ltr'>agen-</span> 
     </span>
     <span class='ocr_line' id='line_1_60' title="bbox 1194 878 2071 923; baseline 0.002 -13"><span class='ocrx_word' id='word_1_341' title='bbox 1194 879 1273 911; x_wconf 76' lang='lat' dir='ltr'>tibus</span> <span class='ocrx_word' id='word_1_342' title='bbox 1294 881 1384 912; x_wconf 91' lang='lat' dir='ltr'>locum</span> <span class='ocrx_word' id='word_1_343' title='bbox 1406 880 1630 919; x_wconf 65' lang='lat' dir='ltr'>reverendissimi</span> <span class='ocrx_word' id='word_1_344' title='bbox 1663 878 1902 923; x_wconf 79' lang='lat' dir='ltr'>Archi-Episcopi</span> <span class='ocrx_word' id='word_1_345' title='bbox 1938 883 2046 912; x_wconf 77' lang='lat' dir='ltr'>Leonis</span> <span class='ocrx_word' id='word_1_346' title='bbox 2060 905 2071 920; x_wconf 90' lang='lat'>,</span> 
     </span>
     <span class='ocr_line' id='line_1_61' title="bbox 1195 928 2072 972; baseline 0.001 -11"><span class='ocrx_word' id='word_1_347' title='bbox 1195 928 1247 969; x_wconf 80' lang='lat' dir='ltr'>etsi</span> <span class='ocrx_word' id='word_1_348' title='bbox 1264 930 1350 962; x_wconf 83' lang='lat' dir='ltr'>vobis</span> <span class='ocrx_word' id='word_1_349' title='bbox 1374 930 1516 969; x_wconf 82' lang='lat' dir='ltr'>videtur,</span> <span class='ocrx_word' id='word_1_350' title='bbox 1542 931 1681 972; x_wconf 79' lang='lat' dir='ltr'>legantur</span> <span class='ocrx_word' id='word_1_351' title='bbox 1700 941 1796 962; x_wconf 79' lang='lat' dir='ltr'>coram</span> <span class='ocrx_word' id='word_1_352' title='bbox 1819 930 1919 968; x_wconf 83' lang='lat' dir='ltr'>vobis,</span> <span class='ocrx_word' id='word_1_353' title='bbox 1948 938 1982 962; x_wconf 84' lang='lat' dir='ltr'>ut</span> <span class='ocrx_word' id='word_1_354' title='bbox 1998 929 2072 971; x_wconf 84' lang='lat' dir='ltr'>ficut</span> 
     </span>
     <span class='ocr_line' id='line_1_62' title="bbox 1190 977 2073 1023; baseline 0.003 -14"><span class='ocrx_word' id='word_1_355' title='bbox 1190 977 1275 1020; x_wconf 81' lang='lat' dir='ltr'>sapio</span> <span class='ocrx_word' id='word_1_356' title='bbox 1297 978 1485 1023; x_wconf 77' lang='lat' dir='ltr'>cognoscatis.</span> <span class='ocrx_word' id='word_1_357' title='bbox 1514 978 1724 1013; x_wconf 85' lang='lat' dir='ltr'>Existimavit</span> <span class='ocrx_word' id='word_1_358' title='bbox 1745 981 1860 1013; x_wconf 65' lang='lat' dir='ltr'>restam</span> <span class='ocrx_word' id='word_1_359' title='bbox 1873 980 1960 1012; x_wconf 87' lang='lat' dir='ltr'>suam</span> <span class='ocrx_word' id='word_1_360' title='bbox 1976 977 2073 1012; x_wconf 87' lang='lat' dir='ltr'>fidem</span> 
     </span>
     <span class='ocr_line' id='line_1_63' title="bbox 1196 1028 2074 1072; baseline 0.001 -12"><span class='ocrx_word' id='word_1_361' title='bbox 1196 1029 1325 1062; x_wconf 79' lang='lat' dir='ltr'>abunde</span> <span class='ocrx_word' id='word_1_362' title='bbox 1336 1031 1370 1062; x_wconf 91' lang='lat' dir='ltr'>in</span> <span class='ocrx_word' id='word_1_363' title='bbox 1385 1029 1435 1062; x_wconf 92' lang='lat' dir='ltr'>his</span> <span class='ocrx_word' id='word_1_364' title='bbox 1449 1030 1568 1062; x_wconf 83' lang='lat' dir='ltr'>libellis</span> <span class='ocrx_word' id='word_1_365' title='bbox 1580 1030 1710 1072; x_wconf 83' lang='lat' dir='ltr'>aperiri.</span> <span class='ocrx_word' id='word_1_366' title='bbox 1738 1028 1860 1063; x_wconf 72' lang='lat' dir='ltr'>Verum</span> <span class='ocrx_word' id='word_1_367' title='bbox 1873 1028 2074 1063; x_wconf 84' lang='lat' dir='ltr'>adversantes</span> 
     </span>
     <span class='ocr_line' id='line_1_64' title="bbox 1196 1078 2077 1121; baseline 0.005 -12"><span class='ocrx_word' id='word_1_368' title='bbox 1196 1078 1350 1121; x_wconf 87' lang='lat' dir='ltr'>Episcopi</span> <span class='ocrx_word' id='word_1_369' title='bbox 1377 1090 1444 1111; x_wconf 89' lang='lat' dir='ltr'>non</span> <span class='ocrx_word' id='word_1_370' title='bbox 1458 1080 1547 1113; x_wconf 87' lang='lat' dir='ltr'>fuere</span> <span class='ocrx_word' id='word_1_371' title='bbox 1570 1081 1743 1119; x_wconf 85' lang='lat' dir='ltr'>contenti,</span> <span class='ocrx_word' id='word_1_372' title='bbox 1770 1081 1803 1113; x_wconf 71' lang='grc' dir='ltr'>ὃ(</span> <span class='ocrx_word' id='word_1_373' title='bbox 1826 1079 1937 1113; x_wconf 78' lang='lat' dir='ltr'>denuo</span> <span class='ocrx_word' id='word_1_374' title='bbox 1959 1079 2077 1113; x_wconf 60' lang='lat' dir='ltr'>clama*</span> 
     </span>
     <span class='ocr_line' id='line_1_65' title="bbox 1197 1128 2075 1172; baseline 0.002 -13"><span class='ocrx_word' id='word_1_375' title='bbox 1197 1138 1290 1161; x_wconf 86' lang='lat' dir='ltr'>runt:</span> <span class='ocrx_word' id='word_1_376' title='bbox 1318 1128 1412 1161; x_wconf 80' lang='lat' dir='ltr'>Nihil</span> <span class='ocrx_word' id='word_1_377' title='bbox 1429 1130 1518 1172; x_wconf 73' lang='lat' dir='ltr'>relegi</span> <span class='ocrx_word' id='word_1_378' title='bbox 1543 1130 1678 1161; x_wconf 86' lang='lat' dir='ltr'>volumus</span> <span class='ocrx_word' id='word_1_379' title='bbox 1703 1153 1713 1167; x_wconf 91' lang='lat'>,</span> <span class='ocrx_word' id='word_1_380' title='bbox 1738 1131 1822 1162; x_wconf 64' lang='lat' dir='ltr'>mod&amp;</span> <span class='ocrx_word' id='word_1_381' title='bbox 1849 1129 2075 1162; x_wconf 68' lang='lat' dir='ltr'>anathematiza</span> 
     </span>
     <span class='ocr_line' id='line_1_66' title="bbox 1196 1177 2077 1217; baseline 0.005 -8"><span class='ocrx_word' id='word_1_382' title='bbox 1196 1177 1381 1217; x_wconf 81' lang='lat' dir='ltr'>Nestorium.</span> <span class='ocrx_word' id='word_1_383' title='bbox 1409 1178 1540 1211; x_wconf 86' lang='lat' dir='ltr'>Norant</span> <span class='ocrx_word' id='word_1_384' title='bbox 1554 1179 1784 1213; x_wconf 78' lang='lat' dir='ltr'>Nellorianam</span> <span class='ocrx_word' id='word_1_385' title='bbox 1809 1180 1896 1213; x_wconf 88' lang='lat' dir='ltr'>luem</span> <span class='ocrx_word' id='word_1_386' title='bbox 1909 1180 1970 1212; x_wconf 82' lang='lat' dir='ltr'>esse</span> <span class='ocrx_word' id='word_1_387' title='bbox 1984 1179 2077 1213; x_wconf 86' lang='lat' dir='ltr'>Pela-</span> 
     </span>
     <span class='ocr_line' id='line_1_67' title="bbox 1195 1227 2076 1271; baseline 0.005 -12"><span class='ocrx_word' id='word_1_388' title='bbox 1195 1227 1299 1271; x_wconf 81' lang='lat' dir='ltr'>gianae</span> <span class='ocrx_word' id='word_1_389' title='bbox 1311 1228 1412 1261; x_wconf 87' lang='lat' dir='ltr'>filiam</span> <span class='ocrx_word' id='word_1_390' title='bbox 1424 1240 1461 1261; x_wconf 86' lang='lat' dir='ltr'>ac</span> <span class='ocrx_word' id='word_1_391' title='bbox 1473 1230 1741 1266; x_wconf 76' lang='lat' dir='ltr'>sororem,norant</span> <span class='ocrx_word' id='word_1_392' title='bbox 1755 1229 1932 1263; x_wconf 83' lang='lat' dir='ltr'>ambasesse</span> <span class='ocrx_word' id='word_1_393' title='bbox 1943 1229 2076 1263; x_wconf 85' lang='lat' dir='ltr'>menda·</span> 
     </span>
     <span class='ocr_line' id='line_1_68' title="bbox 1195 1277 2075 1322; baseline 0.002 -12"><span class='ocrx_word' id='word_1_394' title='bbox 1195 1277 1320 1310; x_wconf 89' lang='lat' dir='ltr'>ciorum</span> <span class='ocrx_word' id='word_1_395' title='bbox 1332 1289 1369 1311; x_wconf 88' lang='lat' dir='ltr'>ac</span> <span class='ocrx_word' id='word_1_396' title='bbox 1382 1279 1574 1311; x_wconf 77' lang='lat' dir='ltr'>mentalium</span> <span class='ocrx_word' id='word_1_397' title='bbox 1601 1280 1836 1312; x_wconf 62' lang='lat' dir='ltr'>restric‘iionutn</span> <span class='ocrx_word' id='word_1_398' title='bbox 1851 1280 2051 1322; x_wconf 73' lang='lat' dir='ltr'>peritissimas</span> <span class='ocrx_word' id='word_1_399' title='bbox 2063 1303 2075 1319; x_wconf 85' lang='lat'><strong>,</strong></span> 
     </span>
     <span class='ocr_line' id='line_1_69' title="bbox 1195 1325 2074 1370; baseline 0.001 -11"><span class='ocrx_word' id='word_1_400' title='bbox 1195 1325 1336 1368; x_wconf 84' lang='lat' dir='ltr'>ejusdem</span> <span class='ocrx_word' id='word_1_401' title='bbox 1347 1329 1423 1360; x_wconf 85' lang='lat' dir='ltr'>artis</span> <span class='ocrx_word' id='word_1_402' title='bbox 1438 1329 1616 1370; x_wconf 67' lang='lat' dir='ltr'>suspestum</span> <span class='ocrx_word' id='word_1_403' title='bbox 1628 1325 1767 1362; x_wconf 86' lang='lat' dir='ltr'>habuere</span> <span class='ocrx_word' id='word_1_404' title='bbox 1794 1327 2046 1362; x_wconf 85' lang='lat' dir='ltr'>Theodoretum</span> <span class='ocrx_word' id='word_1_405' title='bbox 2062 1353 2074 1369; x_wconf 89' lang='lat'>‚</span> 
     </span>
     <span class='ocr_line' id='line_1_70' title="bbox 1197 1376 2076 1420; baseline 0.002 -11"><span class='ocrx_word' id='word_1_406' title='bbox 1197 1376 1335 1420; x_wconf 73' lang='lat' dir='ltr'>ideoque</span> <span class='ocrx_word' id='word_1_407' title='bbox 1357 1377 1472 1410; x_wconf 75' lang='lat' dir='ltr'>diserte</span> <span class='ocrx_word' id='word_1_408' title='bbox 1485 1389 1521 1410; x_wconf 88' lang='lat' dir='ltr'>ac</span> <span class='ocrx_word' id='word_1_409' title='bbox 1545 1378 1741 1411; x_wconf 85' lang='lat' dir='ltr'>nominatim</span> <span class='ocrx_word' id='word_1_410' title='bbox 1756 1378 1927 1411; x_wconf 82' lang='lat' dir='ltr'>voluerunt</span> <span class='ocrx_word' id='word_1_411' title='bbox 1953 1378 1994 1411; x_wconf 90' lang='lat' dir='ltr'>ab</span> <span class='ocrx_word' id='word_1_412' title='bbox 2015 1377 2076 1411; x_wconf 85' lang='lat' dir='ltr'>illo</span> 
     </span>
     <span class='ocr_line' id='line_1_71' title="bbox 1198 1427 2076 1461; baseline 0.001 -2"><span class='ocrx_word' id='word_1_413' title='bbox 1198 1427 1389 1460; x_wconf 84' lang='lat' dir='ltr'>Nestorium</span> <span class='ocrx_word' id='word_1_414' title='bbox 1423 1427 1686 1461; x_wconf 87' lang='lat' dir='ltr'>anathematizari</span> <span class='ocrx_word' id='word_1_415' title='bbox 1711 1453 1718 1459; x_wconf 90' lang='lat'>.</span> <span class='ocrx_word' id='word_1_416' title='bbox 1746 1427 1971 1461; x_wconf 84' lang='lat' dir='ltr'>Artificiosum</span> <span class='ocrx_word' id='word_1_417' title='bbox 2006 1428 2076 1460; x_wconf 79' lang='lat' dir='ltr'>falfi.</span> 
     </span>
     <span class='ocr_line' id='line_1_72' title="bbox 1198 1477 2078 1511; baseline 0.001 -2"><span class='ocrx_word' id='word_1_418' title='bbox 1198 1477 1377 1510; x_wconf 82' lang='lat' dir='ltr'>sermonem</span> <span class='ocrx_word' id='word_1_419' title='bbox 1390 1479 1451 1510; x_wconf 80' lang='lat' dir='ltr'>esse</span> <span class='ocrx_word' id='word_1_420' title='bbox 1465 1488 1574 1509; x_wconf 87' lang='lat' dir='ltr'>verum</span> <span class='ocrx_word' id='word_1_421' title='bbox 1584 1477 1790 1510; x_wconf 84' lang='lat' dir='ltr'>mendacium</span> <span class='ocrx_word' id='word_1_422' title='bbox 1805 1478 1901 1511; x_wconf 86' lang='lat' dir='ltr'>docet</span> <span class='ocrx_word' id='word_1_423' title='bbox 1915 1479 1949 1510; x_wconf 88' lang='lat' dir='ltr'>in</span> <span class='ocrx_word' id='word_1_424' title='bbox 1961 1477 2078 1511; x_wconf 85' lang='lat' dir='ltr'>litteris</span> 
     </span>
     <span class='ocr_line' id='line_1_73' title="bbox 1198 1527 2075 1560; baseline 0 0"><span class='ocrx_word' id='word_1_425' title='bbox 1198 1527 1236 1560; x_wconf 89' lang='lat' dir='ltr'>ad</span> <span class='ocrx_word' id='word_1_426' title='bbox 1251 1527 1428 1560; x_wconf 77' lang='lat' dir='ltr'>Ecclesiam</span> <span class='ocrx_word' id='word_1_427' title='bbox 1442 1527 1764 1560; x_wconf 81' lang='lat' dir='ltr'>Ne0·Caesareensem</span> <span class='ocrx_word' id='word_1_428' title='bbox 1779 1528 1912 1560; x_wconf 68' lang='lat' dir='ltr'>San-{ius</span> <span class='ocrx_word' id='word_1_429' title='bbox 1939 1527 2075 1560; x_wconf 75' lang='lat' dir='ltr'>Basilius</span> 
     </span>
     <span class='ocr_line' id='line_1_74' title="bbox 1198 1576 2077 1620; baseline 0.002 -12"><span class='ocrx_word' id='word_1_430' title='bbox 1198 1576 1360 1620; x_wconf 87' lang='lat' dir='ltr'>Magnus.</span> <span class='ocrx_word' id='word_1_431' title='bbox 1391 1577 1477 1609; x_wconf 89' lang='lat' dir='ltr'>Eum</span> <span class='ocrx_word' id='word_1_432' title='bbox 1499 1577 1668 1619; x_wconf 73' lang='lat' dir='ltr'>praesertim</span> <span class='ocrx_word' id='word_1_433' title='bbox 1683 1577 1716 1608; x_wconf 90' lang='lat' dir='ltr'>in</span> <span class='ocrx_word' id='word_1_434' title='bbox 1743 1577 1932 1620; x_wconf 77' lang='lat' dir='ltr'>juramentis</span> <span class='ocrx_word' id='word_1_435' title='bbox 1943 1577 2077 1610; x_wconf 84' lang='lat' dir='ltr'>detesta-</span> 
     </span>
    </p>
   </div>
   <div class='ocr_carea' id='block_1_12' title="bbox 1199 1625 2124 1718">
    <p class='ocr_par' dir='ltr' id='par_1_14' title="bbox 1199 1625 2124 1718">
     <span class='ocr_line' id='line_1_75' title="bbox 1199 1625 2110 1671; baseline 0.001 -11"><span class='ocrx_word' id='word_1_436' title='bbox 1199 1637 1250 1660; x_wconf 86' lang='lat' dir='ltr'>tur</span> <span class='ocrx_word' id='word_1_437' title='bbox 1272 1629 1369 1659; x_wconf 84' lang='lat' dir='ltr'>etiam</span> <span class='ocrx_word' id='word_1_438' title='bbox 1391 1629 1579 1668; x_wconf 86' lang='lat' dir='ltr'>Zozymus,</span> <span class='ocrx_word' id='word_1_439' title='bbox 1605 1625 1710 1659; x_wconf 83' lang='lat' dir='ltr'>homo</span> <span class='ocrx_word' id='word_1_440' title='bbox 1733 1627 1885 1671; x_wconf 83' lang='lat' dir='ltr'>gentilis.</span> <span class='ocrx_word' id='word_1_441' title='bbox 1914 1627 2076 1661; x_wconf 82' lang='lat' dir='ltr'>Eamdcm·</span> <span class='ocrx_word' id='word_1_442' title='bbox 2103 1639 2110 1644; x_wconf 64' lang='lat'><strong>⁴</strong></span> 
     </span>
     <span class='ocr_line' id='line_1_76' title="bbox 1200 1676 2124 1718; baseline 0.002 -10"><span class='ocrx_word' id='word_1_443' title='bbox 1200 1677 1289 1709; x_wconf 77' lang='lat' dir='ltr'>fuisse</span> <span class='ocrx_word' id='word_1_444' title='bbox 1300 1677 1375 1709; x_wconf 86' lang='lat' dir='ltr'>Titi</span> <span class='ocrx_word' id='word_1_445' title='bbox 1390 1677 1475 1710; x_wconf 87' lang='lat' dir='ltr'>Livii</span> <span class='ocrx_word' id='word_1_446' title='bbox 1490 1702 1500 1717; x_wconf 89' lang='lat'>,</span> <span class='ocrx_word' id='word_1_447' title='bbox 1521 1676 1597 1718; x_wconf 87' lang='lat' dir='ltr'>Julii</span> <span class='ocrx_word' id='word_1_448' title='bbox 1621 1676 1710 1709; x_wconf 82' lang='lat' dir='ltr'>Flori</span> <span class='ocrx_word' id='word_1_449' title='bbox 1724 1701 1734 1716; x_wconf 92' lang='lat'>,</span> <span class='ocrx_word' id='word_1_450' title='bbox 1761 1677 1888 1710; x_wconf 85' lang='lat' dir='ltr'>Aurelii</span> <span class='ocrx_word' id='word_1_451' title='bbox 1908 1676 2052 1710; x_wconf 62' lang='lat' dir='ltr'>Vidioris</span> <span class='ocrx_word' id='word_1_452' title='bbox 2066 1702 2075 1718; x_wconf 92' lang='lat'>,</span> <span class='ocrx_word' id='word_1_453' title='bbox 2103 1688 2124 1694; x_wconf 66' lang='lat'>⁴·</span> 
     </span>
    </p>
   </div>
   <div class='ocr_carea' id='block_1_13' title="bbox 1198 1726 2080 2268">
    <p class='ocr_par' dir='ltr' id='par_1_15' title="bbox 1198 1726 2080 2268">
     <span class='ocr_line' id='line_1_77' title="bbox 1199 1726 2077 1768; baseline 0.002 -9"><span class='ocrx_word' id='word_1_454' title='bbox 1199 1737 1236 1759; x_wconf 90' lang='lat' dir='ltr'>ac</span> <span class='ocrx_word' id='word_1_455' title='bbox 1258 1727 1359 1760; x_wconf 87' lang='lat' dir='ltr'>totius</span> <span class='ocrx_word' id='word_1_456' title='bbox 1391 1727 1537 1760; x_wconf 88' lang='lat' dir='ltr'>Romani</span> <span class='ocrx_word' id='word_1_457' title='bbox 1562 1726 1695 1768; x_wconf 76' lang='lat' dir='ltr'>Imperii</span> <span class='ocrx_word' id='word_1_458' title='bbox 1727 1728 1886 1760; x_wconf 81' lang='lat' dir='ltr'>vetustam</span> <span class='ocrx_word' id='word_1_459' title='bbox 1918 1726 2077 1761; x_wconf 88' lang='lat' dir='ltr'>innocen-</span> 
     </span>
     <span class='ocr_line' id='line_1_78' title="bbox 1199 1774 2079 1819; baseline 0.002 -11"><span class='ocrx_word' id='word_1_460' title='bbox 1199 1774 1300 1814; x_wconf 76' lang='lat' dir='ltr'>tiam,</span> <span class='ocrx_word' id='word_1_461' title='bbox 1327 1777 1418 1819; x_wconf 78' lang='lat' dir='ltr'>posslt</span> <span class='ocrx_word' id='word_1_462' title='bbox 1432 1774 1538 1810; x_wconf 79' lang='lat' dir='ltr'>lucide</span> <span class='ocrx_word' id='word_1_463' title='bbox 1552 1776 1712 1809; x_wconf 81' lang='lat' dir='ltr'>ostendit.</span> <span class='ocrx_word' id='word_1_464' title='bbox 1741 1776 1838 1810; x_wconf 76' lang='lat' dir='ltr'>Certe</span> <span class='ocrx_word' id='word_1_465' title='bbox 1849 1777 1991 1811; x_wconf 85' lang='lat' dir='ltr'>Paulum</span> <span class='ocrx_word' id='word_1_466' title='bbox 2006 1777 2079 1810; x_wconf 91' lang='lat' dir='ltr'>No-</span> 
     </span>
     <span class='ocr_line' id='line_1_79' title="bbox 1199 1826 2076 1869; baseline 0 -10"><span class='ocrx_word' id='word_1_467' title='bbox 1199 1828 1317 1859; x_wconf 88' lang='lat' dir='ltr'>tarium</span> <span class='ocrx_word' id='word_1_468' title='bbox 1337 1849 1349 1864; x_wconf 88' lang='lat'>,</span> <span class='ocrx_word' id='word_1_469' title='bbox 1373 1827 1461 1869; x_wconf 90' lang='lat' dir='ltr'>quod</span> <span class='ocrx_word' id='word_1_470' title='bbox 1486 1826 1676 1860; x_wconf 86' lang='lat' dir='ltr'>insolubiles</span> <span class='ocrx_word' id='word_1_471' title='bbox 1698 1827 1942 1860; x_wconf 79' lang='lat' dir='ltr'>mendaciorum</span> <span class='ocrx_word' id='word_1_472' title='bbox 1969 1826 2076 1861; x_wconf 82' lang='lat' dir='ltr'>nodos</span> 
     </span>
     <span class='ocr_line' id='line_1_80' title="bbox 1200 1875 2080 1922; baseline 0.002 -14"><span class='ocrx_word' id='word_1_473' title='bbox 1200 1878 1298 1919; x_wconf 67' lang='lat' dir='ltr'>posset</span> <span class='ocrx_word' id='word_1_474' title='bbox 1309 1875 1550 1920; x_wconf 86' lang='lat' dir='ltr'>restringendos</span> <span class='ocrx_word' id='word_1_475' title='bbox 1558 1877 1768 1920; x_wconf 74' lang='lat' dir='ltr'>compingere</span> <span class='ocrx_word' id='word_1_476' title='bbox 1778 1901 1788 1916; x_wconf 93' lang='lat'>‚</span> <span class='ocrx_word' id='word_1_477' title='bbox 1815 1876 1968 1919; x_wconf 77' lang='lat' dir='ltr'>probrose</span> <span class='ocrx_word' id='word_1_478' title='bbox 1976 1888 2080 1922; x_wconf 85' lang='lat' dir='ltr'>agno-</span> 
     </span>
     <span class='ocr_line' id='line_1_81' title="bbox 1200 1925 2078 1969; baseline 0.001 -11"><span class='ocrx_word' id='word_1_479' title='bbox 1200 1926 1359 1958; x_wconf 87' lang='lat' dir='ltr'>minatum</span> <span class='ocrx_word' id='word_1_480' title='bbox 1373 1925 1464 1959; x_wconf 74' lang='lat' dir='ltr'>fuisse</span> <span class='ocrx_word' id='word_1_481' title='bbox 1477 1927 1603 1958; x_wconf 82' lang='lat' dir='ltr'>Paulum</span> <span class='ocrx_word' id='word_1_482' title='bbox 1616 1930 1766 1958; x_wconf 78' lang='lat' dir='ltr'>Catenam</span> <span class='ocrx_word' id='word_1_483' title='bbox 1778 1950 1788 1964; x_wconf 92' lang='lat'>,</span> <span class='ocrx_word' id='word_1_484' title='bbox 1815 1926 1992 1959; x_wconf 67' lang='lat' dir='ltr'>testaturac</span> <span class='ocrx_word' id='word_1_485' title='bbox 2007 1938 2078 1969; x_wconf 85' lang='lat' dir='ltr'>pro·</span> 
     </span>
     <span class='ocr_line' id='line_1_82' title="bbox 1199 1973 2078 2020; baseline 0.003 -13"><span class='ocrx_word' id='word_1_486' title='bbox 1199 1973 1254 2008; x_wconf 84' lang='lat' dir='ltr'>bat</span> <span class='ocrx_word' id='word_1_487' title='bbox 1268 1975 1464 2008; x_wconf 86' lang='lat' dir='ltr'>Ammianus</span> <span class='ocrx_word' id='word_1_488' title='bbox 1491 1976 1727 2009; x_wconf 87' lang='lat' dir='ltr'>Marcellinus.</span> <span class='ocrx_word' id='word_1_489' title='bbox 1756 1975 2078 2020; x_wconf 80' lang='lat' dir='ltr'>Ejusmodigentiles</span> 
     </span>
     <span class='ocr_line' id='line_1_83' title="bbox 1198 2024 2078 2068; baseline 0.003 -11"><span class='ocrx_word' id='word_1_490' title='bbox 1198 2027 1329 2068; x_wconf 82' lang='lat' dir='ltr'>surgent</span> <span class='ocrx_word' id='word_1_491' title='bbox 1357 2026 1392 2058; x_wconf 91' lang='lat' dir='ltr'>in</span> <span class='ocrx_word' id='word_1_492' title='bbox 1417 2026 1545 2059; x_wconf 82' lang='lat' dir='ltr'>Divino</span> <span class='ocrx_word' id='word_1_493' title='bbox 1566 2025 1691 2067; x_wconf 85' lang='lat' dir='ltr'>judicio</span> <span class='ocrx_word' id='word_1_494' title='bbox 1715 2051 1724 2064; x_wconf 95' lang='lat'>‚</span> <span class='ocrx_word' id='word_1_495' title='bbox 1750 2025 1784 2058; x_wconf 91' lang='lat'>&amp;</span> <span class='ocrx_word' id='word_1_496' title='bbox 1803 2024 2078 2060; x_wconf 83' lang='lat' dir='ltr'>condemnabunt</span> 
     </span>
     <span class='ocr_line' id='line_1_84' title="bbox 1199 2074 2079 2117; baseline 0.002 -9"><span class='ocrx_word' id='word_1_497' title='bbox 1199 2076 1320 2108; x_wconf 88' lang='lat' dir='ltr'>multos</span> <span class='ocrx_word' id='word_1_498' title='bbox 1339 2075 1438 2108; x_wconf 83' lang='lat' dir='ltr'>nostri</span> <span class='ocrx_word' id='word_1_499' title='bbox 1463 2076 1618 2117; x_wconf 85' lang='lat' dir='ltr'>temporis</span> <span class='ocrx_word' id='word_1_500' title='bbox 1643 2074 1862 2108; x_wconf 85' lang='lat' dir='ltr'>Christianos.</span> <span class='ocrx_word' id='word_1_501' title='bbox 1891 2076 1934 2108; x_wconf 88' lang='lat' dir='ltr'>Et</span> <span class='ocrx_word' id='word_1_502' title='bbox 1948 2077 2079 2110; x_wconf 77' lang='lat' dir='ltr'>utinam</span> 
     </span>
     <span class='ocr_line' id='line_1_85' title="bbox 1198 2124 2079 2166; baseline 0.002 -9"><span class='ocrx_word' id='word_1_503' title='bbox 1198 2124 1358 2158; x_wconf 72' lang='lat' dir='ltr'>duntaxat</span> <span class='ocrx_word' id='word_1_504' title='bbox 1380 2125 1515 2158; x_wconf 82' lang='lat' dir='ltr'>idiotas.</span> <span class='ocrx_word' id='word_1_505' title='bbox 1542 2125 1631 2157; x_wconf 79' lang='lat' dir='ltr'>Dico</span> <span class='ocrx_word' id='word_1_506' title='bbox 1649 2148 1658 2163; x_wconf 91' lang='lat'>‚</span> <span class='ocrx_word' id='word_1_507' title='bbox 1686 2124 1787 2164; x_wconf 78' lang='lat' dir='ltr'>Nostri</span> <span class='ocrx_word' id='word_1_508' title='bbox 1807 2129 1971 2166; x_wconf 60' lang='lat' dir='ltr'>temporis.</span> <span class='ocrx_word' id='word_1_509' title='bbox 2001 2126 2079 2159; x_wconf 75' lang='lat' dir='ltr'>Ere-</span> 
     </span>
     <span class='ocr_line' id='line_1_86' title="bbox 1199 2175 2077 2219; baseline 0.002 -13"><span class='ocrx_word' id='word_1_510' title='bbox 1199 2176 1267 2207; x_wconf 88' lang='lat' dir='ltr'>nim</span> <span class='ocrx_word' id='word_1_511' title='bbox 1282 2175 1481 2219; x_wconf 83' lang='lat' dir='ltr'>Burgundiae</span> <span class='ocrx_word' id='word_1_512' title='bbox 1504 2186 1677 2216; x_wconf 84' lang='lat' dir='ltr'>campum,</span> <span class='ocrx_word' id='word_1_513' title='bbox 1706 2175 1739 2207; x_wconf 88' lang='lat' dir='ltr'>in</span> <span class='ocrx_word' id='word_1_514' title='bbox 1755 2187 1820 2216; x_wconf 81' lang='lat' dir='ltr'>quo</span> <span class='ocrx_word' id='word_1_515' title='bbox 1848 2175 2077 2208; x_wconf 76' lang='lat' dir='ltr'>LudoviciPii</span> 
     </span>
     <span class='ocr_line' id='line_1_87' title="bbox 1200 2224 2076 2268; baseline 0.002 -12"><span class='ocrx_word' id='word_1_516' title='bbox 1200 2225 1402 2267; x_wconf 84' lang='lat' dir='ltr'>Imperatoris</span> <span class='ocrx_word' id='word_1_517' title='bbox 1422 2225 1482 2257; x_wconf 82' lang='lat' dir='ltr'>filii</span> <span class='ocrx_word' id='word_1_518' title='bbox 1495 2249 1504 2264; x_wconf 94' lang='lat'>,</span> <span class='ocrx_word' id='word_1_519' title='bbox 1531 2225 1729 2257; x_wconf 83' lang='lat' dir='ltr'>Francorum</span> <span class='ocrx_word' id='word_1_520' title='bbox 1749 2224 1858 2268; x_wconf 85' lang='lat' dir='ltr'>Reges</span> <span class='ocrx_word' id='word_1_521' title='bbox 1871 2249 1881 2265; x_wconf 94' lang='lat'>,</span> <span class='ocrx_word' id='word_1_522' title='bbox 1907 2225 2076 2259; x_wconf 64' lang='lat' dir='ltr'>restridiio-</span> 
     </span>
    </p>
   </div>
   <div class='ocr_carea' id='block_1_14' title="bbox 266 2273 2078 2318">
    <p class='ocr_par' dir='ltr' id='par_1_16' title="bbox 266 2273 2078 2318">
     <span class='ocr_line' id='line_1_88' title="bbox 266 2273 2078 2318; baseline 0 -9"><span class='ocrx_word' id='word_1_523' title='bbox 266 2280 402 2309; x_wconf 85' lang='lat' dir='ltr'>Romana</span> <span class='ocrx_word' id='word_1_524' title='bbox 414 2300 425 2316; x_wconf 96' lang='lat'>,</span> <span class='ocrx_word' id='word_1_525' title='bbox 452 2278 628 2308; x_wconf 83' lang='lat' dir='ltr'>mandatum</span> <span class='ocrx_word' id='word_1_526' title='bbox 638 2282 748 2316; x_wconf 81' lang='lat' dir='ltr'>accepit</span> <span class='ocrx_word' id='word_1_527' title='bbox 759 2298 769 2313; x_wconf 92' lang='lat'>‚</span> <span class='ocrx_word' id='word_1_528' title='bbox 794 2283 827 2307; x_wconf 86' lang='lat' dir='ltr'>ut</span> <span class='ocrx_word' id='word_1_529' title='bbox 838 2273 981 2318; x_wconf 83' lang='lat' dir='ltr'>quousque</span> <span class='ocrx_word' id='word_1_530' title='bbox 993 2275 1150 2314; x_wconf 66' lang='lat' dir='ltr'>delibera-i</span> <span class='ocrx_word' id='word_1_531' title='bbox 1201 2274 1295 2307; x_wconf 88' lang='lat' dir='ltr'>nibus</span> <span class='ocrx_word' id='word_1_532' title='bbox 1309 2275 1504 2308; x_wconf 86' lang='lat' dir='ltr'>mentalibus</span> <span class='ocrx_word' id='word_1_533' title='bbox 1515 2275 1656 2308; x_wconf 84' lang='lat' dir='ltr'>invicem</span> <span class='ocrx_word' id='word_1_534' title='bbox 1668 2274 1865 2318; x_wconf 87' lang='lat' dir='ltr'>deceperunt</span> <span class='ocrx_word' id='word_1_535' title='bbox 1878 2299 1887 2315; x_wconf 91' lang='lat'>‚</span> <span class='ocrx_word' id='word_1_536' title='bbox 1914 2285 2078 2318; x_wconf 79' lang='lat' dir='ltr'>ponentes</span> 
     </span>
    </p>
   </div>
   <div class='ocr_carea' id='block_1_15' title="bbox 257 2325 1151 2965">
    <p class='ocr_par' dir='ltr' id='par_1_17' title="bbox 257 2325 1151 2965">
     <span class='ocr_line' id='line_1_89' title="bbox 263 2325 1151 2366; baseline 0 -8"><span class='ocrx_word' id='word_1_537' title='bbox 263 2336 345 2360; x_wconf 83' lang='lat' dir='ltr'>retur</span> <span class='ocrx_word' id='word_1_538' title='bbox 358 2349 368 2364; x_wconf 92' lang='lat'>,</span> <span class='ocrx_word' id='word_1_539' title='bbox 393 2331 454 2359; x_wconf 77' lang='lat' dir='ltr'>utri</span> <span class='ocrx_word' id='word_1_540' title='bbox 477 2330 598 2358; x_wconf 83' lang='lat' dir='ltr'>duorum</span> <span class='ocrx_word' id='word_1_541' title='bbox 622 2325 872 2358; x_wconf 79' lang='lat' dir='ltr'>Patriarcharum</span> <span class='ocrx_word' id='word_1_542' title='bbox 894 2328 1034 2366; x_wconf 64' lang='lat' dir='ltr'>perpetua</span> <span class='ocrx_word' id='word_1_543' title='bbox 1059 2327 1151 2365; x_wconf 52' lang='lat' dir='ltr'>cede}</span> 
     </span>
     <span class='ocr_line' id='line_1_90' title="bbox 263 2374 1137 2417; baseline -0.001 -9"><span class='ocrx_word' id='word_1_544' title='bbox 263 2386 308 2409; x_wconf 83' lang='lat' dir='ltr'>ret</span> <span class='ocrx_word' id='word_1_545' title='bbox 331 2401 340 2416; x_wconf 86' lang='lat'>‚</span> <span class='ocrx_word' id='word_1_546' title='bbox 376 2382 496 2409; x_wconf 81' lang='lat' dir='ltr'>interim</span> <span class='ocrx_word' id='word_1_547' title='bbox 525 2399 535 2415; x_wconf 94' lang='lat'>,</span> <span class='ocrx_word' id='word_1_548' title='bbox 565 2374 650 2416; x_wconf 75' lang='lat' dir='ltr'>sicuti</span> <span class='ocrx_word' id='word_1_549' title='bbox 674 2377 709 2408; x_wconf 68' lang='lat'>(2⁹</span> <span class='ocrx_word' id='word_1_550' title='bbox 730 2375 925 2417; x_wconf 81' lang='lat' dir='ltr'>Praedeceffori</span> <span class='ocrx_word' id='word_1_551' title='bbox 952 2377 1015 2415; x_wconf 83' lang='lat' dir='ltr'>ejus</span> <span class='ocrx_word' id='word_1_552' title='bbox 1030 2374 1137 2416; x_wconf 85' lang='lat' dir='ltr'>fuerat</span> 
     </span>
     <span class='ocr_line' id='line_1_91' title="bbox 264 2424 1137 2467; baseline 0 -10"><span class='ocrx_word' id='word_1_553' title='bbox 264 2426 378 2458; x_wconf 55' lang='lat' dir='ltr'>alioqum</span> <span class='ocrx_word' id='word_1_554' title='bbox 404 2449 415 2464; x_wconf 88' lang='lat'><strong>,</strong></span> <span class='ocrx_word' id='word_1_555' title='bbox 454 2424 712 2467; x_wconf 82' lang='lat' dir='ltr'>Hierosolymitano</span> <span class='ocrx_word' id='word_1_556' title='bbox 736 2424 866 2458; x_wconf 76' lang='lat' dir='ltr'>obediret</span> <span class='ocrx_word' id='word_1_557' title='bbox 893 2449 903 2463; x_wconf 95' lang='lat'>,</span> <span class='ocrx_word' id='word_1_558' title='bbox 938 2436 1058 2467; x_wconf 85' lang='lat' dir='ltr'>eamque</span> <span class='ocrx_word' id='word_1_559' title='bbox 1093 2427 1137 2457; x_wconf 83' lang='lat' dir='ltr'>di-</span> 
     </span>
     <span class='ocr_line' id='line_1_92' title="bbox 262 2474 1136 2517; baseline 0.001 -10"><span class='ocrx_word' id='word_1_560' title='bbox 262 2481 413 2517; x_wconf 83' lang='lat' dir='ltr'>gnitatem</span> <span class='ocrx_word' id='word_1_561' title='bbox 460 2477 492 2506; x_wconf 83' lang='lat' dir='ltr'>in</span> <span class='ocrx_word' id='word_1_562' title='bbox 534 2474 794 2516; x_wconf 68' lang='lat' dir='ltr'>Hierosolymitana</span> <span class='ocrx_word' id='word_1_563' title='bbox 850 2474 991 2508; x_wconf 82' lang='lat' dir='ltr'>obtineret</span> <span class='ocrx_word' id='word_1_564' title='bbox 1038 2476 1136 2508; x_wconf 87' lang='lat' dir='ltr'>Eccle-</span> 
     </span>
     <span class='ocr_line' id='line_1_93' title="bbox 257 2523 1136 2566; baseline 0.002 -10"><span class='ocrx_word' id='word_1_565' title='bbox 257 2523 302 2566; x_wconf 83' lang='lat' dir='ltr'>fia</span> <span class='ocrx_word' id='word_1_566' title='bbox 338 2549 348 2565; x_wconf 93' lang='lat'>‚</span> <span class='ocrx_word' id='word_1_567' title='bbox 393 2534 483 2566; x_wconf 87' lang='lat' dir='ltr'>quam</span> <span class='ocrx_word' id='word_1_568' title='bbox 513 2525 578 2564; x_wconf 86' lang='lat' dir='ltr'>ejus</span> <span class='ocrx_word' id='word_1_569' title='bbox 605 2525 822 2565; x_wconf 68' lang='lat' dir='ltr'>praedeceffitres</span> <span class='ocrx_word' id='word_1_570' title='bbox 855 2530 887 2556; x_wconf 85' lang='lat' dir='ltr'>in</span> <span class='ocrx_word' id='word_1_571' title='bbox 923 2525 1105 2558; x_wconf 72' lang='lat' dir='ltr'>Antioc-hena</span> <span class='ocrx_word' id='word_1_572' title='bbox 1127 2548 1136 2563; x_wconf 91' lang='lat'>,</span> 
     </span>
     <span class='ocr_line' id='line_1_94' title="bbox 262 2572 1136 2616; baseline 0.002 -10"><span class='ocrx_word' id='word_1_573' title='bbox 262 2575 403 2616; x_wconf 80' lang='lat' dir='ltr'>quamdiu</span> <span class='ocrx_word' id='word_1_574' title='bbox 430 2578 456 2606; x_wconf 82' lang='lat' dir='ltr'>ei</span> <span class='ocrx_word' id='word_1_575' title='bbox 478 2573 648 2607; x_wconf 84' lang='lat' dir='ltr'>obedierunt</span> <span class='ocrx_word' id='word_1_576' title='bbox 672 2598 683 2613; x_wconf 86' lang='lat'>,</span> <span class='ocrx_word' id='word_1_577' title='bbox 710 2572 896 2606; x_wconf 80' lang='lat' dir='ltr'>obtinuerunt</span> <span class='ocrx_word' id='word_1_578' title='bbox 921 2599 926 2605; x_wconf 95' lang='lat'>.</span> <span class='ocrx_word' id='word_1_579' title='bbox 953 2577 1074 2607; x_wconf 82' lang='lat' dir='ltr'>Certum</span> <span class='ocrx_word' id='word_1_580' title='bbox 1100 2575 1136 2615; x_wconf 86' lang='lat' dir='ltr'>est</span> 
     </span>
     <span class='ocr_line' id='line_1_95' title="bbox 265 2621 1137 2666; baseline 0.001 -10"><span class='ocrx_word' id='word_1_581' title='bbox 265 2633 388 2663; x_wconf 82' lang='lat' dir='ltr'>autem,</span> <span class='ocrx_word' id='word_1_582' title='bbox 414 2623 494 2664; x_wconf 82' lang='lat' dir='ltr'>quod</span> <span class='ocrx_word' id='word_1_583' title='bbox 504 2627 582 2655; x_wconf 86' lang='lat' dir='ltr'>inter</span> <span class='ocrx_word' id='word_1_584' title='bbox 594 2625 728 2656; x_wconf 84' lang='lat' dir='ltr'>tredecim</span> <span class='ocrx_word' id='word_1_585' title='bbox 749 2622 836 2655; x_wconf 76' lang='lat' dir='ltr'>Archi</span> <span class='ocrx_word' id='word_1_586' title='bbox 848 2621 1028 2664; x_wconf 65' lang='lat' dir='ltr'>Epist-opos,</span> <span class='ocrx_word' id='word_1_587' title='bbox 1055 2627 1137 2666; x_wconf 72' lang='lat' dir='ltr'>quid</span> 
     </span>
     <span class='ocr_line' id='line_1_96' title="bbox 263 2670 1137 2715; baseline 0.001 -10"><span class='ocrx_word' id='word_1_588' title='bbox 263 2673 367 2706; x_wconf 74' lang='lat' dir='ltr'>diebus</span> <span class='ocrx_word' id='word_1_589' title='bbox 381 2672 572 2714; x_wconf 74' lang='lat' dir='ltr'>Apostolorum</span> <span class='ocrx_word' id='word_1_590' title='bbox 579 2671 648 2715; x_wconf 66' lang='lat' dir='ltr'>sedi</span> <span class='ocrx_word' id='word_1_591' title='bbox 662 2673 849 2705; x_wconf 68' lang='lat' dir='ltr'>antiochenae</span> <span class='ocrx_word' id='word_1_592' title='bbox 870 2670 1117 2714; x_wconf 76' lang='lat' dir='ltr'>ficbditifuerunt</span> <span class='ocrx_word' id='word_1_593' title='bbox 1128 2700 1137 2715; x_wconf 94' lang='lat'>‚</span> 
     </span>
     <span class='ocr_line' id='line_1_97' title="bbox 263 2722 1139 2764; baseline 0.001 -10"><span class='ocrx_word' id='word_1_594' title='bbox 263 2722 387 2764; x_wconf 82' lang='lat' dir='ltr'>Tyrenfis</span> <span class='ocrx_word' id='word_1_595' title='bbox 404 2729 537 2763; x_wconf 81' lang='lat' dir='ltr'>primum</span> <span class='ocrx_word' id='word_1_596' title='bbox 546 2724 636 2756; x_wconf 85' lang='lat' dir='ltr'>locum</span> <span class='ocrx_word' id='word_1_597' title='bbox 658 2724 783 2755; x_wconf 83' lang='lat' dir='ltr'>obtinuit</span> <span class='ocrx_word' id='word_1_598' title='bbox 797 2747 806 2761; x_wconf 87' lang='lat'>‚</span> <span class='ocrx_word' id='word_1_599' title='bbox 834 2728 922 2754; x_wconf 79' lang='lat' dir='ltr'>itaut</span> <span class='ocrx_word' id='word_1_600' title='bbox 945 2731 1057 2755; x_wconf 85' lang='lat' dir='ltr'>mortuo</span> <span class='ocrx_word' id='word_1_601' title='bbox 1082 2727 1139 2755; x_wconf 86' lang='lat' dir='ltr'>Pa-</span> 
     </span>
     <span class='ocr_line' id='line_1_98' title="bbox 262 2771 1140 2815; baseline -0.001 -9"><span class='ocrx_word' id='word_1_602' title='bbox 262 2772 393 2806; x_wconf 74' lang='lat' dir='ltr'>triarcha</span> <span class='ocrx_word' id='word_1_603' title='bbox 408 2772 582 2806; x_wconf 80' lang='lat' dir='ltr'>Antiocheno</span> <span class='ocrx_word' id='word_1_604' title='bbox 594 2796 603 2811; x_wconf 93' lang='lat'>‚</span> <span class='ocrx_word' id='word_1_605' title='bbox 615 2773 846 2806; x_wconf 81' lang='lat' dir='ltr'>Proto-Thronos</span> <span class='ocrx_word' id='word_1_606' title='bbox 858 2771 983 2814; x_wconf 82' lang='lat' dir='ltr'>Tyrenfis</span> <span class='ocrx_word' id='word_1_607' title='bbox 1007 2774 1140 2815; x_wconf 80' lang='lat' dir='ltr'>appella-</span> 
     </span>
     <span class='ocr_line' id='line_1_99' title="bbox 261 2822 1141 2866; baseline 0 -11"><span class='ocrx_word' id='word_1_608' title='bbox 261 2832 351 2856; x_wconf 85' lang='lat' dir='ltr'>retur.</span> <span class='ocrx_word' id='word_1_609' title='bbox 378 2823 485 2865; x_wconf 90' lang='lat' dir='ltr'>Ipsum</span> <span class='ocrx_word' id='word_1_610' title='bbox 497 2822 639 2856; x_wconf 87' lang='lat' dir='ltr'>ostendit</span> <span class='ocrx_word' id='word_1_611' title='bbox 649 2834 691 2856; x_wconf 83' lang='lat' dir='ltr'>ex</span> <span class='ocrx_word' id='word_1_612' title='bbox 706 2822 846 2866; x_wconf 79' lang='lat' dir='ltr'>superius</span> <span class='ocrx_word' id='word_1_613' title='bbox 859 2823 993 2855; x_wconf 65' lang='lat' dir='ltr'>addudia</span> <span class='ocrx_word' id='word_1_614' title='bbox 1008 2822 1141 2856; x_wconf 88' lang='lat' dir='ltr'>Provin-</span> 
     </span>
     <span class='ocr_line' id='line_1_100' title="bbox 260 2871 1139 2916; baseline 0.001 -11"><span class='ocrx_word' id='word_1_615' title='bbox 260 2873 381 2905; x_wconf 81' lang='lat' dir='ltr'>ciarum</span> <span class='ocrx_word' id='word_1_616' title='bbox 394 2884 431 2905; x_wconf 86' lang='lat' dir='ltr'>ac</span> <span class='ocrx_word' id='word_1_617' title='bbox 445 2871 697 2914; x_wconf 86' lang='lat' dir='ltr'>Episcopatuum</span> <span class='ocrx_word' id='word_1_618' title='bbox 711 2872 826 2905; x_wconf 90' lang='lat' dir='ltr'>notitia</span> <span class='ocrx_word' id='word_1_619' title='bbox 839 2896 849 2911; x_wconf 93' lang='lat'>‚</span> <span class='ocrx_word' id='word_1_620' title='bbox 877 2873 909 2905; x_wconf 69' lang='grc' dir='ltr'>ὅ(</span> <span class='ocrx_word' id='word_1_621' title='bbox 921 2883 984 2916; x_wconf 81' lang='lat' dir='ltr'>ego</span> <span class='ocrx_word' id='word_1_622' title='bbox 998 2874 1053 2905; x_wconf 90' lang='lat' dir='ltr'>suo</span> <span class='ocrx_word' id='word_1_623' title='bbox 1065 2872 1139 2906; x_wconf 90' lang='lat' dir='ltr'>loco</span> 
     </span>
     <span class='ocr_line' id='line_1_101' title="bbox 260 2920 1139 2965; baseline 0.001 -10"><span class='ocrx_word' id='word_1_624' title='bbox 260 2921 387 2955; x_wconf 85' lang='lat' dir='ltr'>ostendi</span> <span class='ocrx_word' id='word_1_625' title='bbox 400 2920 439 2955; x_wconf 89' lang='lat' dir='ltr'>ad</span> <span class='ocrx_word' id='word_1_626' title='bbox 450 2920 619 2963; x_wconf 87' lang='lat' dir='ltr'>Synodum</span> <span class='ocrx_word' id='word_1_627' title='bbox 629 2922 831 2956; x_wconf 73' lang='lat' dir='ltr'>ostavamEt</span> <span class='ocrx_word' id='word_1_628' title='bbox 842 2921 974 2965; x_wconf 88' lang='lat' dir='ltr'>quidem</span> <span class='ocrx_word' id='word_1_629' title='bbox 987 2921 1139 2956; x_wconf 86' lang='lat' dir='ltr'>Romana</span> 
     </span>
    </p>
   </div>
   <div class='ocr_carea' id='block_1_16' title="bbox 204 2969 1141 3014">
    <p class='ocr_par' dir='ltr' id='par_1_18' title="bbox 204 2969 1141 3014">
     <span class='ocr_line' id='line_1_102' title="bbox 204 2969 1141 3014; baseline 0.001 -10"><span class='ocrx_word' id='word_1_630' title='bbox 204 2985 206 2987; x_wconf 54' lang='lat'><strong><em>¹</em></strong></span> <span class='ocrx_word' id='word_1_631' title='bbox 261 2973 405 3005; x_wconf 80' lang='lat' dir='ltr'>Ecclesia</span> <span class='ocrx_word' id='word_1_632' title='bbox 429 2972 565 3014; x_wconf 88' lang='lat' dir='ltr'>primam</span> <span class='ocrx_word' id='word_1_633' title='bbox 579 2969 787 3006; x_wconf 86' lang='lat' dir='ltr'>Phoeniciam</span> <span class='ocrx_word' id='word_1_634' title='bbox 810 2983 938 3005; x_wconf 87' lang='lat' dir='ltr'>manere</span> <span class='ocrx_word' id='word_1_635' title='bbox 951 2983 1141 3014; x_wconf 88' lang='lat' dir='ltr'>perpetuum</span> 
     </span>
    </p>
   </div>
   <div class='ocr_carea' id='block_1_17' title="bbox 259 3019 1140 3264">
    <p class='ocr_par' dir='ltr' id='par_1_19' title="bbox 259 3019 1140 3264">
     <span class='ocr_line' id='line_1_103' title="bbox 261 3019 1140 3065; baseline 0 -10"><span class='ocrx_word' id='word_1_636' title='bbox 261 3022 319 3056; x_wconf 87' lang='lat' dir='ltr'>sub</span> <span class='ocrx_word' id='word_1_637' title='bbox 332 3019 515 3055; x_wconf 78' lang='lat' dir='ltr'>patriarcha</span> <span class='ocrx_word' id='word_1_638' title='bbox 528 3022 834 3065; x_wconf 88' lang='lat' dir='ltr'>Hierosolymitano</span> <span class='ocrx_word' id='word_1_639' title='bbox 854 3021 987 3055; x_wconf 86' lang='lat' dir='ltr'>tandem</span> <span class='ocrx_word' id='word_1_640' title='bbox 1011 3023 1117 3055; x_wconf 83' lang='lat' dir='ltr'>sanxit</span> <span class='ocrx_word' id='word_1_641' title='bbox 1131 3047 1140 3062; x_wconf 95' lang='lat'>,</span> 
     </span>
     <span class='ocr_line' id='line_1_104' title="bbox 261 3070 1140 3114; baseline 0.001 -9"><span class='ocrx_word' id='word_1_642' title='bbox 261 3083 299 3105; x_wconf 86' lang='lat' dir='ltr'>ac</span> <span class='ocrx_word' id='word_1_643' title='bbox 313 3071 378 3105; x_wconf 84' lang='lat' dir='ltr'>illic</span> <span class='ocrx_word' id='word_1_644' title='bbox 390 3073 452 3105; x_wconf 87' lang='lat' dir='ltr'>esse</span> <span class='ocrx_word' id='word_1_645' title='bbox 475 3070 768 3105; x_wconf 83' lang='lat' dir='ltr'>Proto-Thronum</span> <span class='ocrx_word' id='word_1_646' title='bbox 782 3096 792 3112; x_wconf 88' lang='lat'>‚</span> <span class='ocrx_word' id='word_1_647' title='bbox 817 3071 858 3105; x_wconf 88' lang='lat' dir='ltr'>de</span> <span class='ocrx_word' id='word_1_648' title='bbox 884 3082 950 3114; x_wconf 91' lang='lat' dir='ltr'>quo</span> <span class='ocrx_word' id='word_1_649' title='bbox 975 3073 1115 3106; x_wconf 90' lang='lat' dir='ltr'>Decreto</span> <span class='ocrx_word' id='word_1_650' title='bbox 1132 3097 1140 3111; x_wconf 84' lang='lat'>‚</span> 
     </span>
     <span class='ocr_line' id='line_1_105' title="bbox 259 3120 1140 3164; baseline -0.001 -9"><span class='ocrx_word' id='word_1_651' title='bbox 259 3122 309 3155; x_wconf 90' lang='lat' dir='ltr'>uti</span> <span class='ocrx_word' id='word_1_652' title='bbox 325 3120 523 3164; x_wconf 86' lang='lat' dir='ltr'>Apostolicis</span> <span class='ocrx_word' id='word_1_653' title='bbox 537 3130 634 3163; x_wconf 87' lang='lat' dir='ltr'>atque</span> <span class='ocrx_word' id='word_1_654' title='bbox 646 3122 790 3155; x_wconf 89' lang='lat' dir='ltr'>Nicaenis</span> <span class='ocrx_word' id='word_1_655' title='bbox 814 3122 1009 3156; x_wconf 83' lang='lat' dir='ltr'>Canonibus</span> <span class='ocrx_word' id='word_1_656' title='bbox 1031 3123 1140 3156; x_wconf 87' lang='lat' dir='ltr'>adver·</span> 
     </span>
     <span class='ocr_line' id='line_1_106' title="bbox 260 3167 1140 3213; baseline -0.001 -8"><span class='ocrx_word' id='word_1_657' title='bbox 260 3172 297 3205; x_wconf 90' lang='lat' dir='ltr'>so</span> <span class='ocrx_word' id='word_1_658' title='bbox 318 3171 460 3204; x_wconf 75' lang='lat' dir='ltr'>multum</span> <span class='ocrx_word' id='word_1_659' title='bbox 482 3172 627 3213; x_wconf 87' lang='lat' dir='ltr'>queritur</span> <span class='ocrx_word' id='word_1_660' title='bbox 649 3171 795 3206; x_wconf 89' lang='lat' dir='ltr'>laudatus</span> <span class='ocrx_word' id='word_1_661' title='bbox 818 3167 1017 3206; x_wconf 84' lang='lat' dir='ltr'>Guilielmus</span> <span class='ocrx_word' id='word_1_662' title='bbox 1041 3197 1048 3204; x_wconf 93' lang='lat'><strong><em>.</em></strong></span> <span class='ocrx_word' id='word_1_663' title='bbox 1078 3172 1140 3206; x_wconf 86' lang='lat' dir='ltr'>Rei</span> 
     </span>
     <span class='ocr_line' id='line_1_107' title="bbox 260 3220 718 3264; baseline -0.002 -9"><span class='ocrx_word' id='word_1_664' title='bbox 260 3221 374 3255; x_wconf 86' lang='lat' dir='ltr'>seriem</span> <span class='ocrx_word' id='word_1_665' title='bbox 392 3220 538 3255; x_wconf 74' lang='lat' dir='ltr'>accurate</span> <span class='ocrx_word' id='word_1_666' title='bbox 556 3221 694 3264; x_wconf 86' lang='lat' dir='ltr'>exponit</span> <span class='ocrx_word' id='word_1_667' title='bbox 711 3244 718 3254; x_wconf 92' lang='lat'><strong>.</strong></span> 
     </span>
    </p>
   </div>
   <div class='ocr_carea' id='block_1_18' title="bbox 364 3420 798 3466">
    <p class='ocr_par' dir='ltr' id='par_1_20' title="bbox 364 3420 798 3466">
     <span class='ocr_line' id='line_1_108' title="bbox 364 3420 798 3466; baseline 0.007 -14"><span class='ocrx_word' id='word_1_668' title='bbox 364 3420 469 3463; x_wconf 74' lang='lat' dir='ltr'>christ.</span> <span class='ocrx_word' id='word_1_669' title='bbox 485 3426 563 3466; x_wconf 83' lang='lat' dir='ltr'>Lupi</span> <span class='ocrx_word' id='word_1_670' title='bbox 578 3426 662 3465; x_wconf 76' lang='lat' dir='ltr'>Oper.</span> <span class='ocrx_word' id='word_1_671' title='bbox 678 3424 798 3456; x_wconf 72' lang='lat' dir='ltr'>Tomll.</span> 
     </span>
    </p>
   </div>
   <div class='ocr_carea' id='block_1_19' title="bbox 1149 2383 1157 2578">
    <p class='ocr_par' dir='ltr' id='par_1_21' title="bbox 1149 2383 1157 2578">
     <span class='ocr_line' id='line_1_109' title="bbox 1149 2383 1157 2578; baseline 0 1158"><span class='ocrx_word' id='word_1_672' title='bbox 1149 2383 1157 2578; x_wconf 95' lang='lat' dir='ltr'> </span> 
     </span>
    </p>
   </div>
   <div class='ocr_carea' id='block_1_20' title="bbox 1199 2324 2080 2967">
    <p class='ocr_par' dir='ltr' id='par_1_22' title="bbox 1199 2324 2080 2967">
     <span class='ocr_line' id='line_1_110' title="bbox 1199 2324 2077 2367; baseline 0.001 -10"><span class='ocrx_word' id='word_1_673' title='bbox 1199 2325 1335 2367; x_wconf 85' lang='lat' dir='ltr'>publicae</span> <span class='ocrx_word' id='word_1_674' title='bbox 1347 2324 1540 2358; x_wconf 84' lang='lat' dir='ltr'>calamitatis</span> <span class='ocrx_word' id='word_1_675' title='bbox 1561 2324 1810 2358; x_wconf 84' lang='lat' dir='ltr'>fundamentum</span> <span class='ocrx_word' id='word_1_676' title='bbox 1823 2349 1833 2364; x_wconf 90' lang='lat'>‚</span> <span class='ocrx_word' id='word_1_677' title='bbox 1860 2335 2007 2367; x_wconf 86' lang='lat' dir='ltr'>parentes</span> <span class='ocrx_word' id='word_1_678' title='bbox 2020 2337 2077 2358; x_wconf 89' lang='lat' dir='ltr'>no-</span> 
     </span>
     <span class='ocr_line' id='line_1_111' title="bbox 1200 2373 2076 2416; baseline 0.001 -10"><span class='ocrx_word' id='word_1_679' title='bbox 1200 2375 1251 2407; x_wconf 86' lang='lat' dir='ltr'>stri</span> <span class='ocrx_word' id='word_1_680' title='bbox 1278 2385 1433 2409; x_wconf 82' lang='lat' dir='ltr'>notarunt</span> <span class='ocrx_word' id='word_1_681' title='bbox 1453 2373 1494 2408; x_wconf 90' lang='lat' dir='ltr'>de</span> <span class='ocrx_word' id='word_1_682' title='bbox 1517 2375 1673 2413; x_wconf 75' lang='lat' dir='ltr'>infamia,</span> <span class='ocrx_word' id='word_1_683' title='bbox 1701 2384 1921 2416; x_wconf 87' lang='lat' dir='ltr'>vocaruntque</span> <span class='ocrx_word' id='word_1_684' title='bbox 1938 2383 2076 2416; x_wconf 84' lang='lat' dir='ltr'>campum</span> 
     </span>
     <span class='ocr_line' id='line_1_112' title="bbox 1201 2424 2078 2468; baseline 0.002 -12"><span class='ocrx_word' id='word_1_685' title='bbox 1201 2427 1439 2458; x_wconf 77' lang='lat' dir='ltr'>mendaciorum.</span> <span class='ocrx_word' id='word_1_686' title='bbox 1467 2425 1510 2457; x_wconf 83' lang='lat' dir='ltr'>Et</span> <span class='ocrx_word' id='word_1_687' title='bbox 1523 2425 1708 2458; x_wconf 80' lang='lat' dir='ltr'>Hartonem</span> <span class='ocrx_word' id='word_1_688' title='bbox 1732 2424 1917 2468; x_wconf 76' lang='lat' dir='ltr'>Moguntiae</span> <span class='ocrx_word' id='word_1_689' title='bbox 1943 2424 2078 2468; x_wconf 85' lang='lat' dir='ltr'>Episco-</span> 
     </span>
     <span class='ocr_line' id='line_1_113' title="bbox 1207 2474 2079 2517; baseline 0.001 -10"><span class='ocrx_word' id='word_1_690' title='bbox 1207 2486 1302 2517; x_wconf 88' lang='lat' dir='ltr'>pum,</span> <span class='ocrx_word' id='word_1_691' title='bbox 1328 2474 1449 2516; x_wconf 67' lang='lat' dir='ltr'>acujus</span> <span class='ocrx_word' id='word_1_692' title='bbox 1471 2474 1603 2507; x_wconf 84' lang='lat' dir='ltr'>mentali</span> <span class='ocrx_word' id='word_1_693' title='bbox 1618 2474 1816 2507; x_wconf 69' lang='lat' dir='ltr'>resttistione</span> <span class='ocrx_word' id='word_1_694' title='bbox 1835 2474 1988 2517; x_wconf 89' lang='lat' dir='ltr'>deceptus</span> <span class='ocrx_word' id='word_1_695' title='bbox 2009 2475 2079 2508; x_wconf 86' lang='lat' dir='ltr'>Ru-</span> 
     </span>
     <span class='ocr_line' id='line_1_114' title="bbox 1202 2523 2077 2567; baseline 0 -10"><span class='ocrx_word' id='word_1_696' title='bbox 1202 2523 1310 2557; x_wconf 85' lang='lat' dir='ltr'>dolsus</span> <span class='ocrx_word' id='word_1_697' title='bbox 1323 2524 1467 2564; x_wconf 79' lang='lat' dir='ltr'>Comes,</span> <span class='ocrx_word' id='word_1_698' title='bbox 1494 2534 1529 2557; x_wconf 91' lang='lat' dir='ltr'>ut</span> <span class='ocrx_word' id='word_1_699' title='bbox 1542 2523 1728 2567; x_wconf 75' lang='lat' dir='ltr'>nequissime</span> <span class='ocrx_word' id='word_1_700' title='bbox 1739 2524 1929 2557; x_wconf 78' lang='lat' dir='ltr'>mendacem</span> <span class='ocrx_word' id='word_1_701' title='bbox 1958 2534 2077 2557; x_wconf 87' lang='lat' dir='ltr'>notant</span> 
     </span>
     <span class='ocr_line' id='line_1_115' title="bbox 1201 2573 2078 2617; baseline 0 -10"><span class='ocrx_word' id='word_1_702' title='bbox 1201 2575 1305 2607; x_wconf 70' lang='lat' dir='ltr'>cunsti</span> <span class='ocrx_word' id='word_1_703' title='bbox 1325 2575 1524 2608; x_wconf 86' lang='lat' dir='ltr'>Francorum</span> <span class='ocrx_word' id='word_1_704' title='bbox 1540 2574 1703 2607; x_wconf 86' lang='lat' dir='ltr'>Annales.</span> <span class='ocrx_word' id='word_1_705' title='bbox 1734 2573 1864 2615; x_wconf 80' lang='lat' dir='ltr'>Ipsum,</span> <span class='ocrx_word' id='word_1_706' title='bbox 1891 2575 2005 2616; x_wconf 79' lang='lat' dir='ltr'>utpote</span> <span class='ocrx_word' id='word_1_707' title='bbox 2017 2575 2078 2617; x_wconf 70' lang='lat' dir='ltr'>qui</span> 
     </span>
     <span class='ocr_line' id='line_1_116' title="bbox 1203 2622 2076 2668; baseline 0 -11"><span class='ocrx_word' id='word_1_708' title='bbox 1203 2623 1406 2666; x_wconf 83' lang='lat' dir='ltr'>Reipublicae</span> <span class='ocrx_word' id='word_1_709' title='bbox 1426 2623 1606 2658; x_wconf 88' lang='lat' dir='ltr'>commodo</span> <span class='ocrx_word' id='word_1_710' title='bbox 1630 2622 1771 2662; x_wconf 84' lang='lat' dir='ltr'>fecisset,</span> <span class='ocrx_word' id='word_1_711' title='bbox 1799 2624 1955 2668; x_wconf 87' lang='lat' dir='ltr'>quosdam</span> <span class='ocrx_word' id='word_1_712' title='bbox 1981 2635 2076 2657; x_wconf 81' lang='lat' dir='ltr'>excu-</span> 
     </span>
     <span class='ocr_line' id='line_1_117' title="bbox 1202 2672 2079 2717; baseline -0.002 -10"><span class='ocrx_word' id='word_1_713' title='bbox 1202 2675 1266 2707; x_wconf 83' lang='lat' dir='ltr'>sare</span> <span class='ocrx_word' id='word_1_714' title='bbox 1277 2683 1413 2707; x_wconf 87' lang='lat' dir='ltr'>conatos</span> <span class='ocrx_word' id='word_1_715' title='bbox 1435 2674 1574 2717; x_wconf 84' lang='lat' dir='ltr'>graviter</span> <span class='ocrx_word' id='word_1_716' title='bbox 1585 2674 1691 2717; x_wconf 81' lang='lat' dir='ltr'>arguit</span> <span class='ocrx_word' id='word_1_717' title='bbox 1712 2673 1797 2706; x_wconf 83' lang='lat' dir='ltr'>Otto</span> <span class='ocrx_word' id='word_1_718' title='bbox 1810 2672 1989 2716; x_wconf 86' lang='lat' dir='ltr'>Episcopus</span> <span class='ocrx_word' id='word_1_719' title='bbox 2012 2673 2079 2707; x_wconf 89' lang='lat' dir='ltr'>Fri-</span> 
     </span>
     <span class='ocr_line' id='line_1_118' title="bbox 1203 2722 2078 2766; baseline 0 -10"><span class='ocrx_word' id='word_1_720' title='bbox 1203 2723 1381 2766; x_wconf 76' lang='lat' dir='ltr'>fingenfis.</span> <span class='ocrx_word' id='word_1_721' title='bbox 1413 2724 1456 2757; x_wconf 88' lang='lat' dir='ltr'>Et</span> <span class='ocrx_word' id='word_1_722' title='bbox 1483 2724 1658 2757; x_wconf 76' lang='lat' dir='ltr'>sisbertum</span> <span class='ocrx_word' id='word_1_723' title='bbox 1692 2723 1807 2756; x_wconf 90' lang='lat' dir='ltr'>Toleti</span> <span class='ocrx_word' id='word_1_724' title='bbox 1829 2722 2078 2765; x_wconf 83' lang='lat' dir='ltr'>Archi-Episco-</span> 
     </span>
     <span class='ocr_line' id='line_1_119' title="bbox 1203 2772 2078 2816; baseline 0 -10"><span class='ocrx_word' id='word_1_725' title='bbox 1203 2784 1280 2816; x_wconf 88' lang='lat' dir='ltr'>pum</span> <span class='ocrx_word' id='word_1_726' title='bbox 1299 2773 1486 2816; x_wconf 83' lang='lat' dir='ltr'>degradavit</span> <span class='ocrx_word' id='word_1_727' title='bbox 1509 2774 1605 2806; x_wconf 72' lang='lat' dir='ltr'>Sexta</span> <span class='ocrx_word' id='word_1_728' title='bbox 1627 2773 1753 2806; x_wconf 83' lang='lat' dir='ltr'>decima</span> <span class='ocrx_word' id='word_1_729' title='bbox 1779 2772 1901 2806; x_wconf 87' lang='lat' dir='ltr'>ibidem</span> <span class='ocrx_word' id='word_1_730' title='bbox 1925 2773 2078 2815; x_wconf 83' lang='lat' dir='ltr'>Synodus</span> 
     </span>
     <span class='ocr_line' id='line_1_120' title="bbox 1205 2822 2079 2867; baseline 0 -11"><span class='ocrx_word' id='word_1_731' title='bbox 1205 2835 1244 2856; x_wconf 87' lang='lat' dir='ltr'>ex</span> <span class='ocrx_word' id='word_1_732' title='bbox 1267 2834 1303 2857; x_wconf 86' lang='lat' dir='ltr'>ea</span> <span class='ocrx_word' id='word_1_733' title='bbox 1316 2823 1382 2856; x_wconf 82' lang='lat' dir='ltr'>sola</span> <span class='ocrx_word' id='word_1_734' title='bbox 1405 2825 1519 2861; x_wconf 87' lang='lat' dir='ltr'>causa,</span> <span class='ocrx_word' id='word_1_735' title='bbox 1545 2822 1635 2866; x_wconf 82' lang='lat' dir='ltr'>quod</span> <span class='ocrx_word' id='word_1_736' title='bbox 1657 2823 1689 2855; x_wconf 80' lang='lat' dir='ltr'>in</span> <span class='ocrx_word' id='word_1_737' title='bbox 1714 2824 1794 2855; x_wconf 64' lang='lat' dir='ltr'>faesia</span> <span class='ocrx_word' id='word_1_738' title='bbox 1816 2823 1967 2856; x_wconf 89' lang='lat' dir='ltr'>Domino</span> <span class='ocrx_word' id='word_1_739' title='bbox 1990 2823 2079 2867; x_wconf 88' lang='lat' dir='ltr'>Regi</span> 
     </span>
     <span class='ocr_line' id='line_1_121' title="bbox 1206 2872 2080 2914; baseline 0 -8"><span class='ocrx_word' id='word_1_740' title='bbox 1206 2873 1396 2914; x_wconf 86' lang='lat' dir='ltr'>profeffione</span> <span class='ocrx_word' id='word_1_741' title='bbox 1409 2873 1592 2906; x_wconf 73' lang='lat' dir='ltr'>mentaliter</span> <span class='ocrx_word' id='word_1_742' title='bbox 1619 2872 1838 2906; x_wconf 72' lang='lat' dir='ltr'>restrinxisset.</span> <span class='ocrx_word' id='word_1_743' title='bbox 1867 2873 1908 2905; x_wconf 89' lang='lat' dir='ltr'>Et</span> <span class='ocrx_word' id='word_1_744' title='bbox 1922 2872 2080 2906; x_wconf 83' lang='lat' dir='ltr'>Carolum</span> 
     </span>
     <span class='ocr_line' id='line_1_122' title="bbox 1205 2920 2078 2967; baseline -0.002 -11"><span class='ocrx_word' id='word_1_745' title='bbox 1205 2923 1370 2967; x_wconf 87' lang='lat' dir='ltr'>Magnum</span> <span class='ocrx_word' id='word_1_746' title='bbox 1391 2947 1401 2962; x_wconf 91' lang='lat'>‚</span> <span class='ocrx_word' id='word_1_747' title='bbox 1430 2934 1484 2966; x_wconf 86' lang='lat' dir='ltr'>per</span> <span class='ocrx_word' id='word_1_748' title='bbox 1509 2934 1606 2966; x_wconf 86' lang='lat' dir='ltr'>quem</span> <span class='ocrx_word' id='word_1_749' title='bbox 1639 2920 1789 2956; x_wconf 66' lang='lat' dir='ltr'>Thass‘ilo</span> <span class='ocrx_word' id='word_1_750' title='bbox 1813 2922 1951 2956; x_wconf 81' lang='lat' dir='ltr'>Bavariae</span> <span class='ocrx_word' id='word_1_751' title='bbox 1978 2924 2078 2963; x_wconf 74' lang='lat' dir='ltr'>Dux„</span> 
     </span>
    </p>
   </div>
   <div class='ocr_carea' id='block_1_21' title="bbox 1203 2971 2089 3015">
    <p class='ocr_par' dir='ltr' id='par_1_23' title="bbox 1203 2971 2089 3015">
     <span class='ocr_line' id='line_1_123' title="bbox 1203 2971 2089 3015; baseline -0.001 -10"><span class='ocrx_word' id='word_1_752' title='bbox 1203 2975 1282 3015; x_wconf 85' lang='lat' dir='ltr'>quod</span> <span class='ocrx_word' id='word_1_753' title='bbox 1296 2975 1409 3014; x_wconf 73' lang='lat' dir='ltr'>jurans</span> <span class='ocrx_word' id='word_1_754' title='bbox 1421 2974 1509 3005; x_wconf 74' lang='lat' dir='ltr'>aliter</span> <span class='ocrx_word' id='word_1_755' title='bbox 1534 2979 1565 3005; x_wconf 85' lang='lat' dir='ltr'>in</span> <span class='ocrx_word' id='word_1_756' title='bbox 1579 2982 1675 3005; x_wconf 80' lang='lat' dir='ltr'>mente</span> <span class='ocrx_word' id='word_1_757' title='bbox 1700 2971 1877 3014; x_wconf 68' lang='lat' dir='ltr'>retinuisset,</span> <span class='ocrx_word' id='word_1_758' title='bbox 1905 2972 2089 3006; x_wconf 44' lang='lat' dir='ltr'>damnatus*</span> 
     </span>
    </p>
   </div>
   <div class='ocr_carea' id='block_1_22' title="bbox 1206 3022 2086 3465">
    <p class='ocr_par' dir='ltr' id='par_1_24' title="bbox 1206 3022 2086 3465">
     <span class='ocr_line' id='line_1_124' title="bbox 1207 3022 2077 3066; baseline -0.002 -10"><span class='ocrx_word' id='word_1_759' title='bbox 1207 3022 1332 3066; x_wconf 85' lang='lat' dir='ltr'>perjurii</span> <span class='ocrx_word' id='word_1_760' title='bbox 1361 3047 1371 3063; x_wconf 93' lang='lat'>,</span> <span class='ocrx_word' id='word_1_761' title='bbox 1409 3023 1541 3055; x_wconf 81' lang='lat' dir='ltr'>laudant</span> <span class='ocrx_word' id='word_1_762' title='bbox 1577 3022 1686 3064; x_wconf 80' lang='lat' dir='ltr'>pallim</span> <span class='ocrx_word' id='word_1_763' title='bbox 1719 3022 1847 3066; x_wconf 88' lang='lat' dir='ltr'>antiqui</span> <span class='ocrx_word' id='word_1_764' title='bbox 1881 3022 2077 3065; x_wconf 84' lang='lat' dir='ltr'>Scriptores.</span> 
     </span>
     <span class='ocr_line' id='line_1_125' title="bbox 1206 3071 2083 3115; baseline 0.001 -10"><span class='ocrx_word' id='word_1_765' title='bbox 1206 3073 1356 3106; x_wconf 74' lang='lat' dir='ltr'>Sanstum</span> <span class='ocrx_word' id='word_1_766' title='bbox 1390 3071 1522 3104; x_wconf 86' lang='lat' dir='ltr'>Petrum</span> <span class='ocrx_word' id='word_1_767' title='bbox 1557 3071 1759 3114; x_wconf 52' lang='lat' dir='ltr'>Apostolum,</span> <span class='ocrx_word' id='word_1_768' title='bbox 1781 3096 1791 3112; x_wconf 94' lang='lat'>‚</span> <span class='ocrx_word' id='word_1_769' title='bbox 1828 3072 1916 3115; x_wconf 91' lang='lat' dir='ltr'>quod</span> <span class='ocrx_word' id='word_1_770' title='bbox 1951 3072 2083 3106; x_wconf 65' lang='lat' dir='ltr'>ancilla</span> 
     </span>
     <span class='ocr_line' id='line_1_126' title="bbox 1206 3120 2081 3164; baseline -0.002 -9"><span class='ocrx_word' id='word_1_771' title='bbox 1206 3122 1340 3155; x_wconf 71' lang='lat' dir='ltr'>ostiariae</span> <span class='ocrx_word' id='word_1_772' title='bbox 1360 3120 1400 3154; x_wconf 93' lang='lat' dir='ltr'>de</span> <span class='ocrx_word' id='word_1_773' title='bbox 1420 3120 1553 3154; x_wconf 82' lang='lat' dir='ltr'>Christo</span> <span class='ocrx_word' id='word_1_774' title='bbox 1583 3121 1753 3161; x_wconf 79' lang='lat' dir='ltr'>Domino,</span> <span class='ocrx_word' id='word_1_775' title='bbox 1779 3132 1877 3164; x_wconf 80' lang='lat' dir='ltr'>quem</span> <span class='ocrx_word' id='word_1_776' title='bbox 1891 3123 2000 3155; x_wconf 90' lang='lat' dir='ltr'>Deum</span> <span class='ocrx_word' id='word_1_777' title='bbox 2021 3132 2081 3154; x_wconf 77' lang='lat' dir='ltr'>no-</span> 
     </span>
     <span class='ocr_line' id='line_1_127' title="bbox 1207 3169 2086 3213; baseline -0.001 -9"><span class='ocrx_word' id='word_1_778' title='bbox 1207 3181 1253 3204; x_wconf 86' lang='lat' dir='ltr'>rat</span> <span class='ocrx_word' id='word_1_779' title='bbox 1274 3195 1284 3210; x_wconf 95' lang='lat'>,</span> <span class='ocrx_word' id='word_1_780' title='bbox 1310 3169 1437 3203; x_wconf 75' lang='lat' dir='ltr'>dixisset</span> <span class='ocrx_word' id='word_1_781' title='bbox 1460 3193 1472 3209; x_wconf 85' lang='lat'>‚</span> <span class='ocrx_word' id='word_1_782' title='bbox 1496 3175 1568 3202; x_wconf 91' lang='lat' dir='ltr'>Non</span> <span class='ocrx_word' id='word_1_783' title='bbox 1589 3175 1658 3203; x_wconf 64' lang='lat' dir='ltr'>novi</span> <span class='ocrx_word' id='word_1_784' title='bbox 1685 3170 1828 3204; x_wconf 79' lang='lat' dir='ltr'>bominem</span> <span class='ocrx_word' id='word_1_785' title='bbox 1852 3196 1862 3211; x_wconf 94' lang='lat'>,</span> <span class='ocrx_word' id='word_1_786' title='bbox 1890 3172 1997 3205; x_wconf 90' lang='lat' dir='ltr'>nescio</span> <span class='ocrx_word' id='word_1_787' title='bbox 2023 3171 2086 3213; x_wconf 70' lang='lat' dir='ltr'>qui</span> 
     </span>
     <span class='ocr_line' id='line_1_128' title="bbox 1207 3220 2084 3264; baseline 0.001 -11"><span class='ocrx_word' id='word_1_788' title='bbox 1207 3221 1317 3253; x_wconf 72' lang='lat' dir='ltr'>olima</span> <span class='ocrx_word' id='word_1_789' title='bbox 1346 3220 1518 3253; x_wconf 82' lang='lat' dir='ltr'>mendacio</span> <span class='ocrx_word' id='word_1_790' title='bbox 1529 3220 1601 3253; x_wconf 79' lang='lat' dir='ltr'>sunt</span> <span class='ocrx_word' id='word_1_791' title='bbox 1625 3232 1761 3264; x_wconf 63' lang='lat' dir='ltr'>:purgare</span> <span class='ocrx_word' id='word_1_792' title='bbox 1773 3221 1883 3254; x_wconf 87' lang='lat' dir='ltr'>conati</span> <span class='ocrx_word' id='word_1_793' title='bbox 1899 3234 1915 3253; x_wconf 78' lang='lat'>:-</span> <span class='ocrx_word' id='word_1_794' title='bbox 1937 3221 2084 3255; x_wconf 73' lang='lat' dir='ltr'>Eosam-</span> 
     </span>
     <span class='ocr_line' id='line_1_129' title="bbox 1211 3268 2081 3314; baseline 0.001 -11"><span class='ocrx_word' id='word_1_795' title='bbox 1211 3269 1259 3314; x_wconf 72' lang='lat' dir='ltr'>ple</span> <span class='ocrx_word' id='word_1_796' title='bbox 1270 3271 1302 3303; x_wconf 76' lang='grc' dir='ltr'>ὅτ</span> <span class='ocrx_word' id='word_1_797' title='bbox 1316 3270 1441 3303; x_wconf 77' lang='lat' dir='ltr'>erudite</span> <span class='ocrx_word' id='word_1_798' title='bbox 1453 3272 1487 3303; x_wconf 86' lang='lat' dir='ltr'>in</span> <span class='ocrx_word' id='word_1_799' title='bbox 1497 3269 1586 3304; x_wconf 84' lang='lat' dir='ltr'>libris</span> <span class='ocrx_word' id='word_1_800' title='bbox 1597 3269 1636 3304; x_wconf 88' lang='lat' dir='ltr'>de</span> <span class='ocrx_word' id='word_1_801' title='bbox 1649 3270 1797 3304; x_wconf 74' lang='lat' dir='ltr'>Lotharii</span> <span class='ocrx_word' id='word_1_802' title='bbox 1811 3270 1914 3314; x_wconf 69' lang='lat' dir='ltr'>Regis</span> <span class='ocrx_word' id='word_1_803' title='bbox 1935 3268 2081 3305; x_wconf 64' lang='lat' dir='ltr'>divortio</span> 
     </span>
     <span class='ocr_line' id='line_1_130' title="bbox 1211 3318 2085 3361; baseline -0.002 -7"><span class='ocrx_word' id='word_1_804' title='bbox 1211 3320 1343 3354; x_wconf 80' lang='lat' dir='ltr'>revincit</span> <span class='ocrx_word' id='word_1_805' title='bbox 1378 3319 1576 3354; x_wconf 76' lang='lat' dir='ltr'>Hincmarus</span> <span class='ocrx_word' id='word_1_806' title='bbox 1624 3319 1838 3361; x_wconf 78' lang='lat' dir='ltr'>Metropolita</span> <span class='ocrx_word' id='word_1_807' title='bbox 1875 3318 2045 3354; x_wconf 83' lang='lat' dir='ltr'>Remenfis</span> <span class='ocrx_word' id='word_1_808' title='bbox 2070 3345 2085 3360; x_wconf 78' lang='lat'>,</span> 
     </span>
     <span class='ocr_line' id='line_1_131' title="bbox 1212 3368 2085 3413; baseline 0.002 -10"><span class='ocrx_word' id='word_1_809' title='bbox 1212 3368 1385 3404; x_wconf 85' lang='lat' dir='ltr'>ostendens</span> <span class='ocrx_word' id='word_1_810' title='bbox 1406 3370 1556 3413; x_wconf 69' lang='lat' dir='ltr'>juratoria</span> <span class='ocrx_word' id='word_1_811' title='bbox 1578 3371 1610 3404; x_wconf 72' lang='grc' dir='ltr'>ὅ(</span> <span class='ocrx_word' id='word_1_812' title='bbox 1631 3370 1747 3410; x_wconf 66' lang='lat' dir='ltr'>qumvis</span> <span class='ocrx_word' id='word_1_813' title='bbox 1772 3368 1835 3404; x_wconf 82' lang='lat' dir='ltr'>alia</span> <span class='ocrx_word' id='word_1_814' title='bbox 1857 3369 1953 3405; x_wconf 78' lang='lat' dir='ltr'>verba</span> <span class='ocrx_word' id='word_1_815' title='bbox 1977 3395 1987 3410; x_wconf 93' lang='lat'>,</span> <span class='ocrx_word' id='word_1_816' title='bbox 2014 3381 2085 3405; x_wconf 74' lang='lat' dir='ltr'>non</span> 
     </span>
     <span class='ocr_line' id='line_1_132' title="bbox 1611 3418 2038 3465; baseline 0.005 -13"><span class='ocrx_word' id='word_1_817' title='bbox 1611 3418 1646 3452; x_wconf 89' lang='lat' dir='ltr'>N</span> <span class='ocrx_word' id='word_1_818' title='bbox 1675 3427 1700 3454; x_wconf 67' lang='grc' dir='ltr'>τ),</span> <span class='ocrx_word' id='word_1_819' title='bbox 1945 3420 2038 3465; x_wconf 57' lang='lat' dir='ltr'>juxti</span> 
     </span>
    </p>
   </div>
  </div>
 </body>
</html>
