2340 3736
114 1892 123 1901 .
146 1880 191 1902 10.

92 2138 123 2207 ez*

634 82 702 120 be
738 74 963 133 Qimra
998 69 1241 117 Sinone>
1275 81 1594 113 Genauam.
1883 69 1978 126 189

241 159 281 194 e‘a'
297 162 411 192 ratione
426 180 438 197 ‚
463 166 523 199 qua
543 150 588 188 ad
606 151 768 196 propbetas
782 152 903 196 fadum
924 154 962 195 est
984 153 1111 189 Verbum

241 211 385 247 Domini,
401 205 523 248 sallum
542 205 594 248 effe
615 204 744 237 Verbum
764 205 958 248 &advenisse
980 211 1013 238 in
1023 204 1101 238 Chri

238 258 317 298 stum
339 254 490 297 licbfinem
505 252 675 298 seculorum
688 278 698 294 ,
718 251 775 297 sed
794 253 890 297 ipsum
901 254 1029 288 Verbum
1049 266 1112 288 car·

243 318 311 341 nem
329 305 382 348 effe
394 303 514 346 fadum
526 328 536 344 ,
562 305 597 338 δ’
615 305 680 338 cum
700 304 765 346 effer
787 304 935 346 informa
946 307 1005 338 Dei
1017 329 1027 344 ,
1040 303 1109 346 for·

243 353 418 398 mamservi
434 352 613 397 adficmpfiffe
624 379 635 395 ,
662 355 745 388 &ex
758 357 860 387 Marta
870 376 882 393 ,
905 354 1051 397 quantum
1070 354 1116 386 ad

237 414 363 442 tarnem
371 409 481 437 attinet
494 428 505 443 ,
529 404 674 438 hominem
685 401 878 447 effi-genitum
887 403 1113 446 hominumgra-

241 460 307 494 tia,
335 461 421 495 eoque
439 455 521 486 modo
540 453 703 487 humanum
720 464 816 497 genus
829 452 925 495 solide
945 454 981 486 (θ’
1001 454 1114 494 integre*

241 503 402 539 liberatum
423 508 455 536 in
475 501 566 546 ipsos?
573 512 691 545 peccato
702 524 717 542 ς
734 503 798 536 &a
815 509 906 535 morte
928 500 1114 540 vivificatum

242 553 389 587 introduci
411 558 445 585 tn
463 564 553 597 regna
574 555 731 587 coelorum.»
749 547 915 585 Adversus
937 552 1034 585 istum
1047 562 1115 594 par-

243 602 474 642 timerrorem,
504 604 618 645 partim
640 601 755 636 erroris
776 600 989 643 suspicionem
1010 601 1112 644 dispu-

245 662 295 688 tat
314 651 565 696 frequentissime
587 650 671 685 idem
692 649 910 689 Athanafius,
937 650 1022 685 hanc
1046 662 1115 694 pro-

246 703 441 747 positionem
454 725 464 742 ‚
492 703 570 733 Deus
589 700 717 733 Verbum
739 699 777 740 est
797 700 951 742 crucifixus
971 725 982 741 ,
1006 699 1113 734 defen-

247 753 328 786 dens
350 749 622 789 constantissime,
646 751 858 793 &exponens
876 750 1047 796 quomodo
1064 749 1116 784 ad-

248 804 377 844 sumpta
398 801 431 833 in
445 798 546 832 Verbi
558 798 741 842 hypostasin
765 798 950 834 humanitas
969 799 1117 834 adoretur

247 850 317 885 fine
330 848 511 883 1d01012tria
522 873 533 889 ,
541 860 598 882 aut
609 850 721 893 quavis
732 850 862 883 Divinae
873 850 1059 892 Majestatis-
1072 849 1119 882 in-

247 900 351 944 juria.-
377 896 480 946 Qtod
504 909 622 942 nempe
642 899 734 934 Deus
755 898 962 939 benedietus,
987 899 1044 943 qui
1056 899 1118 932 sese

248 950 270 996 ἡ
287 948 403 993 Judaeis
422 948 456 981 in
476 959 549 982 arca
569 948 753 983 testamenti
765 973 777 988 ‚
801 947 943 993 ideoque
961 948 995 981 δε
1014 959 1118 982 arcam

249 999 345 1034 istam
368 999 476 1032 secum
496 997 621 1033 adorari
644 998 754 1042 juffit,
779 999 879 1043 longe
899 999 1005 1043 magis
1022 999 1056 1031 in
1069 998 1120 1032 ad·

249 1050 379 1092 sumpta
397 1058 512 1088 carne,
538 1059 609 1090 quae
629 1049 675 1083 est
693 1047 916 1092 prophetantis
931 1060 1010 1082 arcae
1020 1048 1122 1083 adim·

251 1098 376 1144 pletrix
400 1097 516 1131 veritas
535 1122 547 1139 ‚
571 1098 693 1142 jusserit
713 1100 747 1133 δε
764 1098 872 1141 jubeat
893 1097 1037 1133 adorari.
1064 1098 1125 1132 La-

250 1148 314 1184 tria
337 1146 444 1182 nostra
462 1148 614 1182 insolum
636 1149 768 1191 Deum,
794 1160 863 1184 non
885 1148 920 1182 in
940 1158 1048 1182 arcam
1069 1158 1123 1181 aut

250 1196 494 1233 huma-nitatem
519 1198 627 1233 tendit
646 1211 659 1232 .-
683 1197 871 1233 Adoramus
895 1198 1009 1231 Deum
1029 1208 1125 1231 carne

251 1247 403 1282 vestitum
415 1270 424 1278 .
449 1245 554 1280 Porro
574 1259 616 1282 ex
636 1249 786 1292 suspectis
808 1248 877 1282 istis
895 1248 981 1281 fuere
1003 1244 1126 1280 Diodo-

251 1308 308 1333 tus
327 1307 365 1330 ac
387 1294 609 1330 Theodorus:
636 1297 688 1330 Ex
708 1297 782 1342 ipsis
800 1295 1010 1341 postmodum
1032 1306 1127 1330 emer·
1146 1303 1148 1305 ’

253 1357 337 1393 gens
347 1345 519 1380 Nestorius
528 1346 744 1390 suspicionem
754 1347 896 1390 graviter
905 1348 996 1380 auxit
1009 1367 1021 1384 ‚
1044 1357 1128 1380 eam-

255 1407 322 1441 que
342 1405 404 1440 pro
421 1405 508 1430 certa
545 1395 675 1430 scientia
696 1396 802 1431 nostra
824 1396 978 1439 Synodus
989 1396 1128 1438 accepit.

254 1447 303 1482 Et
324 1444 435 1479 addit:
462 1446 602 1479 Porreaea
615 1446 689 1488 sunt
711 1446 870 1488 Theophila
891 1450 926 1480 Φ·
944 1452 1038 1488 impia
1055 1451 1133 1487 capi·

255 1499 323 1536 sula
341 1506 381 1532 ex
399 1495 544 1529 codicibus
566 1495 725 1529 Theodori.
750 1497 798 1530 Ita
821 1496 963 1530 ostendit
974 1495 1133 1529 Theodo-

255 1557 329 1580 rum
347 1546 448 1580 etiam
470 1545 506 1580 in
530 1545 597 1581 vita
618 1547 674 1580 sua
694 1545 790 1585 fuisse
810 1546 952 1591 graviter
968 1545 1010 1580 de
1024 1544 1131 1579 haerefi

256 1597 456 1638 suspestum.

310 1644 463 1688 Sequitur
483 1643 517 1677 in
533 1642 623 1679 Actis
641 1643 861 1688 synodalibus
874 1658 884 1678 τ
908 1648 963 1678 Ex
974 1644 1021 1677 bis
1033 1668 1043 1683 ,
1070 1655 1136 1686 quae

258 1692 459 1728 Theodoretus
484 1694 648 1735 defendens
672 1694 854 1729 Theodorum
875 1705 979 1728 contra
1002 1695 1140 1733 cyrillum

257 1742 390 1788 stripsr‘ir,
412 1752 544 1785 perquae
555 1743 745 1782 testimonium
764 1746 903 1786 perhibet
926 1746 1004 1777 idem
1013 1744 1136 1776 Theodo-

260 1802 344 1827 retus
357 1817 369 1832 ,
392 1794 473 1835 quod
494 1792 635 1825 Theodori
649 1793 709 1834 sim
729 1794 793 1833 1·stae
813 1800 980 1835 impietates
999 1816 1013 1833 ,
1037 1804 1138 1827 contra

262 1854 340 1888 quas
361 1842 488 1875 sunaus
510 1842 774 1885 Cyrillusscripfit.
804 1844 886 1887 Agit
898 1842 1140 1886 Synodmcon-

262 1891 313 1927 tra
324 1891 510 1927 Liberatum
522 1892 711 1927 Diaconum
722 1892 1011 1937 Carthaginensem
1025 1917 1038 1932 ‚
1062 1904 1140 1927 con-

264 1942 386 1977 stanter
398 1941 635 1976 adseverantem
659 1943 775 1983 libros,
804 1946 861 1985 qui
875 1942 933 1977 sub
954 1943 1060 1977 Sanffl
1074 1943 1146 1985 Cy·

265 1991 333 2026 silli
345 1992 481 2025 nomine
502 1992 653 2026 adversus
671 1992 892 2027 Theodorum
914 1992 1141 2029 circumferun-

1173 153 1285 197 pellari
1298 152 1408 186 Deum
1421 175 1432 191 ‚
1456 152 1545 194 quod
1556 154 1695 187 nnciam
1707 150 1881 197 Virginem
1891 154 1954 188 effe
1964 152 2044 189 Dei·

1175 214 1282 246 param
1295 202 1457 237 inficietur
1467 226 1474 232 -
1504 202 1557 235 Ex
1568 213 1633 243 quo
1645 202 1802 237 conclusit
1813 203 1965 245 Synodus
1976 214 2043 238 ver-

1174 252 1213 287 ba
1236 252 1301 288 haec
1315 276 1326 293 ,
1352 255 1437 285 Bono
1458 250 1627 292 Theodoro,
1652 252 1670 285 a
1682 254 1796 288 Sansto
1810 251 1941 295 Cyrillo
1958 252 2044 286 dicia

1174 303 1267 338 fuisse
1287 313 1342 346 per
1362 302 1501 336 ironiam
1519 325 1526 332 .
1558 300 1720 336 Laudatus
1745 301 1944 336 Theodulus
1963 301 2044 346 legit

1174 352 1251 387 item
1264 352 1368 387 varias
1391 347 1660 393 Sansti'Gregorii
1673 350 1869 386 Nazianzeni
1879 351 1920 385 ad
1930 349 2047 385 Theo-

1173 403 1289 438 dorum
1310 402 1451 437 litteras:
1477 399 1523 434 ast
1536 399 1746 443 Thyanenfis
1767 401 1911 436 Ecclefiae
1921 399 2046 434 Metro,-

1174 452 1312 496 politam
1336 476 1347 493 ,
1375 461 1580 496 nequaquam
1615 449 1813 492 Episcopum
1844 449 2047 494 Mopsueste·

1174 513 1273 536 num‹
1299 500 1509 536 Lucidiffime
1529 499 1560 533 id
1573 499 1635 533 fuit
1656 498 1928 534 demonstratum.
1956 500 2047 534 Con·

1176 551 1314 586 firmavit
1338 551 1525 595 Euphranta
1545 547 1753 591 Thyanenfis
1778 547 1976 592 Episcopus,
2001 550 2048 583 se·

1175 601 1289 634 cundae
1309 600 1524 645 Cappadociae
1543 597 1776 641 Metropolita:
1802 598 1972 640 Semetipsos
1994 599 2045 631 de-

1176 655 1311 692 cipiunt,
1334 655 1387 692 qui
1403 657 1514 692 putant
1530 651 1611 691 quod
1627 652 1783 692 Gregorlus
1800 660 1820 680 a
1869 646 2046 679 Theodorum

1178 698 1408 743 Mopsuestenum
1413 698 1526 742 scripsit
1536 705 1676 732 recitatas
1688 701 1720 731 E
1716 697 1838 740 pistolas
1849 720 1857 728 .
1883 699 1950 739 Ego
1958 701 2050 735 em‘m,

1178 759 1213 784 ut
1228 748 1444 790 &Thyanensts
1469 748 1631 790 Episcopus
1643 773 1653 787 ,
1679 750 1715 781 ό*
1731 746 1798 790 ipsit
1818 755 1882 779 ortu
1923 748 2054 778 Provin-

1177 805 1244 840 cia,
1270 805 1431 833 veritatem
1455 808 1585 840 expono.
1612 797 1780 831 Theodorus
1803 794 1968 839 Episcopus
1985 793 2052 835 ficit

1179 855 1211 882 in
1221 860 1286 882 mea
1305 855 1431 883 civitate
1454 847 1632 890 temporibus
1649 847 1734 880 beati
1753 850 1906 889 Gregorii:
1935 844 2055 877 Praedt·
2120 855 2123 858 ⁴

1179 907 1262 933 catur
1272 905 1354 933 enim
1372 904 1405 931 in
1410 897 1506 941 sacris
1517 896 1661 939 dypnchis
1674 921 1683 928 .
1708 896 1810 944 Qiod
1823 896 1931 939 ipsum
1942 891 2055 927 Theo-

1182 949 1287 982 dosius
1297 949 1430 982 Mociffi
1451 948 1504 981 seu
1515 947 1705 990 Justinianae
1727 946 1928 989 Episcopus,
1954 943 2060 978 tertiae

1184 998 1400 1042 Cappadociae
1409 997 1624 1041 Metropolita
1637 1021 1650 1037 ,
1673 996 1718 1029 est
1733 996 1901 1029 attestatus
1911 1020 1919 1027 .
1947 994 1991 1027 Et
2002 1003 2058 1036 per

1184 1048 1318 1082 adducta
1333 1046 1395 1081 huc
1418 1048 1517 1089 usque
1537 1047 1725 1081 testimonia
1740 1044 1939 1079 existimavit
1953 1044 2059 1086 Syno-

1184 1098 1245 1131 dus
1268 1095 1489 1131 Theodorum
1513 1095 1556 1130 de
1578 1095 1685 1130 haesefi
1705 1095 1769 1130 esse
1793 1093 1923 1130 abunde
1946 1092 2065 1131 couvi-f

1186 1149 1290 1181 stum.

1237 1197 1354 1240 Longa
1376 1195 1410 1229 ὃ(
1421 1194 1534 1229 odiosa
1553 1194 1597 1228 est
1609 1192 1675 1229 haec
1687 1194 1817 1238 quaestio
1827 1219 1839 1235 ‚
1864 1192 1904 1227 de
1927 1203 1990 1236 qua
2002 1192 2062 1226 Fa-

1187 1246 1314 1280 cundus
1334 1245 1576 1279 Hermianenfis
1600 1245 1777 1288 Episcopus
1796 1243 1915 1287 scripsit
1941 1241 2065 1277 duode-

1190 1297 1255 1330 cim
1276 1293 1373 1328 libros
1393 1296 1465 1329 vete
1491 1294 1650 1329 facundos
1673 1318 1683 1334 ‚
1708 1294 1881 1328 adfirmans
1904 1291 2064 1329 Theodo-

1186 1357 1262 1380 rum
1288 1345 1329 1379 de
1354 1355 1429 1378 toto
1455 1342 1643 1378 Christiano
1668 1345 1825 1388 dogmate
1848 1367 1858 1383 ,
1884 1342 2067 1377 Dominica

1194 1395 1359 1438 praeserrim
1382 1393 1615 1428 humanatione
1636 1418 1647 1434 ,
1674 1396 1796 1427 scotum
1814 1403 1868 1435 per
1890 1393 2002 1426 omnia
2022 1391 2068 1423 sa-

1194 1446 1296 1489 puiss'e
1313 1446 1349 1479 ἃ.
1367 1445 1514 1487 scripsisse
1532 1469 1544 1485 ‚
1570 1444 1665 1478 fassus
1689 1444 1821 1477 interim
1843 1441 1989 1485 quaedam
2013 1439 2070 1474 ad-

1199 1495 1304 1530 versus
1325 1494 1571 1537 Apollinarium
1585 1518 1596 1533 ,
1620 1494 1764 1528 Domini
1787 1503 1916 1526 naturas
1930 1491 2071 1525 confun-

1197 1546 1349 1582 dentem,
1374 1544 1491 1577 dixisse
1509 1543 1643 1577 liberius
1664 1555 1702 1576 ac
1723 1541 1854 1581 durius,
1882 1541 2001 1585 quibus
2025 1548 2072 1572 ta-

1197 1605 1272 1629 men
1283 1593 1370 1627 varia
1382 1593 1533 1627 liberiora
1547 1603 1646 1637 atque
1655 1593 1784 1626 duriora
1804 1592 1945 1634 reperias
1957 1591 1989 1623 in
2003 1590 2073 1626 san-¹

1199 1647 1250 1678 &o
1263 1643 1413 1677 Eustatio
1434 1641 1671 1682 Antiocheno,
1697 1640 1862 1684 Dionyfio
1881 1639 2075 1675 Alexandri·

1202 1706 1244 1728 no
1271 1718 1282 1734 ‚
1307 1690 1487 1727 Athanasio
1513 1717 1524 1732 ,
1552 1692 1698 1735 pluribus
1725 1692 1877 1726 Patribus
1903 1715 1914 1731 ‚
1940 1702 1977 1724 ac
2004 1689 2078 1732 ipso

1200 1744 1298 1778 etiam
1321 1744 1438 1777 Sansto
1448 1742 1579 1786 cyrillo
1593 1768 1603 1776 .
1627 1742 1708 1785 Ejus
1728 1741 1841 1775 omnia
1861 1740 1966 1775 asserit
1989 1737 2076 1773 trahi

1202 1794 1288 1837 posse
1308 1792 1342 1825 in
1356 1794 1468 1826 sanum
1482 1794 1606 1826 sensum
1627 1791 1726 1836 longe
1738 1790 1865 1826 facilius
1878 1816 1887 1831 ,
1912 1790 2011 1834 quam
2031 1788 2078 1822 di·

1201 1846 1248 1878 sta
1259 1843 1363 1877 Sansti
1377 1842 1532 1885 Dionysii
1544 1842 1760 1876 Alexandrini
1773 1866 1784 1882 ‚
1805 1842 1850 1875 ita
1862 1842 1959 1875 tracta
1971 1840 1989 1872 a
2002 1840 2082 1873 San-

1201 1896 1250 1927 ἑὶο
1273 1892 1472 1927 Athanasio.
1503 1890 1674 1937 Qidquid
1698 1892 1744 1925 ita.
1765 1890 1851 1925 trahi
1873 1902 1943 1924 non
1964 1888 2083 1932 poffit,

1203 1944 1247 1976 ait
1264 1954 1331 1976 non
1346 1939 1408 1976 esse
1418 1941 1596 1975 Theodori
1613 1965 1626 1980 ‚
1651 1941 1704 1974 sed
1717 1941 1785 1983 ejus
1797 1940 1888 1974 libris
1898 1939 2084 1974 dolo-seim—

1203 1993 1332 2026 minum
1353 1992 1394 2025 ab
1416 1991 1659 2034 Apollinaristis
1677 2016 1687 2031 ,
1716 1990 1910 2033 peritissimis
1931 1989 2084 2022 similium

1203 2042 1345 2080 artium,
1370 2052 1406 2075 ac
1426 2041 1461 2074 in
1475 2041 1664 2074 Diodorum
1684 2051 1781 2083 atque
1791 2038 2014 2074 Theodorum
2036 2049 2088 2071 ca·

1204 2091 1444 2125 lumniosiffime
1458 2091 1617 2124 inimicis.
1646 2089 1786 2133 Antiqui
1799 2089 2003 2128 testamenti,
2019 2089 2087 2121 Da·

1205 2141 1384 2174 vidicorum
1417 2135 1585 2183 'praeserrim
1615 2139 1819 2172 psalmorum
1845 2163 1856 2178 ‚
1882 2138 1926 2172 de
1949 2137 2088 2171 Christo

1206 2190 1356 2224 Domino
1376 2188 1568 2233 prophetias
1593 2189 1626 2222 &
1652 2183 1873 2232 p'romiffiones
1896 2188 2084 2222 constanter

1206 2240 1381 2274 adfirmata
1393 2238 1581 2272 Theodoro
1605 2250 1711 2283 neque
1732 2239 1843 2283 negari
1858 2263 1868 2279 ‚
1895 2249 2000 2281 neque
2012 2248 2085 2271 eva·

1205 2291 1290 2324 cuari
1307 2315 1314 2322 .
1342 2288 1507 2323 Adversus
1516 2288 1687 2328 defimsti,
1703 2300 1802 2332 quam
1812 2287 1945 2332 quidam
1957 2285 2083 2321 machi·

1207 2338 1366 2373 nabantur
1376 2363 1386 2379 ,
1398 2339 1661 2378 damnationem,
1671 2340 1704 2373 ἀ
1717 2339 1850 2372 ςοΙῐεέῖι
1862 2338 1949 2381 quasi
1964 2349 2002 2370 ex
2014 2336 2086 2379 ejus

1194 2390 1293 2424 >libris
1315 2388 1461 2423 haeretica
1471 2388 1613 2432 capitula
1637 2388 1780 2423 ostendit
1792 2386 1981 2422 Antiochiae
1993 2388 2087 2421 fuisse

1207 2439 1380 2474 solenniter
1391 2439 1654 2472 tumultuatum&
1667 2437 1788 2482 populo
1802 2461 1812 2477 ‚
1835 2439 1936 2481 ipsam
1956 2437 1973 2471 ὲ
1993 2436 2088 2471 nullo

1206 2499 1351 2531 unquam
1366 2487 1550 2523 patriarcha
1567 2499 1622 2521 aut
1634 2486 1767 2530 synodo
1780 2498 1971 2521 attentatam
1982 2512 1992 2527 ‚
2004 2487 2087 2530 quin

1206 2540 1238 2574 &
1252 2538 1366 2572 Divali
1388 2538 1462 2582 lege
1481 2538 1522 2572 ad
1533 2538 1638 2571 Sanffi
1654 2537 1762 2571 Procli
1786 2536 2090 2579 Constantinopoli·

1207 2589 1274 2623 tani
1296 2587 1491 2623 patriarchae
1514 2598 1622 2631 preces
1634 2587 1652 2620 a
1669 2585 1867 2621 Theodosio
1876 2584 2029 2630 Augusto
2041 2586 2089 2619 iu-

1210 2639 1377 2672 terdiffam
1390 2662 1397 2670 .

1256 2687 1406 2721 palmare
1429 2686 1650 2720 accusationis
1665 2695 1763 2730 caput
1774 2695 1841 2719 erat
1864 2686 2038 2728 profanum
2050 2696 2090 2718 ae

1196 2737 1373 2780 ,judaicum
1384 2736 1577 2779 Symbolum
1592 2760 1601 2775 ,
1629 2735 1670 2770 ab
1684 2735 1838 2780 ephesina
1861 2735 1894 2769 &
1905 2734 2088 2769 Chalcedo-

1210 2787 1295 2821 nenst
1309 2786 1450 2829 Synodo
1471 2786 1681 2826 damnatum,
1706 2787 1746 2821 de
1757 2797 1823 2829 quo
1844 2785 1948 2829 pergit
1961 2786 2092 2819 Facun-
2107 2811 2127 2840 L

1208 2837 1267 2870 dus
1293 2835 1463 2870 adversum
1491 2836 1592 2870 trium
1618 2836 1834 2879 capitulorum
1858 2834 2083 2869 damnatores:
2129 2832 2133 2838 ’

1211 2886 1311 2919 Adbuc
1332 2887 1420 2919 atiud
1435 2898 1580 2929 magnum
1598 2887 1633 2920 &³
1651 2886 1762 2927 duplex
1784 2896 1883 2917 eorum
1902 2887 2091 2918 mendacium

1207 2936 1384 2978 publicemus
1409 2960 1420 2977 ,
1459 2937 1539 2977 quod
1561 2947 1622 2968 non
1643 2933 1782 2978 prefini
1806 2935 1926 2967 tannim
1940 2959 1951 2976 ,
1979 2935 2085 2968 vetum

1208 2993 1300 3020 enam
1324 2984 1409 3027 tpffies
1423 2984 1662 3026 chalcedonensi}
1685 2985 1813 3018 Concrlrs
1823 2985 1937 3026 judicto
1958 2985 2087 3017 notabile

1210 3036 1261 3080 effe
1291 3036 1444 3069 voluerunt
1472 3058 1483 3075 ‚
1510 3036 1639 3068 dicentes
1661 3048 1672 3068 :
1713 3034 1852 3068 Theodori
1872 3033 2033 3073 symbolum·
2054 3036 2088 3067 θ

1212 3092 1244 3118 in
1270 3083 1387 3127 Epheso
1408 3083 1467 3127 sub
1492 3085 1597 3117 sanelo
1634 3085 1741 3123 cyrillo
1775 3085 1906 3123 synodus
1940 3108 1955 3124 ,
1994 3086 2032 3118 θ’
2054 3087 2090 3114 in

1212 3134 1393 3168 Chalcedone
1413 3135 1700 3173 condemnaverunt,
1722 3142 1809 3177 atque
1819 3133 2003 3167 anathemati
2018 3131 2088 3175 sub,-

1212 3184 1352 3217 dr'derunt
1370 3193 1437 3215 cum
1454 3182 1641 3226 conscriptore
1661 3187 1726 3226 ejus
1752 3209 1758 3216 .
1785 3183 1935 3218 Primum
1957 3181 2086 3216 menda-

1213 3234 1301 3268 cium
1322 3233 1384 3266 effe
1396 3232 1440 3266 ait
1453 3257 1462 3272 ,
1491 3234 1577 3276 quod
1592 3234 1784 3276 Symbolum
1810 3233 1894 3266 istud
1907 3231 1948 3265 ab
1960 3230 2089 3275 Ephesi-

1217 3294 1256 3316 na
1275 3283 1307 3316 ὅ(
1321 3281 1577 3316 chalcedonensi
1592 3283 1729 3326 Synodo
1740 3283 1909 3317 adfirment
1920 3291 2087 3324 tamquam

1214 3332 1388 3366 Theodori
1410 3333 1501 3367 fuisse
1521 3333 1669 3377 agnitum
1693 3343 1789 3375 atque
1807 3332 2015 3367 damnatum.
2044 3331 2088 3364 Et

1217 3383 1319 3417 revera
1341 3382 1434 3417 fuisse
1455 3382 1662 3418 mendacium
1683 3380 1826 3417 ostendit
1849 3379 2090 3425 Sand'tiCyrilli

1998 3429 2041 3465 ad

267 2050 338 2080 tur,
362 2041 425 2075 effe
450 2051 504 2082 per
527 2041 637 2075 nescio
657 2053 753 2085 quem
772 2044 948 2076 confictos.
976 2043 1020 2076 Et
1033 2042 1143 2076 adver·

267 2091 323 2124 sus
346 2088 539 2124 Facundum
560 2090 830 2125 Hermianensem
843 2092 1040 2135 Episcopum
1053 2116 1063 2130 ,
1090 2103 1141 2125 co-

223 2155 234 2163 ·
266 2148 383 2174 natum
403 2138 513 2173 multis
533 2139 723 2181 ostendere,
748 2139 837 2184 quod
863 2141 1052 2175 Diodorum
1063 2140 1144 2174 Tat-

267 2190 391 2224 sensem
413 2189 546 2232 quidem
571 2188 811 2232 reprehenderit
836 2215 846 2230 ‚
874 2201 1075 2234 nequaquam
1101 2201 1144 2224 ta-

268 2251 346 2275 men
357 2238 518 2273 damnarit
529 2239 658 2273 sanstus
668 2240 812 2282 Cyrinus
825 2265 835 2280 ‚
861 2239 1078 2274 Theodorum
1091 2251 1145 2274 au-

269 2299 338 2323 tem
349 2300 408 2323 nec
427 2287 685 2331 reprehenderit,
710 2288 761 2323 sed
774 2285 910 2324 lau‘darit
923 2290 1007 2325 varie
1030 2291 1063 2324 ὅ(
1075 2301 1142 2332 pro-

268 2338 374 2374 barit.
398 2338 491 2372 Hinc
515 2339 615 2382 igitur
636 2339 789 2382 Synodus
807 2339 864 2374 sibi
887 2339 949 2384 legi
972 2340 1049 2373 fecit
1066 2351 1144 2383 quae-

265 2387 341 2423 dam
360 2388 545 2423 testimonia
566 2387 770 2423 Theodoreti
786 2412 799 2428 ‚
823 2390 986 2432 Cyrillum
1012 2389 1144 2433 culpan-

266 2440 313 2473 tis
322 2437 366 2472 ob
385 2438 498 2481 scripta
523 2439 556 2470 in
578 2437 821 2479 Theodorum,
847 2437 984 2483 ideoque
1004 2439 1062 2473 illa
1082 2440 1146 2474 effe

267 2498 458 2533 germanum
472 2487 590 2528 Cyrilli
611 2499 692 2530 opus
720 2489 927 2523 confitentis.

319 2535 488 2570 Adversus
505 2535 657 2570 eumdem
682 2537 874 2572 Facundum
902 2538 1039 2581 perrexit
1061 2538 1145 2573 Dio-

269 2587 370 2621 dorus
394 2586 541 2619 Ecclesiae
552 2586 927 2630 Constantinopolitanae
953 2587 1144 2621 Archi-Dia-

269 2645 374 2670 conus
395 2636 428 2669 ὅ(
439 2634 653 2669 Notariorum
668 2636 892 2671 primicerius:
920 2639 1145 2680 ,Quoniamqui-

269 2686 343 2718 dam
354 2686 457 2717 dicunt
470 2708 479 2723 ,
505 2686 583 2727 quod
598 2684 714 2727 simliae
734 2693 881 2720 memoriae
892 2687 1018 2725 Cyrlllus
1039 2688 1145 2719 lauda-

271 2742 322 2769 vit
334 2734 509 2767 Theodorum
523 2733 751 2777 Mopsicestenum
767 2742 800 2768 in
809 2737 938 2779 quodam
947 2738 1059 2777 scripto
1069 2735 1124 2778 suo
1137 2759 1146 2774 ,

271 2790 304 2818 in
326 2796 380 2826 quo
396 2785 584 2825 dicuntquod
599 2784 747 2828 fi-reptum
764 2786 801 2826 est
812 2812 822 2826 ,
849 2786 982 2820 BONO
997 2786 1145 2820 ΤΗΙ-ΞΟ·

272 2833 412 2868 DoRo
423 2859 430 2866 .
459 2837 489 2866 E
492 2845 504 2867 t
511 2832 598 2877 ficper
610 2834 674 2868 haec
700 2837 779 2877 quod
781 2834 895 2879 sanblae
916 2841 1064 2867 memoriae
1077 2839 1145 2868 Gre-

268 2891 372 2929 gorius
395 2888 610 2917 Nazianzenus
630 2885 737 2918 luteris
760 2884 827 2928 usus
848 2885 888 2925 eff
907 2887 951 2918 ad
968 2884 1146 2919 Theodorum

274 2932 504 2976 Mopsuestenum
521 2959 531 2973 ,
559 2935 689 2967 laudans
716 2947 783 2968 eum
807 2960 814 2968 .
841 2934 1020 2970 ostendere
1044 2934 1147 2969 voluit

222 3004 226 3011 -
274 2983 459 3026 Synodusa
474 2982 564 3016 nullo
588 2984 716 3027 penitus
726 2985 860 3020 Patrum
883 2983 1050 3018 laudatum
1075 2985 1148 3019 fuis-

274 3034 308 3067 se
320 3057 331 3073 ,
359 3033 409 3067 sed
429 3032 470 3066 ab
479 3032 633 3067 omnibus
651 3034 840 3069 damnatum
856 3060 863 3068 .
887 3035 980 3068 Hinc
991 3033 1148 3069 Theodu·

277 3083 327 3116 lus
354 3083 498 3117 Ecclesiae
524 3084 900 3127 Constantinopolitanae
923 3084 1093 3118 Diaconus
1117 3085 1149 3118 ὅ(

277 3132 436 3167 Norarius
458 3132 535 3176 legit
549 3133 710 3176 integrum
731 3134 851 3177 Cyrilli
878 3135 1007 3174 locum,
1034 3134 1151 3169 haben-

277 3192 344 3217 tem
364 3183 448 3216 inter
459 3183 520 3216 alia
533 3197 544 3216 :
570 3185 721 3226 ,Quoniam
740 3184 871 3217 inlibris·
890 3183 1031 3217 Theodori
1045 3190 1147 3217 invem

278 3240 313 3265 ta
323 3232 397 3275 sunt
411 3234 550 3274 quaedam
571 3233 685 3265 ultimae
694 3238 858 3274 impietatis
873 3235 965 3276 plena
977 3257 987 3273 ,
1012 3236 1151 3276 quomodo

280 3288 336 3315 erit
346 3281 518 3325 consequens
532 3283 606 3315 velle
629 3284 751 3315 tacere?
780 3284 864 3317 Eum
885 3284 1012 3317 accusat
1025 3308 1034 3322 ,
1061 3284 1152 3327 quod

279 3329 465 3365 Dominum
475 3332 581 3376 Jesum
593 3331 761 3366 Christum
774 3333 806 3365 in
819 3333 899 3366 duos
911 3333 997 3366 filios
1006 3332 1130 3366 dividat
1141 3358 1151 3374 ,

279 3380 365 3423 quod
385 3393 461 3416 eum
471 3382 557 3416 dicat
580 3393 695 3426 purum
716 3380 888 3418 hominem
907 3381 1079 3417 &abusive
1099 3393 1154 3427 ap-

166 2142 185 2205 00

185 2141 233 2204 μ.

2138 2816 2241 2847 3.(ο.ῑ.
