2340 3736
76 287 94 312 μζ
125 275 192 306 Act.
221 282 262 310 13.

88 339 109 376 ,J

300 194 352 232 xit
376 192 417 228 ad
440 193 624 238 praesentem
645 190 818 235 Synodum
839 190 1028 226 Anastasius
1047 191 1178 233 Episco-

304 256 364 293 pus
374 243 547 278 Nicaenus.
574 247 738 285 Imperator
753 242 924 287 Julianus,
947 250 1001 275 aut
1014 240 1178 284 nescioquis

306 303 378 330 ante
397 295 482 329 illum
504 318 515 334 ‚
534 292 612 335 fecii·
637 290 852 334 Bafilinopolr'm
875 297 1027 325 civitatem
1050 315 1057 321 .
1097 292 1179 333 ,ραι

305 350 383 380 enim
400 346 487 387 priris
502 343 604 387 futffet
623 347 723 386 regio,
744 341 844 384 postet?
865 346 976 375 civitas
999 339 1103 381 effec‘la
1123 338 1177 378 est.

307 398 362 429 Ex
383 395 431 428 illo
448 392 636 437 perspicuum
655 391 693 433 est
712 391 750 424 ab
760 390 902 434 Episcopo
924 394 1055 424 Nicaeno
1072 390 1181 422 ibidem

306 443 486 488 Episcopum
501 444 687 477 ordinatum.
714 442 856 476 Nicaenae
867 441 1009 474 civitatis
1019 440 1110 483 regio
1127 439 1182 472 seu

306 495 467 538 oppidum
489 494 611 532 fuerat,
636 491 774 535 ideoque
788 502 847 535 pro
870 490 982 524 amiffa
995 488 1182 533 Episcopali

251 551 256 558 “
308 542 590 588 Metropoliticarn
614 543 803 586 potestatem
828 538 944 574 habere
963 539 1111 582 inipsam
1130 548 1183 572 vo-

306 593 396 629 lebat
422 594 578 628 Nicaenus
603 593 781 636 Episcopus
805 614 816 630 ,
840 590 1005 634 ejusquem
1033 589 1183 622 Elestum

306 653 475 688 tamquam
486 643 700 687 Metropolita
721 640 912 675 confirmare
933 639 1182 673 &consecrare.

308 693 359 731 At
377 695 413 728 in
433 694 527 728 illum
550 705 608 736 pro
619 691 833 734 Metropolita
844 689 1088 724 Nicomedienfi
1110 688 1185 723 defi-

308 744 360 779 nit
391 744 500 779 noster
523 743 642 777 Canon
667 752 679 783 ,‘
705 739 788 775 redte
813 740 977 784 expolitus
997 739 1038 773 ab
1061 737 1185 773 Alexio

307 794 457 830 Aristino
478 818 484 825 .
511 795 541 825 51'
564 796 726 834 Imperator
750 792 787 824 de
808 801 883 823 novo
904 789 1006 823 urbem
1026 788 1186 828 exstruxit,

308 843 551 886 velinposterum
571 850 707 882 extruet,
734 852 791 873 non
801 841 956 874 contendet
973 847 1029 881 pro
1045 839 1100 871 illa
1112 843 1187 871 vici-

253 915 256 919 ›
310 906 365 928 nus
377 889 534 937 Episcopus
547 916 559 932 ,
584 893 619 925 (⁶5
625 890 680 935 sub
692 889 964 934 Parochiamsuam
973 888 1091 922 trahere
1101 887 1185 921 illam

303 944 455 988 studebit,
474 942 531 987 sed
551 943 654 975 civiles
674 940 844 982 &publicos
867 948 946 981 typos
961 937 1118 982 sequetur:
1149 938 1186 971 11-

305 994 364 1029 lius
380 989 486 1036 scilicet
494 995 661 1025 Provinciae
684 992 735 1023 vel
747 989 901 1023 Parocbt‘ae
912 987 1079 1032 Episcopus
1101 988 1184 1020 illam

301 1043 358 1089 sub
370 1042 405 1086 se
416 1040 555 1081 babebit,
579 1039 634 1083 sub
643 1051 704 1082 qua
713 1040 767 1072 illa
785 1037 922 1082 dispofisa
939 1038 978 1079 est
1001 1037 1128 1079 &sabla
1140 1036 1188 1071 ob.

306 1098 415 1127 noxia.
441 1086 544 1138 Qiod
565 1090 670 1133 ipsum
689 1090 806 1132 repetit
829 1090 863 1122 in
877 1089 1118 1123 commentario
1131 1089 1185 1122 tri-

145 1192 185 1228 ψ.
207 1176 211 1181 ·
304 1143 556 1234 {E{?‡y‘}2?²¹s{{1
564 1139 905 1225 ἳῗὲῗέἐῖῑᾞῖἒὲὲ
925 1138 1055 1223 3351?
1063 1139 1184 1223 ἓξὲξ.

302 1252 384 1276 num
410 1241 582 1284 imperium
609 1241 644 1274 in
667 1240 738 1275 suas
759 1238 951 1275 Provincias
973 1263 984 1280 ,
1010 1239 1181 1279 civitates,

302 1292 428 1331 oestra,
451 1290 611 1325 territoria
630 1289 836 1330 dividentes,
863 1289 967 1334 vulgo
987 1287 1075 1323 distae
1086 1289 1182 1324 Noti-

303 1342 351 1376 tia
362 1341 508 1385 imperii,
534 1348 631 1384 atque
651 1338 696 1373 ita
719 1339 800 1373 facta
823 1350 878 1383 per
888 1339 1076 1382 Principem
1099 1350 1182 1373 nova

302 1392 418 1427 civitas
431 1389 528 1425 habet
539 1390 737 1437 Episcopum
750 1414 761 1431 ,
785 1390 875 1433 isque
887 1401 956 1424 non
969 1389 1160 1423 viciniorem
1172 1415 1181 1429 ,

302 1441 324 1477 ἢ
344 1441 435 1485 cujus
454 1439 578 1476 throno
599 1440 745 1474 divulsus
766 1439 812 1473 est
829 1464 840 1480 ‚
866 1439 1066 1484 Episcopum
1087 1438 1182 1473 habe·

269 1516 272 1520 -
304 1491 401 1526 bitin
411 1489 690 1533 Metropolitum
717 1489 770 1523 sed
790 1490 905 1530 illum,
934 1490 991 1532 qui
1004 1489 1182 1524 secundum

304 1541 454 1575 laudatos
474 1540 520 1574 est
534 1549 623 1573 verus
644 1539 679 1573 ὅ(
691 1538 846 1582 antiquus
859 1537 1075 1581 Metropolita
1093 1539 1182 1573 istius

301 1589 504 1628 Provinciae.
530 1588 626 1625 Prior
638 1588 821 1632 Episcopus
843 1587 926 1622 nihil
951 1588 1068 1623 retinet
1089 1589 1123 1622 in
1145 1589 1183 1622 il-

302 1639 369 1675 lam
390 1640 486 1684 juris.
513 1639 626 1687 Qare
650 1637 871 1675 hallucinatus
890 1638 935 1672 est
956 1638 1158 1674 Hincmarus
1172 1664 1182 1679 ,

302 1690 384 1725 dum
396 1691 560 1734 Episcopo
581 1688 790 1733 Hipponenfi
812 1689 849 1722 in
860 1689 1079 1723 Fussalensem
1092 1711 1103 1728 ,
1127 1698 1182 1723 aut

302 1740 455 1776 Remenfi
479 1742 513 1773 in
526 1739 779 1773 Laudunensem
801 1749 841 1772 ex
863 1738 973 1772 similis
993 1736 1182 1774 divulsionis

302 1790 412 1825 radice
422 1790 529 1826 voluit
550 1799 683 1827 manere
704 1788 815 1825 nescio
833 1787 912 1837 quid
925 1788 1072 1836 specialis
1094 1799 1184 1835 pote·

301 1840 412 1877 statis.>

794 110 1090 155 canones
1135 95 1708 155 CHAL'e‘nnoJ'Nessts

1292 189 1397 224 Porro
1408 174 1560 273 Prinkps
1584 200 1711 235 poterat
1721 190 1855 235 quidem
1876 191 1981 230 castro
2004 203 2126 239 :ump-

1243 239 1322 282 pido
1339 264 1350 280 ‚
1380 240 1483 282 ipsum
1504 241 1539 275 'n
1564 243 1731 276 civitatem
1754 243 1932 279 exaltando
1954 270 1966 287 ,
1993 245 2125 291 Episco-

1242 300 1321 332 pum
1331 287 1474 331 donare3
1502 301 1570 323 non
1582 300 1690 325 tamen
1702 315 1714 332 ,
1724 292 1774 335 jus
1784 294 1930 335 civitatis
1941 295 2127 338 eripiendo,

1243 340 1385 373 auferre.
1400 338 1546 372 'Etenim
1566 339 1609 373 de
1632 339 1762 382 Iuliano
1784 343 1938 389 Augusto
1961 345 2127 390 Majuma-

1242 398 1290 423 tes
1311 389 1399 423 dieto
1423 388 1491 432 jure
1513 387 1655 431 privatos
1677 390 1712 424 in
1735 394 1905 437 antiquam
1928 394 2126 430 Gazenfium

1245 438 1436 483 potestatem
1460 439 1637 472 reducente
1658 439 1768 474 scribit
1787 443 1942 478 Hermias
1962 446 2127 480 Zozome-
2145 468 2175 498 L

1245 500 1324 523 nus.
1338 493 1404 523 'Ex
1415 500 1447 523 eo
1459 498 1588 532 tempore
1609 491 1703 522 Gazae
1722 490 1910 532 &majumae
1932 495 2126 539 magistratus
2180 475 2206 503 ς’
2225 476 2284 505 03⁵

1246 540 1351 572 ctvi'los
1364 564 1374 580 ,
1399 539 1467 572 belli
1482 543 1577 572 Duces
1588 562 1599 579 ,
1626 537 1801 582 Respublica
1809 548 1969 577 comnis
1980 545 2018 585 est
2036 558 2045 588 ;
2068 544 2127 589 fhlo

1246 587 1463 630 Ecclefiaestatu
1483 589 1738 632 &gubernatione
1748 591 1815 622 duae
1826 587 1970 632 videntur
1994 594 2045 628 boc
2055 605 2130 628 tem-

1244 646 1316 681 pore
1325 644 1466 671 civitates
1486 638 1646 680 distindae.
1676 644 1762 672 Nam
1772 649 1899 683 utraque
1919 639 2129 688 seorfimsuum

1248 687 1337 721 habet
1357 687 1536 730 Epist-opum
1559 714 1568 730 ‚
1590 687 1678 732 suum
1700 691 1820 723 clerum
1842 715 1853 732 ,
1879 687 2027 731 distlnHos
2048 706 2131 737 agro-

1247 749 1314 771 rum
1321 737 1399 780 fines
1412 763 1423 779 ‚
1448 738 1550 780 qulbus
1563 739 1678 772 Altaria
1691 742 1737 773 ad
1745 749 1902 783 utrumque
1915 744 1945 774 E
1944 739 2130 785 piscopatum
2183 779 2188 783 ,

1243 787 1413 831 spedantia
1424 786 1637 831 distinguuntur
1649 814 1656 822 .
1682 792 1820 834 ,Quidam
1834 789 1924 831 nostro
1933 799 2060 834 tempore
2071 796 2131 826 Ga-

1247 850 1294 871 zae
1315 836 1478 881 Episcopus
1494 862 1505 878 ,
1529 836 1670 881 Episcopo
1688 842 1832 884 Maejumae
1858 840 1996 884 defum‘lo
2015 865 2026 881 ‚
2052 842 2132 875 labo-

1245 894 1332 922 ravit
1343 912 1355 928 ‚
1380 898 1414 921 ut
1428 897 1550 930 uterque
1563 890 1665 921 clerus
1669 888 1724 930 fibi
1729 889 1935 932 subjiceretur.
1963 896 2036 925 Non
2051 899 2133 926 enim

1239 938 1298 979 fas
1311 937 1349 978 est
1360 962 1371 978 ‚
1398 943 1513 980 inquit,
1539 947 1573 970 ut
1594 944 1647 971 uni
1667 939 1732 971 urbi
1754 941 1809 972 duo
1825 940 2027 983 praeficlantur
2055 946 2133 984 Epi-

1241 987 1338 1032 scopi.
1365 986 1413 1022 At
1434 987 1677 1022 nihilobtinuit
1695 1014 1709 1022 ..
1730 989 1842 1023 Etiam
1866 991 1984 1025 Sancto
2007 992 2131 1027 Basilio

1246 1039 1388 1072 offensus
1408 1038 1496 1072 idem
1518 1038 1640 1081 impius
1663 1038 1842 1082 Imperator
1853 1039 2033 1076 Caesaraeam
2046 1042 2133 1086 Cap·

1247 1088 1389 1132 padociae
1401 1088 1621 1132 Metropolim
1643 1100 1681 1122 ex
1691 1100 1809 1122 numero
1820 1093 1978 1124 civitatum
1995 1092 2130 1133 delevit,
2149 1110 2183 1140 C·

1244 1140 1279 1173 &
1301 1135 1431 1181 Caesaris
1455 1145 1571 1172 nomine
1590 1143 1731 1180 privavit
1748 1164 1756 1171 .
1783 1139 1908 1174 Mansit
1929 1150 2040 1175 tamen
2061 1141 2132 1176 illic

1247 1200 1316 1223 non
1338 1189 1468 1222 tantum
1493 1189 1706 1232 Episcopatus
1725 1213 1736 1229 ‚
1767 1189 1821 1223 sed
1843 1189 1877 1223 δε
1899 1189 2064 1224 Primatus
2082 1201 2134 1226 to·-

1247 1239 1311 1273 tius
1325 1238 1682 1274 PonticaeDioeceseos.
1711 1239 1755 1272 Et
1765 1239 1807 1273 de
1839 1240 1959 1274 seniori
1973 1239 2135 1275 Theodo-

1248 1289 1293 1322 sio
1319 1287 1471 1333 Augusto
1504 1287 1783 1324 Antiochenfibus
1804 1289 1932 1324 offenso
1964 1290 2075 1325 scribit
2096 1291 2134 1325 in

1247 1338 1393 1372 Historia
1432 1339 1655 1373 Ecclefiastica
1683 1337 1938 1373 Theodoretus:
1965 1343 2134 1382 Imperator
2299 1375 2308 1380 ,

1244 1393 1381 1433 graviter
1403 1397 1560 1422 commotus
1584 1393 1681 1421 omnia
1687 1390 1851 1431 privilegia
1863 1388 1927 1422 urbi
1939 1389 1985 1422 illi
1996 1390 2111 1424 ademit
2121 1415 2133 1432 ,
2150 1376 2213 1412 L·5·
2225 1382 2309 1412 ‘'¹’‘

1247 1440 1280 1473 Θ
1302 1441 1505 1480 Principatum
1527 1440 1692 1472 Laodicaeae
1717 1444 1826 1472 vicinae
1857 1444 1978 1472 civitati
1998 1439 2129 1475 tribuit.
2248 1436 2255 1439 “

1247 1487 1477 1523 Nihilominus
1487 1489 1696 1523 Laodicenfis
1708 1489 1887 1532 Episcopus
1908 1488 2131 1525 Antiocheno

1245 1537 1398 1574 rebellare
1411 1550 1479 1572 non
1492 1539 1682 1582 praesumpfit
1697 1563 1708 1579 ‚
1735 1550 1795 1573 nec
1806 1538 1974 1574 adsumere
1992 1538 2131 1574 Patriar-

1246 1587 1380 1622 charum
1393 1613 1401 1621 .
1427 1588 1539 1634 Qare
1560 1588 1726 1632 perperam
1747 1589 1958 1624 Zozomenus
1978 1587 2047 1623 haic
2075 1601 2132 1634 po-

1247 1637 1349 1681 pulari
1369 1639 1405 1672 in
1427 1638 1592 1681 Iulianum
1614 1639 1695 1672 odio
1706 1638 1876 1673 adscribit=
1902 1637 2056 1672 Adscribi
2078 1637 2135 1673 de·

1247 1687 1300 1722 bet
1317 1686 1456 1723 defestui
1471 1686 1628 1733 Augustae
1648 1687 1838 1731 potestatis,
1862 1689 1917 1722 cui
1930 1686 2128 1723 Ecclefiasti-

1247 1749 1321 1772 cam
1341 1736 1570 1772 Hierarchiam
1597 1749 1639 1772 ex
1659 1736 1793 1774 arbitrio
1819 1736 2024 1773 confundere
2044 1750 2129 1775 nun.-

1248 1799 1347 1833 quam
1360 1788 1502 1824 Ecclesia
1523 1786 1666 1835 permisit
1679 1812 1687 1822 .

2199 1111 2229 1144 4:

602 2108 1279 2182 CANON
1400 2106 1824 2182 XVIII.

444 2288 742 2355 OnJ'urationis
776 2287 848 2337 vel
881 2286 1212 2354 conspirationis
1246 2287 1412 2335 crimen
1456 2289 1500 2335 δι
1534 2283 1561 2334 ὲ
1596 2284 1815 2335 veteribus
1860 2283 2027 2348 legibus
2061 2284 2125 2335 est

310 2289 443 2429 C
479 2357 659 2410 omnino
695 2357 991 2425 prohibitum:
1029 2357 1175 2406 Multo
1211 2359 1348 2419 magis
1383 2356 1468 2404 hoc
1504 2357 1550 2404 in
1585 2359 1674 2404 Dei
1709 2353 1898 2404 Ecclefia
1927 2373 1982 2404 ne
2016 2354 2122 2417 fiat,

308 2431 542 2481 admonere
576 2429 782 2478 convenit
806 2464 818 2475 .
872 2430 914 2476 Si
949 2429 1028 2495 qui
1074 2427 1178 2490 ergo
1213 2427 1376 2478 Clerici
1410 2426 1484 2476 vel
1517 2425 1721 2474 monachi
1769 2427 1928 2491 reperti
1964 2425 2125 2475 fuerint

307 2507 582 2568 conjurantes
616 2513 692 2548 aut
727 2497 1043 2566 conspiratum,
1078 2513 1154 2546 aut
1189 2495 1361 2546 infidias
1395 2511 1605 2564 ponentes
1638 2493 1860 2565 Episcopis
1894 2510 1971 2546 aut
2001 2500 2125 2546 Con-

304 2574 497 2634 clericis,
532 2567 670 2635 gradu
702 2571 881 2637 proprio
915 2567 1090 2638 penitus
1124 2566 1452 2619 abscindantur.

527 2742 953 2792 SCHOLION.

409 2891 566 2926 Usticum
588 2902 624 2926 ac
643 2890 868 2925 Sebastianum
891 2889 1081 2925 Cardinales
1102 2889 1182 2924 Dia-

431 2954 534 2976 conos
554 2939 840 2986 dejecithigilius
866 2940 1025 2975 Pontifex
1049 2966 1060 2982 ‚
1093 2941 1181 2984 quod

303 2990 366 3034 sefi’
389 2997 539 3034 ignorante
561 3000 661 3026 contra
664 2989 780 3031 statuta
798 2997 953 3025 Canonum
974 2992 1182 3031 conjurationes

304 3040 448 3084 feciffent.
474 3042 529 3076 Ob
549 3041 637 3076 idem
657 3041 781 3075 crimen
803 3040 899 3075 fuisse
922 3042 940 3074 a
955 3041 1106 3083 ‘Synodo
1129 3042 1182 3075 Se—

307 3091 462 3124 leucienfi
474 3093 714 3126 exaustoratum
729 3091 885 3125 Bafilium
894 3089 1038 3134 Ancyrae
1054 3091 1184 3135 Episco-

309 3152 389 3184 pum
409 3139 518 3174 scribit
543 3142 695 3176 Hermias
715 3141 925 3176 Zozomenus
949 3166 956 3173 .
984 3139 1184 3184 Stephanum

310 3189 514 3234 Ephefinum
535 3189 711 3225 Primatem
731 3191 848 3234 abjecit
868 3190 934 3225 haec
959 3190 1067 3225 nostra
1080 3193 1185 3234 Syno-

310 3240 371 3274 dus
382 3265 392 3279 ‚
402 3239 493 3284 quod
498 3247 555 3282 per
567 3242 778 3281 conjurationes
790 3239 999 3284 Episcopatum
1012 3240 1126 3284 acquisti
1145 3249 1183 3274 et.

141 3281 206 3312 Μὶ-
231 3290 275 3311 ¹¹·
312 3289 356 3322 Et
368 3289 573 3324 Eusebianos
593 3289 771 3332 Episcopos
793 3290 948 3332 Synodus
967 3291 1184 3332 Sardicenfis‚

313 3340 402 3382 quod
411 3345 443 3372 in
463 3345 566 3373 itinere
575 3338 762 3373 conciliabula
786 3343 818 3371 in
829 3350 935 3371 morem
943 3342 1045 3378 synodi
1068 3339 1185 3383 habuis-

141 3397 227 3438 Epjst,
248 3407 275 3436 3,
307 3387 378 3432 sent
392 3412 401 3427 ,
426 3390 459 3422 2&
474 3388 593 3429 faedera
612 3400 675 3423 cum
702 3388 983 3423 interminationibus
1005 3391 1165 3434 conflassent
1179 3415 1186 3422 .

314 3438 407 3473 Hinc
435 3438 587 3482 Synodus
613 3438 836 3476 Narbonenfis
854 3438 1018 3477 existimat
1039 3440 1186 3486 conjura-

139 3168 167 3196 L
176 3177 198 3200 4.
219 3173 292 3200 c.23.

1242 2739 1350 2775 tiones
1368 2739 1483 2773 vetitas
1493 2737 1635 2773 Canone
1653 2735 1811 2772 Nicaeno.
1836 2735 1886 2770 At
1909 2735 1994 2771 reete
2018 2735 2127 2772 Auxi-
2145 2761 2278 2790 Lmen·

1247 2790 1308 2824 lius
1328 2789 1502 2833 Presbyter
1526 2788 1562 2822 in
1584 2799 1682 2832 opere
1703 2788 1745 2823 de
1767 2786 2120 2831 Ordinationibus-per
2145 2800 2218 2836 Cap,
2229 2808 2280 2836 34·

1245 2841 1436 2874 Formosum
1459 2838 1658 2872 Pontificem
1680 2838 1788 2879 fastis,
1818 2825 1970 2881 Synoilus
1990 2836 2124 2872 Tmlla-
2145 2839 2217 2878 Cap.
2235 2849 2282 2877 29·

1246 2902 1309 2930 na,
1328 2888 1511 2924 &Carolus
1521 2889 1667 2932 Magnus
1689 2888 1723 2921 in
1736 2887 1917 2931 Capitulari
1946 2886 2123 2931 Aquisgra-

1246 2940 1334 2975 nenfi
1357 2940 1519 2974 affirmant
1541 2938 1683 2983 primum
1705 2939 1740 2972 in
1764 2938 1845 2982 ipsas
1865 2937 1994 2972 editum
2017 2936 2126 2971 Cano-

1246 3001 1322 3025 nem
1342 2991 1404 3024 effe
1427 2989 1516 3023 hunc
1538 2989 1703 3023 nostrum.
1732 2989 1819 3022 Eum
1840 2989 2004 3022 innovant
2022 2987 2126 3029 Syno-

1246 3041 1305 3075 dus
1327 3038 1643 3080 Francofordienfis‚
1669 3050 1707 3072 ac
1728 3037 1899 3072 Remenfis
1920 3033 1978 3071 sub
2001 3036 2125 3069 Sonna-

1246 3091 1296 3125 tio
1321 3087 1603 3133 Archi-Episcopo
1629 3110 1640 3127 ,
1674 3088 1724 3122 uti
1750 3088 1785 3122 in
1810 3086 1950 3132 ejusdem
1976 3084 2124 3120 Ecclefiae

1246 3139 1395 3174 Historia
1434 3137 1544 3173 scribit
1569 3137 1772 3173 Flodoardus
1790 3163 1802 3180 ‚
1835 3139 1872 3173 δε
1896 3135 2063 3171 Baldricus
2088 3134 2124 3168 in
2145 3146 2208 3175 L.2,
2225 3150 2285 3180 053
2334 3149 2336 3151 ·

1248 3189 1419 3225 Chronico
1432 3189 1672 3224 Cameracenfi.
1699 3188 1779 3233 Ejus
1797 3187 1915 3223 edendi
1925 3184 2053 3219 causam
2069 3183 2125 3219 'de-
2141 3186 2283 3219 L.1.c.14.‘

1247 3240 1363 3275 derunt
1391 3237 1542 3274 Edess'eni
1573 3238 1693 3273 Clerici
1717 3263 1729 3280 ,
1767 3246 1906 3279 nequam
1932 3233 2123 3268 Barsumas:

1247 3290 1369 3332 aliique
1382 3287 1544 3324 Monachi
1559 3313 1570 3330 ,
1596 3289 1631 3322 in
1652 3288 1745 3323 Ibam
1763 3285 1960 3321 Edeffenum
1981 3294 2020 3317 ac
2042 3283 2125 3319 alios

1247 3341 1346 3384 Syriae
1356 3339 1537 3383 Episcopos
1559 3337 1779 3373 faeiiofiffimis
1801 3346 1858 3378 pro
1878 3332 2067 3384 Eutychete
2087 3334 2124 3368 δε

1247 3389 1414 3426 Dioscoro
1425 3388 1707 3435 conjurationibus
1727 3384 1876 3429 colligati
1888 3409 1907 3418 .-

1997 3481 2076 3523 εΛ,
2133 3449 2143 3510 ’ἐ
