2340 3736
96 158 183 193 (Za-5.

95 200 221 233 A.1173.

97 355 159 387 L4.
176 359 251 386 c.27.

90 887 174 916 C.x6.

90 1004 167 1037 063-

86 1265 137 1302 ΕΡ.
150 1274 211 1293 122.

658 73 962 130 SGH01118‚
998 89 1061 120 er
1097 85 1270 119 Nous
1304 86 1734 123 ltLusrnn-u.»

270 156 477 199 Monachus,
505 156 592 202 quod
604 156 765 191 Frederici
777 156 873 200 primi
889 156 1030 202 Augusti
1051 158 1153 193 filiam

269 209 434 252 postulans
453 205 662 250 spoponderit
686 217 763 240 cum
782 206 875 240 omni
897 218 997 252 gente
1018 210 1073 242 sua
1087 209 1154 243 fieti

270 257 472 294 Christianus
492 278 500 288 ι
527 256 571 290 Et
594 255 679 299 apud
700 256 899 302 Gregorium
922 258 1154 293 Turonensem

267 306 451 351 sigebertus
477 307 679 340 Francorum
705 306 782 341 Rex
807 306 1014 342 orthodoxus
1036 307 1152 342 Bruni‘-

266 354 405 390 childim
426 354 579 390 Gotham
599 356 756 390 Arianam
770 381 781 397 ,
806 358 988 401 priusquam
997 357 1151 398 duceret,

266 404 433 440 chrismari
454 407 554 446 fecit,
582 407 739 451 pleneque
765 407 914 441 Ecclefiae
925 407 1150 441 reconciliari.

259 455 413 490 Plurima.
432 455 506 490 sunt
526 456 685 498 ejusmodi
705 457 872 500 exempla:
913 455 1072 504 Qaedarn
1086 457 1152 491 feli·

264 505 385 540 ciffima
400 531 408 539 .
435 506 523 540 Nam
535 508 568 540 &
582 507 715 540 Sa‘nstus
725 504 879 539 Thomas
899 504 1150 550 Archi—Episco-

261 551 380 599 pus‘&
402 556 530 599 Martyr
552 555 789 590 Cantuariensis
815 566 910 589 natus
933 557 967 590 &
990 557 1149 602 insignem

262 606 417 650 pietatem
427 606 539 640 doetus
548 606 611 639 fuit
622 607 641 638 a
653 613 756 638 matre
766 604 849 638 olim
860 606 1017 641 Saracena
1033 632 1040 638 .

311 656 458 704 Qstio
471 655 538 696 est,
563 664 605 688 an
624 652 785 696 ejusmodi·
794 656 1005 690 matrimonia
1017 668 1074 700 per
1093 656 1149 691 ad·

264 705 377 740 duetos
389 706 544 740 Canones
566 704 689 738 fuerint
709 715 779 738 non
793 707 1024 740 tantummodo
1037 708 1148 746 vetita,

262 755 316 789 sed
338 756 438 789 etiam
459 754 585 788 irritata
605 764 644 787 ac
655 753 846 790 annullata?
874 756 1073 800 Respondeo
1087 758 1149 800 pri-

262 803 319 837 mo
345 829 356 845 ,
391 801 568 837 Christiani
594 815 670 837 cum
697 803 803 847 Judaea
834 806 1030 850 conjugium
1056 807 1148 841 fuisse

261 854 347 898 apud
357 853 523 896 Hispanos
534 853 657 897 semper
670 853 797 888 irritum
810 879 817 887 .
844 855 893 890 Ita
915 856 1051 890 statuere
1063 857 1148 891 vide-

261 912 314 938 tur
338 902 474 945 antiqua
501 902 670 937 Eliberina
707 904 861 946 Synodus
897 904 986 940 hisce
1024 905 1147 940 verbis:

260 952 357 986 Nulla
372 953 465 995 potest
486 953 537 996 effe
551 950 678 995 societas
683 955 787 996 fidelis
797 967 864 988 cum
879 956 994 997 infideli
1006 980 1014 988 .
1042 955 1149 1005 Qid-

259 1001 340 1045 quid
366 1003 405 1037 sit
429 1028 441 1044 ‚
468 1013 582 1047 quarta
609 1004 777 1039 Toletana
806 1005 962 1048 Synodus
989 1005 1147 1050 ejusmodi

258 1053 453 1097 conjugium
475 1055 610 1097 separari
630 1054 766 1088 mandat
796 1079 806 1094 ‚
846 1055 986 1099 ideoque
1019 1056 1148 1090 irritum

258 1103 411 1146 supponit
426 1127 433 1135 .
460 1103 620 1147 Hispania
644 1105 793 1148 sempera
807 1105 922 1147 Judaeis
937 1107 1000 1140 fuit
1012 1106 1150 1151 singula—

259 1154 336 1186 riter
355 1153 529 1195 infestata,
556 1152 694 1197 ideoque
716 1155 771 1188 tali
794 1154 868 1200 lege
891 1156 1016 1191 fuiriui
1028 1157 1149 1200 semper

261 1214 346 1245 opus
358 1226 365 1234 .
394 1203 507 1237 Etiam
530 1203 614 1246 apud
627 1204 835 1238 Gallicanam
854 1217 893 1240 ac
906 1217 1041 1240 omnem
1061 1206 1150 1240 Lati-

257 1262 333 1284 nam
358 1251 534 1286 Ecclesiam
557 1254 651 1287 fuisse
672 1256 730 1288 suo
754 1266 901 1297 tempore
920 1255 1051 1290 irritum
1070 1256 1149 1299 ejus-

257 1300 350 1335 modi
368 1301 566 1347 conjugium
579 1303 732 1345 supponit
742 1305 879 1339 Sanetus
889 1306 950 1339 lvo
963 1305 1149 1340 Carnuten-

256 1353 297 1383 fis
319 1350 498 1396 Episcopus
520 1354 553 1386 in
576 1353 694 1387 litteris
713 1353 753 1388 ad
778 1354 998 1400 Wulgrinum
1032 1353 1149 1391 Archi-

258 1400 450 1436 Diaconum
462 1402 672 1436 Parifiensem
689 1429 696 1435 .

272 1474 278 1478 -
304 1451 504 1495 Respondeo
542 1452 688 1487 secundo
715 1478 727 1494 ,
764 1454 856 1497 quod
881 1454 980 1490 etiam
1006 1454 1148 1490 haeretici

256 1512 333 1535 cum
347 1499 530 1537 orthodoxa
553 1504 804 1538 matrimonium
819 1503 965 1540 videatur
979 1506 1094 1540 irritari
1108 1505 1149 1540 ab

259 1550 426 1587 Eliberina
448 1551 604 1596 Synodo.
632 1552 723 1587 Nam
741 1554 775 1587 &
800 1555 840 1589 de
855 1555 913 1590 illo
924 1555 1023 1590 dicit:
1050 1558 1149 1590 Nulla

253 1599 347 1642 potest
369 1602 419 1644 effi?
433 1601 561 1644 societas
579 1603 679 1644 fidelis
702 1614 766 1636 cum
789 1605 920 1646 infideli.
952 1606 1007 1640 Ut
1030 1616 1067 1640 ut
1088 1607 1125 1640 fit
1138 1630 1149 1647 ,

257 1648 344 1693 apud
366 1651 445 1685 alias
468 1660 603 1695 gentes,
629 1652 708 1686 licet
729 1653 846 1688 illicita
868 1680 880 1696 ,
907 1655 1016 1689 valida
1038 1666 1148 1690 tamen

258 1700 392 1735 fuerunt
415 1700 574 1743 ejusmodi
594 1702 751 1747 conjugia
764 1705 864 1746 usque
874 1703 915 1739 ad
938 1703 1026 1739 hunc
1040 1706 1148 1740 Cano-

188 1756 213 1785 :.‘
257 1760 335 1783 nem
348 1748 476 1791 synodi
488 1750 676 1784 Trullanae:
703 1755 735 1784 si
753 1755 834 1794 quid
845 1753 987 1797 ejusmodi
995 1754 1034 1787 ab
1044 1758 1101 1789 ullo
1110 1767 1147 1789 ex

258 1798 392 1832 omnibus
404 1798 526 1840 fadum
546 1807 721 1842 apparuerit
739 1826 751 1842 ,
776 1807 880 1835 irritas
907 1811 1030 1844 nuptias
1051 1805 1147 1846 existi-

256 1861 360 1887 mare,
383 1850 418 1883 ὁ·
436 1849 586 1891 nefarium
605 1838 768 1905 cotrgjugium
793 1860 906 1894 oportet
927 1855 1042 1896 diffolvi
1060 1880 1068 1887 .
1097 1854 1145 1888 At

257 1900 352 1934 illum
375 1910 545 1943 nunquam
558 1901 676 1943 recepit
696 1901 851 1936 Romana
864 1903 1030 1946 Ecclesia,
1053 1905 1145 1939 *ided-

256 1961 319 1994 que
330 1948 490 1992 ejusmodi
511 1951 720 1986 matrimonia
738 1952 921 1988 etiamnum
932 1954 1017 1999 apud
1028 1966 1089 1990 nos
1100 1955 1143 1991 la-

257 2002 346 2035 tinos
357 2001 432 2034 sunt
446 1999 538 2035 firma
549 2025 558 2033 .

308 2049 509 2092 Respondeo
532 2051 629 2086 tertio
641 2050 819 2089 Christiani
833 2066 908 2090 cum
919 2054 1051 2101 Pagana
1066 2067 1143 2092 con-

255 2098 385 2143 jugium
404 2099 466 2133 effe
485 2098 551 2142 jam
578 2101 703 2143 pridem
725 2105 811 2146 apud
823 2116 938 2139 omnes
951 2107 1068 2140 latinas
1083 2108 1144 2141 Ec-

255 2148 363 2182 clefias
388 2149 537 2189 irritum,
563 2162 706 2185 attamen
739 2164 780 2187 ex
807 2153 857 2195 pia
882 2156 1142 2198 consuetudine,

256 2209 325 2231 non
349 2208 390 2231 ex
412 2198 553 2232 Canone
572 2224 579 2231 .
607 2200 730 2234 Nullus
752 2202 870 2246 quippe
889 2205 1009 2239 Canon
1034 2207 1141 2249 ipsum

255 2249 352 2282 cassat
365 2272 376 2288 ‚
387 2248 444 2282 nisi
455 2249 667 2292 sexagesimus
678 2252 833 2294 septimus
843 2252 1002 2288 Arabicus
1012 2280 1024 2296 ,
1044 2267 1143 2299 quem

254 2298 384 2332 constat
407 2309 476 2332 non
496 2299 560 2332 esse
572 2298 745 2334 Nicaenum
758 2327 768 2342 ‚
796 2314 857 2336 nec
871 2304 986 2337 nostris
995 2305 1142 2340 moribus

254 2358 400 2392 unquam
421 2357 584 2392 receptum
597 2373 604 2380 .
633 2351 671 2384 ln
685 2351 788 2386 hocce
797 2353 991 2398 conjugium
1005 2380 1016 2396 ‚
1041 2367 1139 2400 quam

252 2397 289 2431 in
316 2398 385 2431 duo
410 2402 515 2441 priora
538 2400 661 2443 semper
682 2399 728 2435 ob
749 2401 860 2436 minus
883 2404 1062 2446 periculum
1076 2407 1141 2440 fuit

253 2448 394 2482 Ecclesia
415 2448 609 2484 clementior
631 2473 642 2488 ‚
668 2450 830 2495 docetque
855 2453 891 2486 in
912 2455 1137 2497 supplemento

251 2499 387 2532 Sanetus
407 2497 560 2531 Thomas
581 2499 681 2534 etiam
694 2500 736 2535 ab
747 2502 880 2545 antiqua
895 2503 967 2548 lege
977 2506 1069 2539 fuisse
1085 2517 1137 2541 ve-

251 2548 350 2582 titum
361 2547 477 2591 Judaeis
488 2547 680 2592 conjugium
691 2562 767 2585 cum
780 2552 854 2585 solis
870 2553 935 2587 illis
946 2556 1138 2599 gentilibus,

250 2599 269 2632 ὲ
291 2597 408 2638 quibus
431 2608 498 2631 erat
518 2598 678 2642 singulare
698 2600 733 2634 ὅ(
754 2603 942 2645 proximum
955 2606 1135 2647 periculum

160 2682 166 2690 ,
200 2686 207 2694 ⁶
229 2686 236 2694 ι
251 2645 446 2682 seductionis
469 2647 503 2680 in
528 2646 769 2684 Idololatriam.
797 2653 841 2685 Et
865 2654 988 2696 semper
1007 2657 1136 2699 gentili-

251 2698 310 2732 bus
320 2722 331 2737 ,
358 2695 454 2739 quam
466 2696 599 2740 Judaeis,
619 2709 674 2733 aut
685 2697 841 2735 haereticis
852 2701 1059 2747 Principibus
1071 2717 1138 2740 ma-

250 2748 313 2782 luit
335 2746 476 2781 Ecclesia
500 2758 625 2790 parere.
653 2750 734 2797 Qo
757 2752 883 2794 praecise
912 2763 1059 2797 tempore
1079 2755 1134 2790 hic

248 2799 355 2842 dispar
379 2796 484 2830 cultus
503 2799 636 2841 coeperit
658 2800 745 2844 apud
769 2811 831 2836 nos
850 2802 1133 2847 effeimpedimen-

248 2859 321 2884 tum
332 2847 486 2881 dirimens
499 2847 684 2892 ignoratur.

297 2895 493 2932 Notandum
514 2897 559 2931 est
580 2898 729 2934 Canonis
747 2902 920 2937 exordium
932 2929 939 2936 .
967 2909 1006 2938 In
1019 2905 1134 2949 quibus·

247 2951 320 2983 dam
344 2950 511 2982 Provinciis
531 2950 682 2991 concessum
702 2949 740 2989 est
761 2952 926 2986 Lec‘loribus
949 2956 984 2988 (9⁴
1007 2954 1132 2998 Psalmi-

239 3000 295 3040 stis
314 3010 420 3031 uxores
440 2997 559 3030 ducere.
587 2998 739 3033 Omnino
760 3001 906 3046 loquitur
926 3004 967 3039 de
989 3005 1130 3042 Ecclesia

247 3048 433 3087 Orientali,
458 3045 594 3088 ideoque
616 3049 710 3083 variis
730 3051 766 3084 in
787 3050 870 3087 locis
890 3063 960 3089 erat
985 3055 1040 3090 illa
1063 3057 1131 3090 san-

245 3101 329 3136 aior
350 3098 446 3133 nobis
465 3095 598 3138 latinis,
622 3099 708 3134 solos
730 3100 932 3148 Episcopos‚
958 3104 1127 3149 Presbyte-

504 3304 852 3360 ffiffiffi

344 3455 450 3499 christ.
464 3458 543 3499 Lupi
553 3460 647 3500 oper.
662 3459 784 3490 Tom.H.

1204 1055 1286 1100 scopi
1307 1081 1318 1096 ‚
1357 1055 1524 1094 Presbyteri
1546 1080 1558 1096 ,

1931 76 2040 127 »89

1216 167 1287 196 τος,
1313 156 1347 189 &
1367 155 1540 190 Diaconos
1561 156 1601 190 ad
1622 157 1751 200 plenam
1761 156 2002 192 continentiam
2015 167 2093 193 tunc

1218 207 1328 250 paffim
1347 203 1645 249 adstringentibus.‘
1668 207 1784 240 Exstat
1805 218 1916 240 tamen
1935 209 2020 251 apud
2034 218 2096 243 nos

1192 282 1194 286 ,
1216 258 1250 293 &
1271 256 1390 291 Canon
1411 255 1514 315 testiae‘
1557 254 1661 297 ynodi
1682 253 1946 300 Carthaginenfis
1964 269 1970 288 :
2000 258 2096 290 Lello-
2113 271 2186 308 Cap,
2199 279 2242 306 19·

1215 318 1263 340 res
1277 331 1287 347 ‚
1313 307 1377 340 cum
1399 306 1444 338 ad
1458 314 1485 338 ‘a
1544 317 1560 337 s
1575 306 1747 346 pubertatis
1771 312 1908 340 venerint
1921 330 1931 345 ,
1956 316 2095 350 cogantur

1215 365 1269 389 aut
1288 367 1393 389 uxores
1417 356 1536 393 ducere,
1560 363 1614 387 aut
1638 362 1847 389 continentiam
1869 356 2021 398 profiteri.
2050 358 2094 391 Et

1215 404 1294 441 hinc
1309 404 1399 441 vides
1412 406 1586 439 Canonem
1599 404 1716 452 illum,
1742 407 1797 448 qui
1810 405 1850 451 ab
1860 405 2016 453 omnibus
2027 406 2097 451 ubi-

1217 468 1280 500 que
1305 454 1497 490 Leftoribus
1522 455 1556 488 &
1577 454 1756 488 psalmistis
1778 455 1935 498 permittit
1957 456 2026 500 post
2048 451 2096 495 ἕζ-
2110 464 2182 492 Can.
2212 465 2268 501 Ap.

1214 517 1345 550 ceptum
1367 505 1531 547 Ordinem
1558 503 1633 540 iniri
1654 504 1866 548 conjugium,
1893 508 2098 550 nequaquam
2114 511 2160 536 2⁷·

1212 558 1275 591 esse
1297 556 1551 600 Apostolicum,
1577 554 1633 591 sede
1650 552 1714 588 hoc
1735 554 1846 587 nostro
1865 556 2096 599 posteriorem,

1212 607 1325 649 utpote
1335 605 1473 651 gradum
1485 604 1525 640 ad
1543 604 1719 639 Canonem
1729 602 1945 639 Trullanum.
2061 612 2066 617 ·

1261 654 1386 689 Merito
1409 657 1529 690 Canon
1552 654 1742 690 Lestoribus
1764 653 1798 687 &
1820 654 2016 697 psalmistis,
2043 664 2096 701 qui

1209 717 1248 740 ex
1282 704 1445 749 hujusmodi
1481 711 1666 738 matrimonio
1694 707 1763 747 jam
1783 704 1862 748 filios
1887 703 2072 747 susceperunt
2085 734 2098 750 ,

1210 753 1364 796 mandat,
1391 767 1427 790 ut
1437 767 1493 789 eos
1511 755 1622 797 jamin
1647 753 1750 789 haerefi
1775 753 1958 798 baptizatos
1981 768 2096 791 curent

1215 806 1419 841 reconciliari
1453 805 1602 839 Ecclesiae
1626 830 1638 845 ,
1677 805 1909 848 neminemque
1942 805 2095 849 deinceps

1216 857 1406 900 permittant
1418 856 1489 893 istic
1499 854 1671 901 baptizari.
1702 854 1750 889 Ita
1763 855 1875 888 statuit
1896 853 2095 898 &Synodus

1213 905 1399 940 Ilerdenfis:
1427 905 1595 939 catholicus
1610 930 1620 946 ,
1649 911 1700 947 qui
1712 905 1788 947 filios
1809 903 1875 948 suos
1886 911 1918 937 in
1935 904 2039 947 baerefi
2046 906 2096 939 ba·
2111 923 2191 963 Cap:
2203 935 2249 962 13·

1207 957 1367 998 ptizandos
1391 955 1525 989 obtulerit
1543 979 1554 995 ,
1584 955 1689 988 oblatio
1709 956 1788 989 illius
1810 961 1842 987 in
1854 954 1977 997 Ecclefia
2002 957 2095 989 nulla-

1211 1008 1295 1040 tenus
1320 1012 1499 1048 recipiatur.
1527 1006 1570 1039 Et
1584 1006 1677 1040 tertia
1706 1003 1990 1049 Carthaginensis:
2018 1011 2095 1050 Epi-

1596 1057 1648 1092 vel
1672 1059 1796 1089 Diacom·
1820 1066 1877 1087 non
1902 1057 2092 1099 ordinentur,

1208 1104 1380 1148 priusquam
1399 1117 1496 1139 omnes
1509 1131 1519 1147 ‚
1546 1111 1596 1147 qui
1613 1104 1684 1149 sunt
1705 1112 1737 1138 in
1757 1107 1840 1139 domo
1863 1117 1978 1146 eorum,
2003 1107 2094 1142 Chri-

1205 1156 1317 1196 stianos
1344 1154 1508 1188 catholicos
1528 1155 1657 1196 fecerint
1670 1180 1677 1186 .
1706 1156 1748 1189 Et
1760 1157 1892 1191 sanstus
1913 1158 2093 1202 Gregorius
2109 1156 2182 1193 Cal>-
2199 1161 2245 1193 194

1213 1205 1360 1250 Magnus
1374 1206 1406 1237 in
1433 1205 1549 1238 litteris
1563 1204 1604 1238 ad
1625 1204 1827 1239 Columbum
1837 1206 2005 1241 Numidiae
2016 1208 2094 1252 Epi·

1215 1258 1367 1298 scopum.
1391 1257 1451 1288 Res
1479 1255 1525 1287 ad
1543 1266 1595 1287 nos
1606 1257 1722 1288 omnino
1748 1256 1844 1295 dura,
1870 1257 2001 1290 &rec‘lae
2017 1257 2093 1300 fidei
2109 1268 2265 1308 L‚5.Epist‚

1211 1311 1334 1340 inimica
1349 1309 1498 1346 pervenit
1511 1327 1522 1343 ‚
1546 1310 1640 1347 quia,
1666 1305 1746 1346 quod
1765 1306 1825 1338 dici
1851 1305 1939 1347 nefas
1952 1306 2019 1346 est,
2034 1312 2093 1340 Ca-
2108 1315 2155 1346 36.

1211 1356 1308 1388 tholici
1333 1354 1463 1388 homines
1475 1378 1486 1394 ,
1511 1355 1545 1387 ὁ·
1563 1355 1703 1397 religiosi,
1729 1356 1806 1397 quod
1825 1354 1863 1392 es}
1883 1356 2012 1389 deterius
2024 1380 2035 1395 ‚
2056 1358 2093 1399 fi-

1211 1408 1264 1440 lios
1278 1430 1288 1446 ‚
1314 1410 1519 1447 mancipiaque
1539 1403 1618 1446 sua,
1646 1406 1700 1438 vel
1709 1405 1805 1445 alios,
1831 1416 1902 1447 quos
1911 1411 1944 1437 in
1951 1406 2091 1448 potestate

1210 1456 1341 1494 habent,
1365 1461 1397 1488 in
1424 1454 1641 1495 Donatistarum
1666 1453 1769 1496 haerefi
1788 1455 1938 1496 baptizari
1975 1454 2092 1500 consen-

1212 1513 1308 1540 tiunt.
1335 1503 1419 1539 Fieri
1433 1503 1466 1537 id
1477 1504 1629 1546 deinceps
1641 1514 1729 1539 vetar
1739 1504 1929 1548 rigidiffime
1941 1530 1952 1546 ,
1966 1506 2090 1541 addens

1212 1556 1253 1590 de
1273 1555 1433 1589 Clericis:
1460 1557 1492 1587 Si
1505 1560 1572 1596 quis
1584 1555 1622 1587 de
1644 1565 1747 1588 caetero
1757 1554 1883 1597 hocfieri
1902 1555 2009 1598 defuis
2020 1568 2090 1599 qua-

1210 1606 1282 1639 libet
1291 1603 1470 1648 excusatione
1476 1604 1630 1646 pertulerit
1641 1629 1652 1644 ,
1678 1607 1698 1637 ἃ
1711 1604 1836 1646 Clerofit
1847 1606 1942 1639 modis
1955 1607 2091 1640 omnibus

1211 1658 1345 1690 alienus.
1371 1653 1583 1689 Theodosius
1608 1654 1715 1689 senior
1737 1653 1928 1700 Augustus,
1953 1654 2092 1693 Thessa.-

1212 1706 1328 1740 lonicae
1351 1716 1392 1739 ex
1402 1705 1491 1750 gravi
1504 1703 1622 1738 morbo
1638 1703 1859 1745 decumbens,
1887 1705 1928 1740 ab
1939 1704 2088 1742 Acholio

1212 1756 1376 1800 Episcopo
1389 1754 1544 1798 baptizari
1558 1754 1686 1796 noluit,
1713 1756 1773 1789 nisi
1785 1755 1826 1790 de
1836 1756 1917 1789 resta
1942 1755 2011 1798 ejus
2022 1757 2089 1791 fide

1209 1807 1242 1840 δε
1253 1806 1491 1841 communione
1514 1806 1711 1840 certificatus
1725 1831 1732 1838 .
1759 1806 1802 1839 Et
1815 1805 1855 1840 de
1868 1806 1986 1840 Sancto
2007 1806 2091 1841 Am·

1214 1856 1318 1890 brosio
1331 1855 1371 1890 ad
1393 1855 1627 1898 Episcopatum
1653 1853 1891 1899 suscipiendum
1917 1857 2088 1900 compulso

1209 1906 1326 1940 scribit
1338 1906 1497 1939 Paulinus
1521 1904 1710 1948 Presbyter:
1738 1906 1901 1944 Postulavit
1915 1904 1949 1948 se
1960 1918 2016 1939 non
2036 1906 2093 1949 nifi

1209 1958 1229 1989 ἃ
1254 1956 1404 1989 catholico
1429 1953 1573 1997 Episcopo
1593 1955 1760 1996 baptizari.
1789 1956 1833 1990 Et
1856 1956 1991 1990 Sanstus
2003 1957 2088 1990 Her-

1211 2005 1412 2051 menigildus
1442 2013 1578 2049 paterno
1609 2004 1723 2049 gladio
1758 2005 1914 2040 trucidari
1947 2006 2087 2046 maluit,

1207 2057 1305 2099 quam
1317 2055 1420 2100 pollui
1431 2055 1556 2089 Ariana
1568 2054 1770 2089 Eucharistia
1785 2080 1792 2087 .
1821 2056 1863 2089 Et
1876 2055 1981 2090 Lucio
1994 2056 2087 2091 Arla-

1209 2119 1253 2142 no
1266 2105 1474 2141 Alexandriae
1493 2103 1684 2138 Patriarchae
1697 2106 1730 2136 in
1754 2104 1952 2148 Episcopum
1976 2108 2090 2141 conse-

1208 2167 1295 2190 crare
1306 2155 1430 2199 paranti
1443 2152 1528 2187 dixit
1539 2154 1674 2196 Moyses
1695 2154 1927 2189 Saracenorum
1942 2155 2085 2190 Electus.

1210 2205 1284 2247 Abfit
1299 2230 1310 2245 ,
1334 2214 1368 2238 ut
1383 2212 1435 2237 tua
1458 2215 1565 2236 manus
1578 2215 1624 2236 me
1644 2201 1803 2246 consecret:
1830 2208 1917 2238 Nam
1928 2215 1980 2238 tua
2002 2211 2085 2240 invo-
2096 2229 2106 2259 l

1207 2262 1319 2289 catione
1339 2251 1572 2296 Spiritussancqi
1588 2259 1734 2296 gratiam
1761 2259 1906 2288 neminem
1916 2255 2081 2299 defi-endu.

1207 2306 1251 2339 Et
1281 2302 1469 2338 Antiochus
1495 2303 1762 2338 Samosatensium
1796 2304 1926 2339 Elestus
1943 2310 2082 2351 Joviani

1207 2353 1358 2399 Pergenfis
1383 2352 1520 2396 Episcopi
1530 2365 1651 2386 manum
1673 2354 1782 2394 repulit
1794 2377 1805 2393 ‚
1832 2355 1965 2397 dixitque
1971 2355 2005 2399 se
2017 2359 2081 2390 nul·
2098 2346 2133 2374 C·
2159 2355 2202 2381 ¹4·

1201 2408 1228 2438 lo
1239 2407 1321 2438 modo
1327 2405 1403 2447 posse
1417 2403 1506 2445 ferre
1517 2405 1672 2436 dexteram
1677 2402 1734 2445 fibi
1758 2408 1890 2446 imponi,
1915 2405 2077 2450 quaesacra

1202 2455 1391 2496 mysteriaper
1402 2451 1613 2496 blasphemiam
1636 2452 1803 2496 consecrata
1828 2463 1991 2497 receperat.
2019 2458 2079 2491 Or-

1200 2505 1368 2540 thodoxus
1388 2504 1478 2538 enim
1501 2514 1569 2538 erat
1591 2504 1769 2546 Iovianus,
1792 2504 1925 2548 solaque
1951 2506 2077 2541 Ariana

1200 2555 1437 2590 communione
1458 2553 1643 2587 maculosus
1666 2566 1674 2585 z
1713 2553 1757 2586 Et
1781 2553 1932 2598 Rogerus
1962 2557 2079 2591 Hove-
2094 2579 2116 2608 L
2131 2588 2145 2607 2
2161 2575 2252 2615 1:568>

1198 2606 1303 2640 densis
1323 2604 1431 2639 scribit
1458 2603 1500 2637 de
1521 2602 1695 2637 conrardo
1722 2602 1835 2636 Elesto
1847 2604 2075 2649 Moguntino:
2119 2599 2125 2607 ¹
2147 2599 2153 2607 ⁸
2173 2600 2180 2607 ”
2242 2599 2250 2609 ”

1199 2658 1306 2689 Noluit
1330 2654 1367 2687 ab
1389 2654 1556 2686 Ollaviano
1570 2656 1721 2695 Antipapa
1743 2651 1901 2695 confrcrari
1927 2679 1937 2694 ,
1965 2657 2078 2689 malens

1197 2713 1275 2740 inter
1287 2703 1448 2739 catholicos
1457 2711 1576 2745 pauper
1588 2709 1693 2736 vivere
1704 2727 1715 2743 ,
1741 2705 1833 2745 quam
1843 2709 1922 2737 inter
1929 2702 2074 2748 schisma-

1197 2763 1268 2791 ticos
1279 2757 1401 2789 divitiis
1421 2753 1590 2786 abundare.
1616 2752 1774 2787 Haeretici
1801 2765 1941 2798 namque
1968 2755 2073 2789 Mini-

1196 2806 1248 2840 stri
1275 2815 1410 2840 manum
1430 2805 1492 2838 effe
1513 2814 1583 2837 non
1606 2802 1849 2837 vivificatricem
1875 2828 1886 2844 ‚
1912 2804 1966 2839 sed
1987 2804 2074 2848 suffo-

1195 2862 1352 2895 catricem,
1377 2852 1460 2888 reste
1479 2853 1595 2887 dicunt
1615 2851 1795 2888 orthodoxi
1822 2852 1976 2889 monachi
1988 2857 2022 2890 in
2035 2856 2074 2889 li-

1196 2907 1289 2942 bellis
1298 2904 1455 2940 exhibitis
1466 2903 1603 2947 Synodo
1619 2902 1993 2946 Constantinopolitanae
2016 2905 2074 2939 sub
2090 2924 2154 2955 Ast·
2176 2933 2205 2962 5·

1196 2958 1322 2991 Menna
1346 2952 1552 2989 Patriarcha.
1580 2952 1689 2986 Etiam
1700 2953 1735 2986 in
1758 2951 1881 2987 Christi
1904 2954 2072 2999 Baptismo
2086 2965 2106 2995 f.
2120 2976 2163 3002 57·

1194 3006 1365 3041 hominem
1404 3003 1540 3038 suffocat.
1570 3027 1576 3034 .
1614 3002 1726 3049 Quare
1746 3002 1850 3046 ipsum
1883 3006 2013 3039 nonnifi
2036 3007 2070 3039 in

1192 3067 1340 3091 extremo
1364 3052 1556 3088 neceffitatis
1576 3052 1715 3088 articulo
1727 3052 1769 3087 ab
1791 3052 1848 3089 illa
1858 3056 1949 3099 posie
1968 3056 2070 3100 recipi

1191 3108 1313 3151 semper
1326 3103 1466 3140 Ecclesia
1490 3100 1622 3137 docuit.

2113 2188 2257 2222 Theodor.

2109 2239 2146 2265 .4.
2152 2240 2177 2261 c.
2189 2243 2202 2259 2
2211 2243 2232 2260 ι.

1446 3251 1795 3307 fflffiffi

1643 3456 1685 3490 M
1704 3480 1706 3483 -
1939 3453 2018 3489 CA-
