2340 3736
324 87 427 129 230

258 150 583 198 quadringentesimo
595 148 840 195 quadragesimo
867 147 1028 193 septimo,
1053 157 1142 181 anno

259 215 330 238 uno
344 210 422 237 ante
445 201 620 246 Synodum
639 202 869 245 Berytensem.
898 199 1035 250 Labitur
1052 197 1141 232 enim

259 249 457 297 Onuphrius
464 253 635 288 Panuinus
643 275 653 291 ‚
678 250 802 286 hancce
810 250 980 294 synodum
992 249 1026 282 ὅ(
1037 245 1142 290 Ephe-

260 304 370 346 finum
381 304 591 338 latrocinium
604 302 779 336 adfirmans
798 301 879 335 fasta
891 297 1008 333 eodem
1031 308 1121 331 anno
1134 321 1141 328 .

262 354 310 388 Et
320 352 399 388 hinc
407 353 449 388 de
458 353 514 387 Iba
527 352 689 387 Edeffeno
707 350 923 394 Metropolita
934 372 946 388 ,
966 347 1000 382 δε
1012 344 1144 383 Andrea

261 403 476 439 samosatensi
488 403 653 448 Episcopo
663 402 749 437 dixit
760 401 801 436 ad
811 403 985 435 Domnum
1007 396 1147 431 Patriar-

263 453 362 490 cham
374 478 385 494 ‚
404 452 480 487 huic
491 452 630 497 Synodo
650 452 868 498 praesidentem
879 449 1044 482 Tatianus
1066 445 1146 481 Dia·

263 515 372 539 conus
382 526 394 543 ,
403 501 574 538 Athanasii
582 504 748 538 accusator
761 514 768 534 :
788 500 890 533 Habeo
902 501 935 533 &
944 497 1093 540 Epistolas
1103 507 1147 529 re-

264 552 494 597 ligirfifflmorum
503 552 738 597 Episcoporum,
761 553 870 583 Domni
882 549 965 589 Iba»,
994 549 1146 582 &Domni

266 605 397 640 Andreae
407 627 419 645 ‚
441 614 518 647 quas
530 602 670 648 miserunt
680 606 794 636 evocati
803 603 824 633 ὰ
835 608 890 633 tua
903 598 1072 633 Sanc‘litate
1080 622 1091 638 ‚
1113 598 1146 631 Θ

267 665 411 688 occurrere
424 666 483 688 non
496 656 649 690 valentes.
677 652 771 692 lbas,
798 651 932 698 inquam
944 674 954 690 ,
980 650 1031 683 uti
1050 659 1147 682 cano-

267 706 362 739 nicus
374 729 385 745 ‚
410 704 537 751 integer
546 729 558 745 ‚
583 704 616 737 ὃ(
627 703 646 736 a
657 702 789 737 nemine
802 700 867 735 huc
879 701 979 743 usque
997 699 1146 742 culpatus

266 754 450 798 Episcopus
481 755 545 789 fuit
571 752 727 787 invitatus
757 752 797 786 ad
827 750 914 785 hanc
946 748 1119 792 Synodum
1136 772 1147 788 ,

265 802 413 848 adeoque
423 805 503 838 faita
529 803 671 848 ipsafuit
694 813 770 837 ante
793 800 966 845 Synodum
994 799 1147 841 Beryten-

262 855 356 895 sem,
384 854 535 888 immo&
556 862 632 889 ante
642 854 738 888 factas
759 851 849 887 illius
860 849 946 895 apud
972 850 1146 883 Domnum

264 902 489 940 PatrIarcham
518 904 741 939 accusationes
766 927 773 935 .
812 903 916 935 Fanae
940 898 990 933 hae
1014 900 1146 933 fuerunt

261 953 440 997 Hierapoli
468 978 481 995 ,
506 955 575 998 quo
601 955 756 987 Domnus
782 950 982 994 Stephanum
1009 951 1144 983 elestum

263 1003 517 1047 Metropolitam
539 1005 784 1038 consecraturus-
800 999 973 1035 advenerat
985 1023 997 1040 ,
1022 1009 1055 1035 at
1067 1000 1146 1034 vero

262 1053 343 1090 huic
355 1053 470 1087 nostrae
480 1051 700 1088 Antiochenae
710 1051 848 1095 Synodo
862 1051 1006 1095 Ioannes
1016 1049 1121 1084 adfuit
1134 1074 1145 1090 ‚

263 1101 422 1148 Stephani
445 1103 656 1137 Anteceffor.
683 1101 777 1136 Hinc
803 1101 884 1135 item
907 1099 1081 1145 colligitur
1100 1112 1147 1134 ra-

261 1156 334 1192 rio,
359 1163 478 1195 exqua
501 1151 682 1196 Stephanus
694 1152 910 1187 Sabinianum
933 1162 1013 1185 mox
1034 1152 1147 1185 conse-

261 1202 360 1237 crarit
372 1201 407 1235 in
420 1202 618 1246 Episcopum
631 1201 846 1236 Parrhensem
869 1226 876 1232 .
902 1201 1012 1246 Ipsum
1022 1201 1058 1235 in
1077 1200 1146 1245 ejus

260 1253 510 1288 consecratione
532 1253 574 1288 ad
595 1253 687 1287 dictae
707 1250 834 1295 Synodi
855 1251 1037 1286 Decretum
1063 1261 1144 1288 mox

263 1302 489 1348 exequendum
502 1304 657 1340 Domnus
669 1300 856 1338 Patriarcha
867 1301 1031 1351 obligarat
1039 1326 1049 1339 ,

344 1589 601 1643 CAPUT
646 1589 1057 1659 QJINTUM.

397 1719 653 1782 Expouuntur
687 1709 791 1757 Abia
820 1709 1007 1759 latrocinii

548 1846 552 1850 Α
595 1778 772 1851 Ephefim'
782 1816 797 1829 .

350 1957 387 1993 N
411 1955 517 1991 hocce
543 1954 756 1990 latrocinium
782 1952 935 1988 habuerit
968 1948 1143 1987 dumtaxat

378 2006 558 2042 Astionem
568 2005 723 2044 unicam,
748 2016 790 2038 an
817 2004 946 2048 plures,
972 2013 1022 2036 res
1039 2002 1082 2036 est
1097 2001 1144 2035 in-

255 2069 344 2094 certa
356 2083 363 2091 .
390 2056 496 2091 Fuiffe
508 2056 613 2100 plures
624 2056 736 2089 innuit
747 2054 781 2088 in
806 2053 947 2098 Synodo
961 2050 1142 2087 Chalcedo-

255 2109 347 2143 nenli
370 2105 574 2140 Theodorus
584 2104 669 2148 apud
694 2105 822 2138 Isauros
846 2103 1026 2146 Episcopus
1047 2101 1144 2136 Clau-

253 2157 501 2202 diopolitanus:
521 2158 648 2201 Juffum
657 2153 695 2194 est
709 2156 730 2186 ἃ
742 2157 867 2186 Domino
879 2153 957 2186 orbis
970 2162 1060 2186 terrae
1076 2175 1086 2191 ,
1112 2159 1144 2184 ut

255 2208 386 2248 synodus
414 2208 452 2240 de
478 2207 632 2239 Flaviano
648 2205 735 2246 prius
749 2205 902 2245 judicaret
927 2227 935 2234 .
962 2201 1012 2242 Isti
1032 2203 1143 2236 multas

256 2259 385 2297 synodos
408 2262 441 2290 in
451 2255 501 2289 boc
511 2254 606 2298 ipsum
611 2255 757 2296 facientes
769 2278 781 2295 ‚
806 2255 862 2287 &a
884 2251 1077 2287 Multaeistae
1088 2252 1142 2295 Sy-

257 2308 343 2342 nodi
363 2306 518 2341 videntur
543 2317 612 2340 non
624 2305 687 2340 esse
706 2303 817 2346 aliud,
844 2314 944 2347 quam
964 2302 1073 2336 multae
1095 2303 1142 2344 sy-

259 2355 397 2392 nodales
422 2354 582 2389 Actiones
603 2380 611 2387 .
647 2355 693 2388 Et
719 2354 900 2398 Stephanus
930 2351 1144 2396 Ephesiorum

260 2405 561 2448 Archi-Episcopus
584 2403 734 2438 adfirmat
754 2404 914 2447 quosdam
940 2403 1144 2446 Epistopos,

258 2468 331 2492 non
343 2455 452 2500 primo
462 2479 475 2496 ,
500 2454 554 2488 sed
565 2453 666 2488 altero
678 2453 764 2496 prius
777 2455 831 2489 die
850 2455 885 2487 in
900 2453 1005 2487 Sanffi
1018 2452 1143 2485 Flavia-

258 2507 298 2541 ni
319 2505 570 2541 damnationem
591 2503 800 2547 subscripfisie
827 2529 835 2536 .
862 2503 974 2550 Qare
999 2511 1079 2535 tunc
1100 2502 1144 2535 fa·

256 2558 345 2592 stam
357 2556 505 2600 oportuit
516 2554 691 2589 secundam
701 2552 880 2589 Anionem
892 2578 899 2585 .
927 2550 976 2586 At
988 2551 1066 2585 vero
1087 2563 1142 2595 op-

259 2608 404 2650 positum
414 2605 551 2639 suadent
570 2604 670 2639 verba
691 2603 810 2638 Aeacii
834 2600 1083 2638 Ariarathienfis
1108 2602 1142 2634 in

260 2656 402 2691 secunda
427 2654 585 2689 Armenia
607 2654 761 2697 Episcopi
776 2668 787 2688 .-
814 2654 911 2698 Usque
932 2654 977 2685 acl
994 2649 1144 2695 vesperam

261 2715 422 2740 tenuerunt
445 2717 498 2738 nos
522 2730 529 2737 .
567 2705 674 2739 Sanffl
699 2704 849 2739 Flaviani
873 2703 1141 2741 damnationem,

260 2756 461 2800 postremum
469 2754 631 2790 latrocinii
640 2755 745 2788 aetum
759 2779 769 2795 ‚
781 2755 873 2789 fuiffe
885 2754 1010 2796 vespere
1018 2751 1087 2796 post
1097 2762 1146 2785 ac·

261 2807 373 2840 censos
383 2816 489 2840 cereos
499 2806 619 2839 fastum
631 2829 642 2846 ‚
655 2804 737 2838 infra
745 2805 848 2848 liquet
862 2829 870 2837 .
897 2804 942 2837 Et
953 2801 1031 2836 hinc
1045 2800 1147 2836 Chal-

259 2856 453 2890 cedonensis
463 2855 616 2899 Synodus
633 2854 749 2889 omnia
768 2855 804 2889 &
828 2853 953 2898 fingula
979 2851 1146 2887 latrocinii

263 2904 366 2939 Gesta
377 2906 503 2940 videtur
529 2905 701 2939 discuffiffe
727 2904 829 2941 unico
840 2903 914 2938 dic:
940 2902 1043 2949 Qod
1058 2912 1146 2937 nem·

260 2964 305 2998 ⁴pe
316 2954 373 2988 illa
385 2955 418 2987 in
432 2956 531 2989 unico
545 2956 645 2990 etiam
663 2955 765 2989 effent
778 2955 904 2998 perasta
917 2977 925 2985 .
950 2953 1019 2986 Res
1031 2952 1077 2986 est
1100 2951 1147 2985 in·

264 3012 372 3037 certa.
396 3004 655 3053 Claritatisergo
675 3015 739 3040 nos
749 3002 834 3042 Aeta
855 3002 960 3050 longa
970 3002 1008 3037 in
1030 3001 1146 3037 titulos

265 3050 505 3100 distinguemus
516 3080 526 3088 .

542 3143 655 3282 aa

535 3273 958 3402 &ss

931 68 1397 114 APPENDIX

1417 227 1629 278 Latrocinii
1662 231 1857 282 exordium
1867 269 1881 283 .

1290 394 1501 432 Atrocinium
1513 396 1633 433 factum
1646 399 1709 435 fuit
1725 402 1814 438 stato
1835 403 1908 440 idus
1927 403 2070 451 Augusti
2080 426 2093 444 ‚

1317 447 1498 483 Consulatu
1510 448 1631 483 Turcii
1645 450 1785 494 Secundi
1801 451 1920 488 Asterii
1933 480 1944 496 ,
1965 457 1999 491 ὅ(
2023 455 2094 490 Fla-

1208 498 1251 532 vii
1273 498 1491 544 Protogenis,
1518 498 1642 534 Christi
1662 501 1803 535 Domini
1822 503 2095 550 quadringentesi-

1207 559 1263 582 mo
1286 548 1531 594 quadragesimo
1544 560 1659 590 nono,
1686 552 1794 586 Sansti
1810 553 1934 586 Leonis
1953 554 2094 589 Pontifi-

1206 599 1253 632 cis
1265 598 1420 640 decimo;
1444 598 1631 634 Theodosii
1650 600 1857 644 Imperatoris
1868 602 1999 637 secundi
2020 616 2097 647 qua·

1207 648 1387 693 dragefimo
1398 648 1541 683 secundo
1553 674 1565 691 ‚
1592 649 1824 685 Valentiniani
1835 652 1923 686 tertii
1938 653 2094 698 vigesimo

1207 709 1343 743 quarto,
1369 699 1511 734 secundo
1524 712 1614 735 anno
1626 701 1781 737 Dioscori
1802 700 1998 736 Patriarchae
2020 701 2096 737 Ale-

1206 749 1379 784 xandrini.
1406 748 1481 783 Nec
1499 751 1617 791 refett,
1642 752 1733 795 quod
1757 752 1838 786 Asta
1860 752 2030 796 synodalia
2052 753 2096 786 fa-

1206 801 1292 833 &um
1303 799 1415 833 dicant
1426 809 1572 844 tempore
1583 802 1731 836 Zenonis
1742 803 1776 836 δε
1793 801 2025 837 Posthumiani
2047 814 2098 836 ve-

1207 849 1403 884 nerabilium
1426 849 1631 884 Consulum:
1670 852 1804 887 Etenim
1835 853 1964 887 Graecus
1984 862 2095 887 textus

1205 899 1323 934 diserte
1333 897 1434 934 habet
1443 924 1455 940 ,
1483 900 1547 941 Post
1561 900 1754 943 Consulatum
1770 905 1906 936 Zenonis
1927 905 1961 937 (θ’
1974 902 2094 943 Postha-

1205 956 1315 983 miani.
1342 951 1479 985 Fastum
1493 951 1556 985 fuit
1568 951 1604 985 in
1615 951 1751 987 Basilica
1763 953 1914 996 Deiparae
1927 953 2094 998 Virginis,

1208 1000 1264 1035 ubi
1281 1010 1482 1036 convenerat
1492 1001 1525 1035 &
1537 1012 1610 1037 vera
1622 1002 1776 1045 synodus
1788 1002 1949 1047 Ephefina
1960 1028 1967 1036 .

1256 1051 1406 1094 Impurus
1426 1049 1586 1087 Asterum
1612 1053 1771 1097 Digestor
1795 1064 1878 1087 mox
1897 1054 1934 1088 in
1954 1052 2096 1087 exordio

1208 1101 1351 1145 prodidit
1367 1103 1438 1135 suas
1449 1101 1586 1145 ineptias
1596 1126 1608 1143 ,
1634 1101 1746 1137 dicens
1759 1103 1867 1146 primo
1880 1103 1959 1138 loco
1983 1102 2096 1137 sediffe

1207 1151 1408 1186 Dioscorum
1443 1151 1649 1187 Alexandriae
1677 1151 1925 1194 patriarcham,
1951 1153 2097 1187 secundo

1207 1212 1316 1236 autem
1338 1202 1504 1246 Julianum
1526 1202 1690 1237 Coensem
1713 1203 1935 1248 Episcopum,
1975 1202 2099 1238 Leonis

1207 1251 1304 1296 Papae
1314 1252 1487 1287 Vicarium
1499 1264 1536 1287 ac
1549 1254 1713 1298 Legatum
1724 1279 1731 1286 .
1759 1253 1827 1287 Cur
1849 1255 1930 1289 item
1942 1254 2102 1289 Sanctum.

1209 1302 1411 1337 Flavianum‘
1451 1302 1860 1349 Constantinopolitanum
1899 1304 2098 1347 Episcopum

1209 1353 1329 1396 quinto
1355 1353 1431 1387 loco
1458 1353 1529 1397 post
1556 1354 1732 1388 Domuum
1757 1351 2033 1394 Antiochenum‚
2060 1354 2096 1388 &

1209 1402 1396 1446 Juvenalem
1407 1403 1751 1447 Hierosolymitanum
1767 1404 1882 1439 locarit
1894 1404 2074 1438 Dioscorus
2085 1417 2098 1445 ⁴,

1211 1453 1300 1496 supra
1321 1453 1357 1486 in
1378 1454 1613 1488 Differtatione
1635 1454 1779 1489 rationes
1801 1453 1944 1490 adduxi.
1983 1454 2097 1488 Etiam

1209 1514 1266 1538 cur
1278 1503 1453 1538 Domuum
1466 1503 1640 1548 postponat
1652 1504 1801 1547 Juvenali
1813 1529 1821 1546 ,-

1257 1552 1348 1586 Ante
1357 1554 1470 1588 omnia
1483 1553 1665 1589 Dioscorus
1689 1566 1744 1598 per
1764 1555 1925 1598 Ioannem
1950 1554 2098 1588 Ecclefiae

1209 1601 1440 1638 Alerandrinae
1450 1603 1682 1647 Presbyterum
1704 1615 1742 1638 ac
1752 1604 1969 1638 Notariorum
1982 1603 2098 1637 Primi.

1207 1653 1330 1687 cerium
1340 1652 1404 1698 legi
1418 1653 1504 1696 juffit
1524 1653 1661 1688 Divales
1684 1652 1866 1687 Theodosii
1889 1652 2032 1699 Augusti
2054 1653 2098 1688 ad.

1206 1702 1379 1746 synodum
1400 1704 1565 1740 trastorias
1590 1704 1734 1745 litteras,
1772 1705 1911 1738 redditas
1941 1708 2099 1747 unicuique

1205 1755 1430 1795 metropolitano
1442 1778 1454 1795 ,
1480 1755 1533 1788 scu
1547 1751 1743 1789 Patriarchae
1754 1779 1764 1795 ‚
1790 1752 2043 1799 mandantesque
2058 1763 2096 1788 ut

1207 1803 1342 1838 inicum
1352 1803 1467 1838 decem
1489 1805 1551 1838 suae
1566 1805 1743 1838 dioeceseos
1752 1803 1977 1848 Metropolitis
2000 1804 2097 1838 &to-

1206 1852 1307 1887 tidem
1319 1853 1580 1888 Provincialibus
1592 1853 1762 1898 Episcopis
1775 1851 1891 1897 Ephesr
1913 1853 2019 1887 adfint
2030 1853 2097 1888 Ka-

1206 1903 1309 1939 lendis
1321 1904 1464 1949 Augusti
1474 1905 1654 1948 proximis,
1686 1903 1719 1938 &
1738 1904 1757 1937 a
1770 1908 1826 1938 suo
1845 1904 2017 1949 congreffu
2039 1914 2098 1938 ex-

1204 1954 1338 1989 cludant
1371 1953 1626 1990 Theodoretum
1663 1955 1747 1998 Cyri
1779 1954 1998 1998 Episcopum,
2033 1955 2092 1987 nisi

1203 2005 1328 2039 cunffis
1350 2005 1453 2040 totius
1474 2005 1603 2049 Synodi
1625 2003 1821 2049 Episcopis,
1849 2004 1982 2038 nemine
2007 2004 2113 2047 pror-x

1203 2055 1256 2089 sus
1269 2056 1451 2100 refragante
1460 2078 1471 2094 ,
1497 2054 1664 2099 placuisset
1676 2046 1919 2088 admittendum
1933 2078 1941 2086 .
1968 2053 2021 2087 Ex
2033 2051 2095 2086 hac

1204 2104 1315 2139 Divali
1331 2106 1494 2149 usurpavit
1506 2105 1685 2139 Dioscorus
1706 2103 1765 2138 fibi
1778 2102 1909 2146 Synodi
1931 2102 2094 2147 praefiden-

1203 2155 1304 2198 tiam3
1332 2155 1445 2189 verum
1466 2153 1612 2199 Julianus
1627 2153 1763 2189 Coenfis
1786 2153 1988 2198 Episcopus,
2016 2153 2095 2188 San-

1203 2206 1245 2239 sti
1255 2204 1348 2248 Papae
1358 2205 1482 2240 Leonis
1493 2205 1649 2245 Vicarius
1659 2217 1696 2239 ac
1709 2204 1852 2249 Legatus
1863 2228 1874 2244 ,
1894 2215 1950 2247 per
1960 2201 2096 2237 Florem

1202 2257 1288 2289 tium
1300 2253 1488 2290 Sardensem
1510 2255 1711 2300 Episcopum
1723 2278 1734 2295 ,
1763 2253 1879 2298 Lydiae
1898 2253 2096 2297 Metropoli-

1203 2315 1271 2339 tam
1285 2329 1296 2345 ,
1323 2306 1415 2339 suum
1431 2305 1641 2349 interpretem
1655 2330 1666 2345 ,
1691 2303 1879 2339 constanter
1898 2303 2093 2338 interceffit:

1203 2356 1319 2388 Eodem
1332 2363 1433 2388 tenore
1445 2358 1466 2388 ἃ
1474 2353 1623 2398 piissimis
1635 2357 1669 2390 ὡ·
1680 2353 1941 2397 christianissimis
1960 2357 2096 2394 Impera-

1203 2405 1315 2438 toribus
1336 2403 1533 2448 sanfflfflmus
1564 2405 1654 2445 noster
1675 2406 1765 2445 Papa
1796 2406 1938 2436 Romanae
1959 2402 2098 2444 Ecclefiae

1206 2454 1378 2497 Praeposi‘tus
1391 2458 1450 2488 Leo
1463 2463 1584 2488 vocatus
1597 2454 1655 2494 est.
1683 2453 1820 2487 Etenim
1830 2478 1840 2493 ‚
1869 2453 1919 2487 uti
1933 2452 1974 2486 ad
1988 2454 2097 2495 Syno-

1203 2505 1281 2540 dum
1306 2502 1609 2538 Chalcedonenstm
1635 2502 1720 2537 dixit
1742 2502 1982 2536 Constantinus
2012 2501 2099 2537 iacti!

1204 2553 1394 2590 Confistorii
1407 2553 1626 2595 Secremrius,
1651 2554 1750 2586 eodem
1760 2561 1859 2587 tenore
1864 2551 2010 2597 scriptum
2023 2551 2096 2594 sue-

1203 2614 1254 2638 rat
1275 2605 1310 2639 <9
1330 2605 1399 2638 aliis
1425 2602 1583 2647 Epistopis
1609 2602 1827 2643 Patriarchis,
1853 2610 1889 2636 ut
1907 2608 1939 2636 in
1949 2604 2094 2642 synodum

1202 2660 1415 2688 convenirent.
1443 2655 1497 2688 Ex
1508 2664 1619 2688 more:
1649 2653 1774 2686 Eadem
1788 2654 1909 2696 semper
1922 2651 2095 2688 Trastoria

1205 2705 1302 2740 scribi
1324 2704 1497 2740 consuevit
1519 2703 1560 2739 ad
1581 2714 1698 2739 omnes
1723 2701 1924 2737 patriarchas
1937 2697 2096 2788 ‚Juliani

1205 2753 1583 2790 interceffionem'lucide
1593 2753 1748 2797 exposuit
1761 2764 1817 2796 per
1834 2752 1942 2787 eunde
1995 2754 2096 2788 inter-

1206 2814 1326 2850 pretem
1350 2805 1488 2838 Hilarus
1507 2804 1670 2838 Romanae
1690 2803 1839 2838 Ecclefiae
1861 2803 2033 2838 Diaconus
2058 2804 2093 2838 δε

1206 2857 1368 2900 Legatus:
1397 2854 1628 2895 Christianiffimi
1638 2858 1832 2899 Imperatores
1843 2852 2024 2887 charitatem
2037 2858 2094 2887 cir<

1205 2918 1240 2941 ca
1246 2906 1340 2949 fidem
1354 2904 1526 2940 catholicam
1547 2906 1582 2939 (5
1599 2903 1752 2946 adfedum
1775 2911 1910 2938 tenentes
1924 2929 1934 2944 ,
1961 2901 2094 2947 beatissi-

1205 2968 1288 2991 mum
1308 2954 1487 2999 Episcopum
1499 2954 1623 2996 nostrum
1648 2958 1794 2993 Leonem,
1822 2953 1986 2995 Apostolicae
2005 2954 2093 2987 Sedis

1206 3005 1369 3051 Praesu'lem
1378 3031 1390 3048 ,
1415 3014 1448 3039 ut
1458 3005 1524 3039 huic
1534 3004 1698 3038 venerabili
1718 3003 1862 3046 &sanc‘lo
1874 3004 2002 3037 Concilio
2013 3001 2096 3046 ades²

1201 3056 1272 3101 fit,
1298 3058 1460 3100 dirigentes
1479 3055 1669 3089 venerabiles
1690 3053 1839 3096 Epistolas
1856 3052 2067 3097 supplicarunt
2081 3064 2095 3086 .-

1208 3109 1304 3148 Cujus
1316 3109 1427 3139 Pietati
1434 3106 1551 3148 placere
1558 3111 1658 3147 potuit
1671 3120 1694 3145 ,s
1704 3103 1735 3146 fi
1740 3104 1828 3146 bidus
1837 3110 1880 3137 rei
1890 3104 2012 3146 aliquod
2012 3110 2095 3144 prae-

1207 3155 1328 3200 cesiiffet
1338 3157 1520 3199 exemplum.
1547 3159 1635 3189 Nam
1647 3155 1749 3188 melius
1772 3153 1870 3194 ‘vestm
1883 3152 1977 3197 potest
1998 3161 2094 3194 cogno-

1203 3206 1282 3251 [σενα
1305 3207 1455 3239 Sanc‘litas
1467 3228 1478 3245 ,
1503 3212 1573 3248 quia
1592 3217 1683 3249 nequo
1702 3210 1735 3239 in
1756 3208 1888 3238 Nicaena
1906 3227 1917 3243 ‚
1943 3211 2034 3242 mque
2060 3206 2094 3233 in

1210 3254 1359 3299 prefina
1378 3254 1488 3299 sanda
1506 3257 1641 3296 synodo,
1665 3266 1758 3297 neque
1779 3260 1812 3287 in
1831 3255 1888 3286 alio
1911 3251 1966 3283 tali
1987 3248 2095 3292 sand‘o

1211 3307 1337 3341 Concilio
1361 3309 1450 3348 Papa
1465 3313 1620 3349 perpetua·
1639 3303 1841 3349 sanssislrimae
1863 3301 1946 3334 Sedis
1973 3299 2098 3341 adfuit.

1213 3361 1272 3392 Pro
1283 3367 1386 3401 quare
1397 3356 1488 3399 hujus
1503 3354 1614 3398 formae
1630 3353 1758 3400 sequens
1777 3349 2014 3435 consueiussmm
2039 3361 2095 3391 pos

1941 3403 2043 3436 irem?-
