2340 3736
103 1021 129 1051 ”n
102 982 138 1011 Γ..

159 1032 176 1062 »β’
163 989 176 1016 υ»

104 1671 188 1706 ¹Augu
195 1667 223 1697 st.

103 1708 256 1747 Ei>¹st·³²5'

104 1865 208 1904 Epistq„
217 1878 224 1894 7
234 1878 258 1902 ⁴3.

817 160 1492 214 ..DISSz'RTArxo

674 292 1506 397 CAPITULUM
1563 295 1742 384 ΙΙΙ.>

714 465 873 517 Adhuc
907 469 949 515 &
982 463 1038 516 de
1073 463 1439 524 Ordinationibus
1468 438 1655 533 accipis.

501 594 923 649 SCHOLION‚

370 741 398 776 B
409 742 612 778 adsumendis
631 743 670 783 ad
684 741 923 782 Ecclefiassicos
932 739 1154 776 Ordines‘fieri

395 793 578 833 oblationes
589 794 690 827 varias
699 793 743 827 est
754 790 957 827 consuetudo
979 791 1157 835 antiquiffi-

277 856 349 879 ma.
379 844 488 877 Prima
500 843 594 878 fiebat
606 844 660 887 ipfi
674 843 839 889 Ecclesiae?
863 842 903 876 ad
917 842 1007 884 cujus
1021 842 1154 876 titulum

274 893 467 930 &tabulam
480 894 552 937 quis
562 894 826 933 consecrabatur.
852 892 986 926 Etenim
1008 892 1048 925 de
1069 891 1157 925 Mar-

274 945 372 986 cione
394 944 412 977 a
433 944 586 978 Romana
610 943 748 978 Ecclefia
769 943 804 976 in
832 942 966 976 Clerum
983 941 1155 984 adsumpto

275 993 384 1039 scribit
413 993 639 1032 Tertullianus
662 993 696 1026 in
734 991 820 1026 libro
851 992 1155 1034 Praescriptionum,

274 1045 351 1078 &in
365 1042 480 1087 Quarto
493 1043 577 1076 libro
588 1041 739 1077 adversus
763 1042 886 1084 ipsum.
917 1045 994 1074 Cum
1019 1043 1152 1074 ducentis

274 1094 414 1135 Sestertils
426 1116 436 1132 ,
461 1105 528 1135 quae
536 1092 669 1133 Ecclestae
679 1092 821 1124 intulerat
833 1116 843 1131 ,
869 1097 902 1124 in
918 1099 1096 1133 perpetuum
1109 1092 1154 1123 di-

268 1142 396 1186 fcidium
416 1136 638 1185 est'relegatus.
666 1143 826 1182 Damnati
850 1141 985 1174 Erronis
1014 1139 1155 1174 substan-

268 1188 354 1226 ‘tiam
367 1191 476 1225 noluit
488 1192 630 1226 Ecclesia
641 1192 778 1226 retinere
789 1216 796 1223 .
824 1190 870 1224 Et
888 1190 930 1224 de
943 1191 1060 1225 Saneto
1073 1191 1154 1225 Am·

274 1242 380 1276 brofio
405 1241 515 1275 scribit
537 1241 694 1275 Paulinus
714 1240 905 1284 Presbyter,
933 1241 1021 1284 quod
1042 1242 1076 1274 &
1099 1252 1153 1275 au-

275 1303 348 1329 rum
359 1293 393 1326 δε
405 1291 608 1335 poffeffiones
619 1293 688 1325 suas
699 1290 823 1326 dederit
837 1290 984 1324 Ecclefiae
996 1289 1155 1325 Mediola-

272 1342 359 1382 nensi
373 1366 384 1382 ,
410 1342 509 1383 sorori
521 1352 631 1375 tamen
649 1342 711 1376 suae
721 1341 909 1384 relinquens
921 1342 1152 1382 usumfruRum

271 1393 310 1425 ad
329 1390 535 1426 redimendos
557 1392 721 1435 captivos.
752 1392 795 1425 Et
807 1392 917 1425 omnis
928 1390 984 1425 illa
1005 1391 1046 1432 de
1070 1392 1154 1425 ordi-

271 1442 383 1475 nando
397 1441 499 1475 nobili
513 1442 583 1475 vito
605 1441 749 1477 Piniano
763 1442 846 1475 inter
858 1441 1012 1476 Ecclefias
1026 1441 1153 1485 Hippo—

271 1492 404 1526 nensem
426 1491 460 1524 &
494 1491 732 1536 Tagastensem
756 1492 927 1531 contentio
955 1491 1153 1527 fundabatur

271 1544 307 1575 in
319 1542 411 1575 simili
424 1540 594 1575 oblatione
606 1555 617 1575 .·
645 1541 798 1585 Utraque
811 1541 900 1574 enim
911 1540 978 1582 ejus
1001 1541 1151 1584 patrimo-

272 1592 366 1625 nium
378 1590 562 1633 ambiebat,
587 1589 671 1625 adeo
693 1602 728 1625 ut
749 1591 796 1624 eis
807 1588 1007 1624 materillius
1028 1590 1150 1629 Albina

271 1642 465 1685 impingeret
497 1642 686 1683 turpifflmum
702 1647 835 1683 pecuniae
856 1646 1020 1682 appetitam
1034 1665 1041 1672 .
1081 1640 1149 1673 Hic

273 1691 354 1725 item
385 1689 470 1731 haesst
503 1690 636 1734 quaestio
666 1691 751 1724 inter
769 1691 991 1735 Augustinum
1023 1689 1058 1722 &
1083 1688 1150 1721 Ali-

274 1743 365 1784 pium
403 1741 445 1775 de
478 1738 677 1784 patrimonio
708 1740 878 1775 Honorati
911 1740 930 1774 ὲ
960 1739 1149 1786 Tagastensi

276 1790 449 1829 Monacho
460 1790 645 1833 Presbyteri
655 1788 871 1825 Thianenfis.
900 1788 1044 1823 Videtur
1063 1789 1153 1833 quip·

277 1841 315 1885 pe
327 1842 538 1888 Honoratus,
568 1839 974 1886 Augustinurnimitatus‚
1002 1850 1071 1874 non
1098 1851 1153 1873 ex-

279 1891 654 1935 spesstaffeClericatum,
681 1891 733 1925 fed
753 1892 788 1924 in
812 1889 1033 1924 Monachatus
1053 1890 1151 1924 susce-

276 1936 392 1985 ptione
413 1940 558 1975 effudisse
582 1942 636 1974 sua
669 1940 704 1973 in
737 1941 912 1974 Ecclesiam
934 1939 1151 1983 originalem.

277 1990 435 2034 Exempla
446 1990 536 2034 plura
548 1991 643 2024 refert
660 1989 864 2034 Augustinus
885 1990 918 2022 in
941 1991 1088 2023 sermone
1111 1990 1154 2023 se·

274 2039 387 2074 cundo
398 2040 438 2074 de
459 2041 628 2080 communi
652 2041 719 2073 vita
739 2039 962 2080 Clericorum.
991 2039 1035 2071 Et
1059 2037 1152 2073 hasce

276 2091 460 2128 oblationes
480 2090 596 2133 probat
617 2089 816 2133 justinianus
837 2088 1005 2134 Augustus
1025 2088 1061 2122 in
1082 2088 1153 2133 lege

275 2141 316 2175 ad
338 2139 471 2174 Petrum
493 2140 692 2174 Officiorum
714 2140 904 2183 magistrum
918 2162 929 2177 ,
967 2137 1154 2182 rigidissime

276 2191 435 2230 damnans
459 2201 593 2230 omnem
613 2188 782 2222 simoniam
797 2213 807 2229 ,
832 2187 1014 2222 &addens-
1041 2189 1073 2220 51*
1087 2194 1153 2229 quis

133 2222 221 2291 2„ssss-
236 2264 258 2286 a.
276 2240 486 2283 Episcoporum
497 2238 562 2280 five
585 2247 656 2273 ante
674 2237 740 2279 five
745 2238 807 2279 post
819 2240 1044 2271 ordinationem
1056 2239 1155 2271 volue-

277 2296 320 2323 rit
336 2294 477 2332 proprias
499 2300 568 2329 res,
594 2297 648 2321 aut
664 2295 786 2329 partem
807 2298 905 2321 earum
925 2284 1059 2327 Ecclefi'ae
1072 2287 1154 2326 offer-

278 2352 333 2380 re,
359 2351 424 2374 cum
428 2337 623 2382 sacerdotium
643 2343 754 2379 accepit
767 2360 778 2381 2
803 2335 1077 2378 nonprohibemus‚
1098 2335 1157 2379 fed

278 2394 357 2423 omni
366 2388 456 2426 laude
477 2390 598 2433 dignum
603 2389 792 2430 judicamus:
820 2389 973 2432 ,Quoniam
984 2385 1035 2420 boc
1044 2397 1105 2420 non
1117 2386 1154 2433 est

279 2445 388 2482 emptio
396 2464 407 2480 ,
429 2437 488 2482 sed
498 2438 603 2473 oblatio
614 2463 621 2471 .
837 2435 850 2438 ”

329 2489 596 2532 Eodemrespicit
606 2488 747 2533 septimtae
768 2487 896 2532 Synodi
921 2486 1042 2522 Canon
1063 2487 1155 2532 quin-

279 2549 334 2574 tus
343 2564 351 2572 .
378 2542 442 2576 Eos
453 2564 464 2583 ,
490 2545 540 2582 qui
546 2541 711 2583 gloriantur
716 2537 750 2582 [ι’
755 2547 812 2581 per
831 2539 981 2571 dationem
993 2543 1058 2570 auri
1080 2539 1155 2571 ordi-

282 2597 368 2625 natos
379 2594 413 2625 in
435 2588 562 2631 Ecclesia
574 2613 585 2629 ,
610 2589 643 2626 ζ’]
660 2595 693 2622 in
707 2588 763 2622 bac
782 2590 913 2632 maligna
931 2587 1152 2631 consuetudine,

283 2651 350 2681 quae
370 2639 484 2676 alienat
505 2641 525 2671 ἃ
538 2642 600 2672 Deo
619 2640 653 2672 (ἐν
675 2643 752 2671 omni
763 2637 943 2681 sacerdotio,
949 2636 1075 2680 sperant
1086 2663 1095 2678 ,
1122 2640 1156 2671 ὠ·

283 2701 321 2722 ex
333 2688 383 2722 hoc
401 2690 566 2731 impudenti
579 2689 663 2731 facie
685 2689 718 2726 (5·
731 2699 787 2720 non
796 2697 894 2729 aperto
915 2699 962 2721 ore
971 2688 1157 2729 exprobrabi-

284 2738 360 2774 libus
372 2738 471 2772 verbis
483 2751 530 2772 eos
545 2761 556 2778 ,
580 2743 632 2784 qui
642 2737 674 2770 ob
685 2744 827 2771 virtutem
848 2743 922 2771 vitae
937 2739 956 2769 a*
973 2735 1078 2780 sanc‘lo
1096 2740 1158 2780 Spi-
1171 2736 1178 2785 Ι

283 2793 345 2822 ritu
363 2788 441 2821 elem
474 2790 508 2826 z&
531 2788 676 2830 constituti
690 2787 752 2829 fine
771 2790 890 2820 datione
912 2793 978 2820 auri
997 2786 1091 2830 sunt,
1117 2793 1158 2820 in-

255 2863 259 2866 .
287 2836 452 2875 honorant,
474 2841 572 2879 prim&
597 2839 714 2880 quidem
732 2839 908 2878 nowffimum
934 2839 1066 2881 gradum
1088 2843 1160 2870 acci-

281 2895 354 2932 pere
378 2885 427 2929 sui
449 2891 572 2921 Ordinis
603 2887 781 2930 definimus,
807 2889 888 2930 quod
900 2886 929 2928 fi
939 2884 1136 2930 'permansi'rit
1150 2912 1159 2927 ,

284 2944 339 2982 per
352 2939 530 2977 Epitimium
541 2943 725 2981 corrigantur
741 2963 748 2970 .
775 2937 921 2984 Quidam
939 2937 1085 2970 damnari
1097 2937 1162 2971 exi·

287 2986 419 3019 stimant
438 2987 530 3020 sacrae
551 2986 780 3023 ordinationis
803 2987 997 3020 fimoniamz
1032 2986 1080 3020 At
1100 2998 1162 3021 cer-

287 3045 359 3071 tum
382 3036 428 3068 est
449 3036 539 3069 falli.
566 3038 754 3074 Damnatur
775 3036 840 3070 sola
862 3036 1003 3070 divitum
1018 3036 1161 3070 Clerico..

285 3095 359 3120 rum
379 3085 564 3130 temeritas,
588 3088 645 3133 qui
678 3085 722 3121 ob
750 3085 906 3121 donatam
927 3086 1072 3122 Ecclefiae
1095 3086 1162 3120 subr

287 3134 438 3169 stantiam
452 3135 641 3177 pauperibus
651 3136 691 3170 ad
705 3136 776 3170 vitae
798 3137 913 3172 merita
936 3136 1095 3179 promotis
1106 3148 1148 3170 vo

287 3184 398 3218 lebant
417 3184 553 3226 praeferri
590 3185 623 3221 &
643 3185 804 3220 dominari
822 3210 829 3219 .
871 3186 975 3231 Quod
996 3187 1101 3228 ipsum
1128 3187 1161 3219 in

289 3231 464 3267 Monachis
484 3233 601 3270 vitium
613 3235 751 3278 graviter
771 3234 906 3268 damnat
919 3236 1043 3279 Regula
1056 3236 1160 3269 Sansti

291 3283 467 3325 Augustini
481 3308 488 3316 .
518 3283 562 3329 Et
583 3282 647 3316 huc
658 3282 789 3319 forfitan
801 3284 990 3325 respicitlex
1004 3285 1162 3322 Constan-

289 3332 352 3364 tini
364 3331 480 3375 Magni
492 3333 526 3365 in
540 3331 667 3370 Codice
684 3330 920 3369 Theodofiano
934 3357 941 3365 .
968 3335 1095 3367 Nullum
1116 3337 1164 3368 de-

289 3387 391 3421 inceps
404 3380 571 3421 instrudlum
585 3383 696 3415 idoneis
705 3381 923 3423 facultatibus,
949 3392 1037 3425 atque
1059 3384 1162 3417 obeun-

292 3431 340 3463 dis
360 3429 473 3470 publice
494 3432 661 3464 muneribus
679 3440 890 3473 opportunum,
926 3434 969 3464 ad
990 3435 1162 3467 clericorum

292 3490 395 3518 mmm
409 3477 626 3523 obsequiumque
635 3480 810 3528 confugere3
831 3479 890 3525 fid
898 3492 944 3517 eos
956 3482 993 3518 de
1015 3492 1117 3519 cetero
1131 3490 1163 3518 in

1201 601 1208 658 Ι
1220 600 1388 626 caeterorum
1399 593 1561 626 dumtaxat
1571 594 1663 628 locum
1674 593 1851 628 clericorum
1856 593 2021 641 stangan,
2042 601 2099 644 qul

1202 660 1207 675 r
1213 642 1341 685 fortuna
1350 650 1452 675 tenues
1463 666 1474 683 ,
1503 653 1596 685 neque
1607 644 1776 681 muneribus
1787 645 1927 679 civilibus
1938 655 2094 684 teneantur

1221 691 1358 733 obstriffl.
1388 691 1494 726 Unde
1511 694 1546 726 &
1558 705 1732 737 pauperes,
1758 695 1856 739 probe
1875 707 1985 731 tamen
2010 698 2099 732 insti-

1221 751 1309 776 tutos
1323 766 1334 782 ‚
1360 741 1530 784 praesertim
1551 744 1653 786 parari
1675 744 1900 788 &promoveri
1910 747 1950 781 ad
1963 747 2098 783 Clerum

1224 792 1331 826 suadet
1343 792 1377 825 in
1396 791 1536 825 secunda
1556 792 1693 838 Synodo
1712 796 1953 831 Mediolanensi
1965 798 2099 834 Sanstus
2114 796 2267 829 meret-27

1223 842 1362 876 Carolus
1384 841 1586 876 Borromaeus
1598 867 1605 875 .
1632 844 1676 879 Et
1695 844 1782 889 apud
1805 846 2000 881 Gratianum
2021 848 2100 883 Ale·
2117 838 2159 865 ²⁸·
2175 846 2218 874 ²9·
2230 844 2268 872 30

1221 892 1345 926 xander
1358 892 1516 926 secundus
1527 892 1680 928 Pontifex
1691 895 1824 930 mandat
1834 896 1932 932 Clero
1954 899 1989 932 &
1999 910 2099 944 popu-

1222 943 1256 976 lo
1267 942 1402 976 Lucenfi
1415 966 1427 982 ‚
1451 952 1487 976 ut
1500 941 1652 986 deinceps
1664 955 1731 978 non
1755 945 1890 980 ditiores
1902 970 1913 987 ,
1939 947 1957 982 a
1980 947 2098 991 quibus
2121 963 2142 986 r.
2150 961 2178 994 q.
2187 958 2270 991 3.c.9

1221 992 1311 1036 plura
1332 993 1512 1036 exspestent
1528 994 1589 1027 suae
1609 993 1778 1034 Ecclefiae,
1804 994 1857 1028 sed
1875 996 2024 1031 meliores
2043 999 2099 1033 eli-

1220 1053 1300 1090 gant
1313 1042 1347 1076 in
1363 1042 1495 1076 Clerum
1507 1067 1515 1075 .
1542 1043 1632 1077 Nam
1643 1045 1676 1078 ὅς
1689 1044 1856 1079 Dominus
1873 1044 1914 1079 ad
1926 1045 2100 1090 Apostola-

1221 1102 1293 1127 tum
1313 1092 1488 1136 adsumpsit
1517 1104 1694 1137 pauperes,
1729 1094 1763 1127 ὃς
1788 1095 1995 1140 Evangelicae
2017 1097 2098 1142 legis

1221 1143 1290 1176 laus
1299 1143 1365 1181 est,
1385 1142 1476 1192 quod
1497 1153 1649 1187 pauperes
1669 1145 1688 1179 a
1711 1144 1864 1184 Domino
1882 1147 2099 1191 evangelizati

1219 1194 1339 1227 caeteris
1352 1193 1575 1237 evangelizent
1592 1219 1598 1226 .

1269 1241 1426 1277 Notanda
1438 1244 1512 1277 sunt
1523 1242 1616 1278 verba
1628 1244 1801 1289 Justiniani
1824 1244 1968 1292 Augusti
1981 1261 1992 1280 ι
2018 1249 2100 1291 ,Quo-

1219 1298 1302 1325 niam
1315 1292 1365 1326 boc
1378 1304 1434 1326 non
1444 1293 1483 1334 est
1495 1300 1603 1336 emptio
1614 1319 1624 1334 ‚
1630 1293 1690 1337 sed
1699 1295 1805 1329 oblatio
1819 1320 1826 1328 .
1852 1295 1996 1331 Nullum
2007 1297 2099 1342 quip-

1221 1342 1258 1385 pe
1271 1345 1396 1386 pactum
1409 1367 1420 1383 ,
1448 1342 1538 1377 nulla
1549 1345 1677 1379 exactio
1686 1369 1697 1385 ‚
1722 1355 1779 1380 aut
1789 1346 1915 1389 sponfio
1925 1347 2030 1390 potest
2044 1346 2100 1384 hic

1220 1393 1430 1427 intervenire.
1445 1394 1597 1427 Sanstum
1608 1393 1766 1437 Joannern
1779 1396 2101 1440 Eleemosynarium,
2119 1406 2170 1437 Die
2195 1416 2238 1445 13·

1217 1441 1436 1477 patriarcham
1461 1443 1742 1486 Alexandrinum,
1771 1447 1857 1489 apud
1880 1447 2100 1481 Laurentium
2117 1447 2181 1485 Ian·

1218 1493 1344 1526 Surium
1355 1494 1436 1527 reete
1451 1493 1562 1528 laudat
1572 1495 1733 1530 Leontius
1753 1495 1994 1540 Neapolitanus
2016 1497 2092 1541 Epi·

1218 1543 1348 1591 scopus,
1375 1543 1464 1586 quod
1476 1545 1662 1588 quempiam
1676 1546 1829 1588 promisso
1855 1545 1971 1593 grandi
1983 1558 2102 1592 grano-

1217 1603 1287 1626 rum
1300 1604 1358 1636 pro
1379 1593 1569 1637 pauperibus
1581 1595 1716 1629 cumulo
1738 1596 1958 1638 postulantem
1978 1598 2102 1632 Diaco-
2231 1598 2237 1618 ³

1217 1652 1332 1676 natum
1342 1641 1485 1684 rejecerit
1510 1653 1546 1677 ut
1557 1644 1772 1678 simoniacum
1784 1670 1791 1676 .
1820 1646 1864 1679 Et
1875 1647 2007 1680 Sanctus
2019 1646 2101 1679 (ἷκε
2138 1641 2168 1685 1--
2180 1649 2207 1674 7·
2230 1639 2272 1671 5¹¹*

1217 1692 1327 1736 gorius
1340 1692 1486 1737 Magnus
1497 1692 1531 1726 in
1548 1692 1662 1727 litteris
1683 1693 1724 1728 ad
1736 1694 1910 1739 Syagrium
1933 1695 2102 1740 Augustoe
2117 1678 2184 1749 ἑξεῖ·
2208 1690 2234 1708 ²’

1215 1741 1393 1776 dunensem
1417 1742 1617 1786 Episcopum
1636 1743 1770 1777 damnat
1796 1745 1941 1782 fimoniae
1964 1745 2098 1787 Episto-
2139 1727 2244 1757 μηδ’

1216 1803 1274 1834 pos
1296 1792 1329 1824 &
1350 1791 1490 1834 populos
1514 1791 1725 1833 Gallicanos,
1754 1793 1844 1836 quod
1865 1794 2018 1837 promissa
2041 1802 2098 1828 aut

1214 1842 1326 1875 exacta
1339 1839 1379 1874 ad
1392 1840 1524 1875 alendos
1537 1852 1687 1885 pauperes
1697 1850 1752 1880 aut
1764 1842 1955 1877 exstruenda
1977 1844 2099 1886 Mona-

1217 1890 1307 1924 steria
1325 1902 1363 1924 ac
1385 1890 1605 1925 Xenodochia
1618 1893 1755 1935 pecunia
1780 1892 2023 1927 Ecclesiasticos
2037 1894 2100 1927 Or·-

1215 1938 1306 1973 dines
1326 1939 1441 1974 darent
1463 1952 1518 1975 aut
1529 1941 1731 1985 acciperent.
1759 1942 1863 1992 Qod
1885 1943 1988 1986 ipsum
2011 1943 2099 1987 apud
2122 1955 2271 1986 1·q.3.c.9

1215 1990 1412 2025 Gratianum
1435 1989 1543 2024 scribit
1565 1990 1752 2026 Alexander
1779 1992 1941 2027 secundus
1961 1991 2002 2028 ad
2023 1992 2098 2028 Cle-

1217 2052 1288 2074 rum
1309 2041 1513 2084 &populum
1538 2041 1718 2076 Lucensem
1731 2067 1738 2074 .
1766 2042 1811 2076 Et
1832 2043 1962 2088 Sanctus
1983 2042 2100 2087 Augu·

1217 2091 1317 2124 stinus
1328 2090 1589 2137 Hipponenfium
1603 2103 1780 2135 pauperum
1791 2114 1803 2131 ,
1829 2091 1978 2125 nobilem
1990 2092 2099 2127 virum

1218 2141 1394 2174 pinianum
1411 2140 1645 2183 postulantium
1668 2141 1708 2174 ad
1730 2140 2018 2184 Presbyteratum,
2043 2152 2098 2175 cu-

1217 2190 1387 2232 piditatem
1399 2190 1479 2223 dicit
1492 2201 1561 2224 non
1583 2190 1676 2224 fuisse
1697 2190 1914 2233 culpabilem,
1940 2188 2036 2233 quod¹
2055 2190 2097 2223 ab
2117 2214 2133 2240 F
2160 2210 2190 2242 3st

1215 2239 1507 2282 ejus-redundantia
1520 2240 1582 2272 suae
1603 2239 1724 2282 inopiae
1746 2238 2005 2281 supplementum
2029 2240 2097 2282 spe·
2125 2220 2156 2250 “p
2194 2223 2270 2248 ’²⁵³’

1216 2300 1320 2322 tarent
1341 2287 1549 2321 solummodo
1563 2311 1574 2327 ‚
1599 2299 1666 2320 non
1680 2287 1921 2331 expostularent
1933 2313 1940 2321 .
1969 2289 2015 2322 Et
2032 2288 2098 2323 Ar·

1215 2336 1338 2371 taldum
1356 2337 1501 2371 Ecclefiae
1521 2337 1678 2385 Elatenfis
1699 2338 1846 2372 Electum
1870 2337 2093 2373 Narbonensis

1216 2387 1430 2431 Metropolita
1441 2388 1628 2422 consecrare
1640 2388 1770 2429 noluit,
1797 2387 1887 2430 quod
1905 2387 2018 2423 omnia
2042 2388 2098 2422 bo·

1217 2450 1256 2471 na
1271 2437 1418 2471 Ecclefiae
1428 2437 1581 2472 donanda
1594 2438 1702 2471 statim
1714 2438 1732 2471 ὲ
1745 2440 1826 2472 facta
1838 2438 1995 2472 elediione
2004 2438 2098 2481 juras-

1215 2488 1258 2522 set
1269 2502 1279 2520 .·
1320 2486 1481 2521 Credebat
1514 2488 1730 2531 Metropolita
1761 2489 1954 2523 electionem
1980 2488 2097 2532 praevia
2135 2478 2222 2516 Apud

1218 2537 1426 2581 promiffione
1436 2546 1657 2580 procuratam.
1685 2537 1728 2571 Et
1740 2539 1879 2572 Decano
1892 2538 2096 2572 Belluacensi
2114 2520 2207 2597 {3¹32
2218 2522 2246 2592 ξ’

1217 2587 1370 2632 roganti,
1398 2587 1502 2627 anis,
1528 2588 1584 2631 qui
1597 2587 1684 2622 bona
1697 2589 1750 2621 sua
1761 2588 1874 2622 omnia
1894 2586 2024 2622 dederat
2036 2588 2098 2622 Ec·
2138 2580 2143 2586 ⁸
2175 2580 2181 2587 ¹
2209 2580 2216 2592 ’
2239 2578 2252 2592 “

1216 2638 1315 2672 clefiae
1325 2648 1365 2671 eo
1377 2639 1470 2680 padio
1482 2662 1492 2678 ,
1519 2647 1555 2670 ut
1566 2648 1601 2671 ea
1618 2637 1824 2680 postmodum
1849 2649 1906 2682 pro
1918 2637 2101 2673 Praebenda

1218 2686 1348 2722 haberet
1359 2687 1543 2730 adsumptus
1556 2687 1591 2721 in
1614 2687 1821 2722 Canonicum
1833 2713 1843 2728 ‚
1870 2689 1947 2722 effet
1969 2687 1988 2721 a
2006 2687 2100 2722 fimo-

1220 2739 1273 2771 nia
1293 2737 1440 2778 alienus,
1466 2737 1631 2779 respondit
1653 2737 1868 2772 Innocentius
1890 2736 2002 2772 tertius
2027 2749 2100 2774 nou

1221 2789 1283 2821 esse
1294 2811 1304 2827 ‚
1329 2788 1424 2821 causa
1436 2788 1614 2821 exactionis
1626 2789 1659 2821 ἃ.
1670 2788 1752 2831 pasti
1766 2812 1772 2819 .

1272 2836 1387 2870 Altera
1397 2836 1523 2870 oblatio
1535 2835 1631 2871 fiebat
1641 2838 1696 2880 ipfi
1718 2837 1881 2881 Episcopo
1893 2860 1904 2876 ,
1929 2837 2100 2881 Metropo-

1223 2887 1286 2920 litae
1299 2911 1309 2927 ,
1322 2886 1472 2926 primati,
1482 2896 1539 2920 aut
1552 2886 1746 2920 Patriarchae
1756 2886 1938 2921 ordinanti.
1960 2887 2095 2924 Etenim

1225 2936 1404 2977 Eusebius,
1433 2935 1576 2978 Ancyrae
1598 2936 1776 2980 Episcopus
1797 2938 1951 2980 &prima
1962 2936 2099 2970 Galatiae

1224 2987 1438 3029 Metropolim
1450 3011 1461 3025 ,
1487 2987 1588 3020 trium
1599 2987 1790 3021 Dioeceseon
1805 2986 2032 3031 Metropolitas
2044 2986 2100 3020 de-

1224 3037 1335 3078 inceps
1345 3037 1362 3069 a
1375 3035 1748 3079 Constantinopolitano
1774 3037 1935 3081 Episcopo
1946 3036 2100 3070 ordinan-

1223 3084 1282 3121 dos
1292 3086 1499 3120 consentiens
1510 3086 1596 3120 dixit
1616 3086 1656 3120 ad
1668 3087 1840 3129 Synodum
1854 3086 2100 3120 Chalcedonenv

1224 3137 1289 3169 sem
1300 3161 1307 3167 .
1334 3138 1412 3178 Rogo
1422 3145 1521 3168 autem
1536 3160 1547 3175 ‚
1572 3145 1606 3171 ut
1623 3142 1767 3169 civitates
1776 3144 1832 3182 pro
1853 3133 2099 3169 odinationibus
2121 3124 2179 3155 A&-
2192 3129 2236 3159 ¹⁶·

1227 3197 1283 3219 non
1290 3183 1414 3227 solvant
1427 3210 1434 3217 .
1460 3187 1493 3218 51·
1503 3191 1581 3222 enim
1591 3198 1648 3219 non
1661 3192 1694 3218 in
1704 3186 1879 3219 civitatibus
1891 3183 1956 3226 spst's
1968 3183 2000 3215 bt·
2011 3206 2022 3223 ,
2047 3188 2101 3225 qui

1227 3237 1374 3278 eliguntur
1384 3237 1404 3266 ἃ
1415 3240 1539 3270 civitate
1551 3259 1562 3277 ,
1587 3237 1761 3269 ordinantur
1773 3239 1792 3268 ῐι
1812 3234 1916 3280 Synodo
1930 3235 2101 3265 Provinciae

1225 3284 1426 3326 comprobati,
1450 3283 1611 3327 fhlvuntur
1619 3284 1791 3328 fiabstantiae
1801 3281 2031 3316 Ecclefiarum.
2054 3285 2102 3314 Et

1226 3334 1439 3375 bocprobatum
1450 3334 1540 3367 habeo
1550 3359 1561 3376 ,
1587 3342 1638 3377 qui
1647 3344 1707 3378 pro
1717 3347 1747 3369 eo
1757 3358 1768 3374 ,
1794 3337 1846 3374 qut·
1865 3341 1937 3367 ante
1957 3330 2076 3371 mefuit
2091 3355 2101 3371 ,

1225 3385 1319 3417 multa
1329 3385 1449 3417 reddidi
1462 3384 1563 3417 debita
1575 3398 1581 3417 :
1642 3396 1688 3418 uae
1702 3385 1764 3416 illae
1774 3386 1979 3415 contraxerat
1990 3380 2030 3414 ad
2042 3379 2103 3414 Pa-

1225 3432 1371 3467 triarchae
1382 3433 1752 3476 Constantinopolitano
1773 3430 1928 3465 solvenda
1950 3430 2020 3474 jura
2041 3431 2102 3463 Ore

1224 3483 1423 3521 dinationis.
1450 3481 1647 3521 Theodotus
1659 3481 1715 3516 ille
1737 3480 1800 3519 fuit
1820 3478 1966 3519 Nestorii
1989 3480 2022 3513 in
2046 3481 2102 3524 Sy=

1963 3529 2055 3566 nodo
