<?xml version="1.0" encoding="UTF-8"?>
<!DOCTYPE html PUBLIC "-//W3C//DTD XHTML 1.0 Transitional//EN"
    "http://www.w3.org/TR/xhtml1/DTD/xhtml1-transitional.dtd">
<html xmlns="http://www.w3.org/1999/xhtml" xml:lang="en" lang="en">
 <head>
  <title>
</title>
<meta http-equiv="Content-Type" content="text/html;charset=utf-8" />
  <meta name='ocr-system' content='tesseract 3.04.00' />
  <meta name='ocr-capabilities' content='ocr_page ocr_carea ocr_par ocr_line ocrx_word'/>
</head>
<body>
  <div class='ocr_page' id='page_1' title='image "./operaomniastudio02lupuuoft_0231.png"; bbox 0 0 2340 3736; ppageno 0'>
   <div class='ocr_carea' id='block_1_1' title="bbox 150 1478 1114 1526">
    <p class='ocr_par' dir='ltr' id='par_1_1' title="bbox 150 1478 1114 1526">
     <span class='ocr_line' id='line_1_1' title="bbox 150 1478 1114 1526; baseline -0.004 -8"><span class='ocrx_word' id='word_1_1' title='bbox 150 1517 157 1526; x_wconf 72' lang='grc'><em>,</em></span> <span class='ocrx_word' id='word_1_2' title='bbox 224 1483 305 1518; x_wconf 85' lang='lat' dir='ltr'>teris</span> <span class='ocrx_word' id='word_1_3' title='bbox 324 1482 365 1517; x_wconf 88' lang='lat' dir='ltr'>ad</span> <span class='ocrx_word' id='word_1_4' title='bbox 385 1479 510 1516; x_wconf 66' lang='lat' dir='ltr'>dicium</span> <span class='ocrx_word' id='word_1_5' title='bbox 532 1480 722 1515; x_wconf 84' lang='lat' dir='ltr'>Maximum</span> <span class='ocrx_word' id='word_1_6' title='bbox 735 1479 883 1516; x_wconf 86' lang='lat' dir='ltr'>laudatus</span> <span class='ocrx_word' id='word_1_7' title='bbox 893 1478 1114 1521; x_wconf 73' lang='lat' dir='ltr'>Athanafius,</span> 
     </span>
    </p>
   </div>
   <div class='ocr_carea' id='block_1_2' title="bbox 385 140 1806 195">
    <p class='ocr_par' dir='ltr' id='par_1_2' title="bbox 385 140 1806 195">
     <span class='ocr_line' id='line_1_2' title="bbox 385 140 1806 195; baseline -0.003 -1"><span class='ocrx_word' id='word_1_8' title='bbox 385 142 471 195; x_wconf 71' lang='lat' dir='ltr'>&#39;An</span> <span class='ocrx_word' id='word_1_9' title='bbox 504 157 991 192; x_wconf 67' lang='lat' dir='ltr'>SACROSANCTUM</span> <span class='ocrx_word' id='word_1_10' title='bbox 1027 143 1389 189; x_wconf 68' lang='lat' dir='ltr'>CONCILIU&#39;M</span> <span class='ocrx_word' id='word_1_11' title='bbox 1426 140 1806 194; x_wconf 69' lang='grc' dir='ltr'>ΕΡΗεεῙΝυΜ.</span> 
     </span>
    </p>
   </div>
   <div class='ocr_carea' id='block_1_3' title="bbox 210 226 1135 1474">
    <p class='ocr_par' dir='ltr' id='par_1_3' title="bbox 210 226 1135 1474">
     <span class='ocr_line' id='line_1_3' title="bbox 215 226 1100 273; baseline -0.008 -7"><span class='ocrx_word' id='word_1_12' title='bbox 215 237 391 268; x_wconf 66' lang='lat' dir='ltr'>incarnatus</span> <span class='ocrx_word' id='word_1_13' title='bbox 413 231 453 272; x_wconf 73' lang='lat' dir='ltr'>est</span> <span class='ocrx_word' id='word_1_14' title='bbox 474 229 513 267; x_wconf 64' lang='lat' dir='ltr'>ea}</span> <span class='ocrx_word' id='word_1_15' title='bbox 534 231 650 273; x_wconf 79' lang='lat' dir='ltr'>spiritu</span> <span class='ocrx_word' id='word_1_16' title='bbox 665 226 771 272; x_wconf 56' lang='lat' dir='ltr'>fando</span> <span class='ocrx_word' id='word_1_17' title='bbox 793 230 828 263; x_wconf 65' lang='lat' dir='ltr'>b·</span> <span class='ocrx_word' id='word_1_18' title='bbox 848 231 951 261; x_wconf 81' lang='lat' dir='ltr'>Maria</span> <span class='ocrx_word' id='word_1_19' title='bbox 962 231 1100 271; x_wconf 77' lang='lat' dir='ltr'><em>Virgine.</em></span> 
     </span>
     <span class='ocr_line' id='line_1_4' title="bbox 216 277 1102 326; baseline -0.009 -9"><span class='ocrx_word' id='word_1_20' title='bbox 216 283 275 319; x_wconf 88' lang='lat' dir='ltr'>Ob</span> <span class='ocrx_word' id='word_1_21' title='bbox 287 284 381 319; x_wconf 84' lang='lat' dir='ltr'>istam</span> <span class='ocrx_word' id='word_1_22' title='bbox 390 280 490 316; x_wconf 81' lang='lat' dir='ltr'>fidem</span> <span class='ocrx_word' id='word_1_23' title='bbox 500 280 612 326; x_wconf 84' lang='lat' dir='ltr'>gravia</span> <span class='ocrx_word' id='word_1_24' title='bbox 627 278 686 313; x_wconf 90' lang='lat' dir='ltr'>sibi</span> <span class='ocrx_word' id='word_1_25' title='bbox 697 278 739 314; x_wconf 90' lang='lat' dir='ltr'>ab</span> <span class='ocrx_word' id='word_1_26' title='bbox 753 278 957 321; x_wconf 85' lang='lat' dir='ltr'>Apollinarii</span> <span class='ocrx_word' id='word_1_27' title='bbox 970 277 1102 315; x_wconf 80' lang='lat' dir='ltr'>resusci-</span> 
     </span>
     <span class='ocr_line' id='line_1_5' title="bbox 214 326 1114 370; baseline -0.01 -2"><span class='ocrx_word' id='word_1_28' title='bbox 214 333 376 368; x_wconf 80' lang='lat' dir='ltr'>tatoribus</span> <span class='ocrx_word' id='word_1_29' title='bbox 388 331 512 366; x_wconf 81' lang='lat' dir='ltr'>moveri</span> <span class='ocrx_word' id='word_1_30' title='bbox 521 330 700 365; x_wconf 87' lang='lat' dir='ltr'>certamina</span> <span class='ocrx_word' id='word_1_31' title='bbox 710 354 722 370; x_wconf 89' lang='lat'>‚</span> <span class='ocrx_word' id='word_1_32' title='bbox 748 329 874 363; x_wconf 87' lang='lat' dir='ltr'>effutire</span> <span class='ocrx_word' id='word_1_33' title='bbox 887 339 955 363; x_wconf 90' lang='lat' dir='ltr'>non</span> <span class='ocrx_word' id='word_1_34' title='bbox 969 326 1101 362; x_wconf 77' lang='lat' dir='ltr'>erubuit</span> <span class='ocrx_word' id='word_1_35' title='bbox 1112 361 1114 363; x_wconf 76' lang='grc'><strong>,</strong></span> 
     </span>
     <span class='ocr_line' id='line_1_6' title="bbox 215 378 1103 421; baseline -0.012 -1"><span class='ocrx_word' id='word_1_36' title='bbox 215 382 389 421; x_wconf 81' lang='lat' dir='ltr'>in·litteris</span> <span class='ocrx_word' id='word_1_37' title='bbox 407 381 449 416; x_wconf 86' lang='lat' dir='ltr'>ad</span> <span class='ocrx_word' id='word_1_38' title='bbox 459 380 662 419; x_wconf 78' lang='lat' dir='ltr'>Pontificem</span> <span class='ocrx_word' id='word_1_39' title='bbox 672 378 876 417; x_wconf 80' lang='lat' dir='ltr'>Celestinnm</span> <span class='ocrx_word' id='word_1_40' title='bbox 889 403 896 411; x_wconf 92' lang='lat'><em>.</em></span> <span class='ocrx_word' id='word_1_41' title='bbox 923 378 1019 412; x_wconf 76' lang='lat' dir='ltr'>Hinc</span> <span class='ocrx_word' id='word_1_42' title='bbox 1046 387 1103 410; x_wconf 84' lang='lat' dir='ltr'>no-</span> 
     </span>
     <span class='ocr_line' id='line_1_7' title="bbox 216 424 1104 478; baseline -0.01 -11"><span class='ocrx_word' id='word_1_43' title='bbox 216 432 279 467; x_wconf 80' lang='lat' dir='ltr'>stra</span> <span class='ocrx_word' id='word_1_44' title='bbox 303 430 456 476; x_wconf 87' lang='lat' dir='ltr'>Synodus</span> <span class='ocrx_word' id='word_1_45' title='bbox 475 431 576 466; x_wconf 87' lang='lat' dir='ltr'>aliam</span> <span class='ocrx_word' id='word_1_46' title='bbox 594 430 674 467; x_wconf 87' lang='lat' dir='ltr'>fidei</span> <span class='ocrx_word' id='word_1_47' title='bbox 697 428 928 478; x_wconf 78' lang='lat' dir='ltr'>definitionem</span> <span class='ocrx_word' id='word_1_48' title='bbox 953 451 966 468; x_wconf 94' lang='lat'>,</span> <span class='ocrx_word' id='word_1_49' title='bbox 1000 424 1104 470; x_wconf 66' lang='lat' dir='ltr'>long&amp;</span> 
     </span>
     <span class='ocr_line' id='line_1_8' title="bbox 214 475 1103 528; baseline -0.011 -10"><span class='ocrx_word' id='word_1_50' title='bbox 214 483 322 528; x_wconf 78' lang='lat' dir='ltr'>magis</span> <span class='ocrx_word' id='word_1_51' title='bbox 339 481 430 517; x_wconf 77' lang='lat' dir='ltr'>aliud</span> <span class='ocrx_word' id='word_1_52' title='bbox 449 480 647 526; x_wconf 84' lang='lat' dir='ltr'>Symbolum</span> <span class='ocrx_word' id='word_1_53' title='bbox 669 479 779 515; x_wconf 75' lang='lat' dir='ltr'>noluit</span> <span class='ocrx_word' id='word_1_54' title='bbox 796 476 963 517; x_wconf 79' lang='lat' dir='ltr'>condere,</span> <span class='ocrx_word' id='word_1_55' title='bbox 989 475 1103 510; x_wconf 88' lang='lat' dir='ltr'>volens</span> 
     </span>
     <span class='ocr_line' id='line_1_9' title="bbox 214 525 1102 569; baseline -0.008 -3"><span class='ocrx_word' id='word_1_56' title='bbox 214 533 282 569; x_wconf 77' lang='lat' dir='ltr'>sme</span> <span class='ocrx_word' id='word_1_57' title='bbox 304 533 417 567; x_wconf 84' lang='lat' dir='ltr'>fronte</span> <span class='ocrx_word' id='word_1_58' title='bbox 437 532 631 567; x_wconf 83' lang='lat' dir='ltr'>mendacem</span> <span class='ocrx_word' id='word_1_59' title='bbox 651 529 821 564; x_wconf 82' lang='lat' dir='ltr'>hominem</span> <span class='ocrx_word' id='word_1_60' title='bbox 844 525 1047 561; x_wconf 66' lang='lat' dir='ltr'>contundere</span> <span class='ocrx_word' id='word_1_61' title='bbox 1059 535 1102 560; x_wconf 78' lang='lat' dir='ltr'>ex</span> 
     </span>
     <span class='ocr_line' id='line_1_10' title="bbox 214 576 1102 625; baseline -0.009 -8"><span class='ocrx_word' id='word_1_62' title='bbox 214 581 290 617; x_wconf 87' lang='lat' dir='ltr'>solo</span> <span class='ocrx_word' id='word_1_63' title='bbox 309 582 472 621; x_wconf 81' lang='lat' dir='ltr'>Nicaen0‚</span> <span class='ocrx_word' id='word_1_64' title='bbox 498 582 539 617; x_wconf 85' lang='lat' dir='ltr'>de</span> <span class='ocrx_word' id='word_1_65' title='bbox 561 592 629 625; x_wconf 88' lang='lat' dir='ltr'>quo</span> <span class='ocrx_word' id='word_1_66' title='bbox 651 580 686 613; x_wconf 90' lang='lat' dir='ltr'>in</span> <span class='ocrx_word' id='word_1_67' title='bbox 708 578 826 617; x_wconf 79' lang='lat' dir='ltr'>litteris</span> <span class='ocrx_word' id='word_1_68' title='bbox 850 576 892 612; x_wconf 81' lang='lat' dir='ltr'>ad</span> <span class='ocrx_word' id='word_1_69' title='bbox 912 576 1102 610; x_wconf 83' lang='lat' dir='ltr'>Maximum</span> 
     </span>
     <span class='ocr_line' id='line_1_11' title="bbox 216 627 1105 677; baseline -0.009 -11"><span class='ocrx_word' id='word_1_70' title='bbox 216 629 462 677; x_wconf 82' lang='lat' dir='ltr'>Philosophum</span> <span class='ocrx_word' id='word_1_71' title='bbox 472 633 607 667; x_wconf 67' lang='lat' dir='ltr'>Sanctus</span> <span class='ocrx_word' id='word_1_72' title='bbox 620 627 838 664; x_wconf 68' lang='lat' dir='ltr'>Athanasius:</span> <span class='ocrx_word' id='word_1_73' title='bbox 864 627 975 669; x_wconf 76' lang='lat' dir='ltr'>Sufficit</span> <span class='ocrx_word' id='word_1_74' title='bbox 995 635 1105 661; x_wconf 77' lang='lat' dir='ltr'>extere-</span> 
     </span>
     <span class='ocr_line' id='line_1_12' title="bbox 216 676 1115 725; baseline -0.009 -8"><span class='ocrx_word' id='word_1_75' title='bbox 216 676 250 717; x_wconf 59' lang='lat' dir='ltr'>re</span> <span class='ocrx_word' id='word_1_76' title='bbox 259 694 359 717; x_wconf 87' lang='lat' dir='ltr'>omnes</span> <span class='ocrx_word' id='word_1_77' title='bbox 370 688 483 725; x_wconf 65' lang='lat' dir='ltr'>impias</span> <span class='ocrx_word' id='word_1_78' title='bbox 493 679 619 724; x_wconf 62' lang='lat' dir='ltr'>haereses</span> <span class='ocrx_word' id='word_1_79' title='bbox 629 703 640 720; x_wconf 88' lang='lat'><strong>,</strong></span> <span class='ocrx_word' id='word_1_80' title='bbox 666 680 701 713; x_wconf 71' lang='grc' dir='ltr'>ὠ·</span> <span class='ocrx_word' id='word_1_81' title='bbox 712 679 865 720; x_wconf 66' lang='lat' dir='ltr'>praecipuo</span> <span class='ocrx_word' id='word_1_82' title='bbox 877 681 1115 719; x_wconf 68' lang='lat' dir='ltr'>Arianamfflcae&#39;</span> 
     </span>
     <span class='ocr_line' id='line_1_13' title="bbox 217 725 1102 775; baseline -0.008 -9"><span class='ocrx_word' id='word_1_83' title='bbox 217 738 251 766; x_wconf 77' lang='lat' dir='ltr'>in</span> <span class='ocrx_word' id='word_1_84' title='bbox 262 732 392 768; x_wconf 78' lang='lat' dir='ltr'><em>Verbum</em></span> <span class='ocrx_word' id='word_1_85' title='bbox 403 735 462 766; x_wconf 78' lang='lat' dir='ltr'>Dei</span> <span class='ocrx_word' id='word_1_86' title='bbox 474 730 674 775; x_wconf 70' lang='lat' dir='ltr'>blasphemias</span> <span class='ocrx_word' id='word_1_87' title='bbox 685 729 759 761; x_wconf 68' lang='lat' dir='ltr'>dicit</span> <span class='ocrx_word' id='word_1_88' title='bbox 771 751 778 760; x_wconf 87' lang='lat'><strong>.</strong></span> <span class='ocrx_word' id='word_1_89' title='bbox 808 726 887 762; x_wconf 88' lang='lat' dir='ltr'>Ubi</span> <span class='ocrx_word' id='word_1_90' title='bbox 898 726 956 761; x_wconf 92' lang='lat' dir='ltr'>sub</span> <span class='ocrx_word' id='word_1_91' title='bbox 977 725 1102 761; x_wconf 89' lang='lat' dir='ltr'>Ariana</span> 
     </span>
     <span class='ocr_line' id='line_1_14' title="bbox 217 776 1105 822; baseline -0.009 -4"><span class='ocrx_word' id='word_1_92' title='bbox 217 781 325 818; x_wconf 76' lang='lat' dir='ltr'>haerefi</span> <span class='ocrx_word' id='word_1_93' title='bbox 347 783 483 818; x_wconf 69' lang='lat' dir='ltr'>Sanctus</span> <span class='ocrx_word' id='word_1_94' title='bbox 493 777 689 815; x_wconf 82' lang='lat' dir='ltr'>Athanasius</span> <span class='ocrx_word' id='word_1_95' title='bbox 700 776 951 822; x_wconf 81' lang='lat' dir='ltr'>comprehendit</span> <span class='ocrx_word' id='word_1_96' title='bbox 963 777 1105 812; x_wconf 74' lang='lat' dir='ltr'>omnino</span> 
     </span>
     <span class='ocr_line' id='line_1_15' title="bbox 215 827 1105 872; baseline -0.007 -5"><span class='ocrx_word' id='word_1_97' title='bbox 215 832 254 866; x_wconf 85' lang='lat'>&amp;</span> <span class='ocrx_word' id='word_1_98' title='bbox 275 831 531 872; x_wconf 69' lang='lat' dir='ltr'>Nestoi-ianam,</span> <span class='ocrx_word' id='word_1_99' title='bbox 555 837 607 865; x_wconf 87' lang='lat' dir='ltr'>tot</span> <span class='ocrx_word' id='word_1_100' title='bbox 627 829 725 863; x_wconf 90' lang='lat' dir='ltr'>annis</span> <span class='ocrx_word' id='word_1_101' title='bbox 747 838 824 863; x_wconf 84' lang='lat' dir='ltr'>ante</span> <span class='ocrx_word' id='word_1_102' title='bbox 845 837 961 862; x_wconf 89' lang='lat' dir='ltr'>natum</span> <span class='ocrx_word' id='word_1_103' title='bbox 986 827 1105 868; x_wconf 57' lang='lat' dir='ltr'>Nestoss</span> 
     </span>
     <span class='ocr_line' id='line_1_16' title="bbox 218 877 1105 918; baseline -0.007 -1"><span class='ocrx_word' id='word_1_104' title='bbox 218 883 325 918; x_wconf 81' lang='lat' dir='ltr'>rium.</span> <span class='ocrx_word' id='word_1_105' title='bbox 354 881 491 916; x_wconf 84' lang='lat' dir='ltr'>Etenim</span> <span class='ocrx_word' id='word_1_106' title='bbox 512 880 548 914; x_wconf 75' lang='grc' dir='ltr'>δι</span> <span class='ocrx_word' id='word_1_107' title='bbox 567 880 603 914; x_wconf 92' lang='lat' dir='ltr'>in</span> <span class='ocrx_word' id='word_1_108' title='bbox 626 879 687 912; x_wconf 86' lang='lat' dir='ltr'>ista</span> <span class='ocrx_word' id='word_1_109' title='bbox 708 878 750 913; x_wconf 87' lang='lat' dir='ltr'>ad</span> <span class='ocrx_word' id='word_1_110' title='bbox 772 878 963 912; x_wconf 83' lang='lat' dir='ltr'>Maximum</span> <span class='ocrx_word' id='word_1_111' title='bbox 976 901 988 917; x_wconf 93' lang='lat'>,</span> <span class='ocrx_word' id='word_1_112' title='bbox 1012 877 1048 912; x_wconf 77' lang='grc' dir='ltr'>δε</span> <span class='ocrx_word' id='word_1_113' title='bbox 1069 877 1105 911; x_wconf 79' lang='lat' dir='ltr'>in</span> 
     </span>
     <span class='ocr_line' id='line_1_17' title="bbox 217 926 1134 978; baseline -0.004 -12"><span class='ocrx_word' id='word_1_114' title='bbox 217 929 371 978; x_wconf 71' lang='lat' dir='ltr'>proxime</span> <span class='ocrx_word' id='word_1_115' title='bbox 389 928 586 975; x_wconf 79' lang='lat' dir='ltr'>praecedenti</span> <span class='ocrx_word' id='word_1_116' title='bbox 608 928 650 963; x_wconf 89' lang='lat' dir='ltr'>ad</span> <span class='ocrx_word' id='word_1_117' title='bbox 675 926 882 972; x_wconf 80' lang='lat' dir='ltr'>Adelphium</span> <span class='ocrx_word' id='word_1_118' title='bbox 905 928 1106 972; x_wconf 84' lang='lat' dir='ltr'>Episcopum</span> <span class='ocrx_word' id='word_1_119' title='bbox 1132 945 1134 947; x_wconf 88' lang='grc'><em>·</em></span> 
     </span>
     <span class='ocr_line' id='line_1_18' title="bbox 218 978 1109 1024; baseline -0.008 -6"><span class='ocrx_word' id='word_1_120' title='bbox 218 984 256 1018; x_wconf 72' lang='lat' dir='ltr'>&lt;sc</span> <span class='ocrx_word' id='word_1_121' title='bbox 267 981 497 1017; x_wconf 81' lang='lat' dir='ltr'>Confeflorem</span> <span class='ocrx_word' id='word_1_122' title='bbox 515 979 666 1024; x_wconf 83' lang='lat' dir='ltr'>Epistola</span> <span class='ocrx_word' id='word_1_123' title='bbox 675 979 835 1014; x_wconf 82' lang='lat' dir='ltr'>Arianam</span> <span class='ocrx_word' id='word_1_124' title='bbox 846 978 1014 1023; x_wconf 83' lang='lat' dir='ltr'>perfidiam</span> <span class='ocrx_word' id='word_1_125' title='bbox 1027 978 1109 1013; x_wconf 83' lang='lat' dir='ltr'>dicit</span> 
     </span>
     <span class='ocr_line' id='line_1_19' title="bbox 219 1024 1107 1078; baseline -0.005 -12"><span class='ocrx_word' id='word_1_126' title='bbox 219 1032 313 1066; x_wconf 74' lang='lat' dir='ltr'>fuisse</span> <span class='ocrx_word' id='word_1_127' title='bbox 333 1024 474 1066; x_wconf 83' lang='lat' dir='ltr'>divisam</span> <span class='ocrx_word' id='word_1_128' title='bbox 495 1030 532 1066; x_wconf 83' lang='lat' dir='ltr'>in</span> <span class='ocrx_word' id='word_1_129' title='bbox 553 1029 712 1065; x_wconf 63' lang='lat' dir='ltr'>factiones</span> <span class='ocrx_word' id='word_1_130' title='bbox 733 1028 860 1069; x_wconf 82' lang='lat' dir='ltr'>varias,&#39;</span> <span class='ocrx_word' id='word_1_131' title='bbox 884 1031 1020 1078; x_wconf 81' lang='lat' dir='ltr'>quarum</span> <span class='ocrx_word' id='word_1_132' title='bbox 1042 1041 1107 1063; x_wconf 88' lang='lat' dir='ltr'>una</span> 
     </span>
     <span class='ocr_line' id='line_1_20' title="bbox 218 1077 1135 1122; baseline -0.005 -5"><span class='ocrx_word' id='word_1_133' title='bbox 218 1082 412 1117; x_wconf 89' lang='lat' dir='ltr'>Dominum</span> <span class='ocrx_word' id='word_1_134' title='bbox 436 1080 584 1116; x_wconf 86' lang='lat' dir='ltr'>nostrum</span> <span class='ocrx_word' id='word_1_135' title='bbox 605 1079 712 1122; x_wconf 88' lang='lat' dir='ltr'>Jesum</span> <span class='ocrx_word' id='word_1_136' title='bbox 734 1077 1021 1115; x_wconf 70' lang='lat' dir='ltr'>ChristumaDeo</span> <span class='ocrx_word' id='word_1_137' title='bbox 1031 1079 1109 1114; x_wconf 82' lang='lat' dir='ltr'>Ver·</span> <span class='ocrx_word' id='word_1_138' title='bbox 1132 1102 1135 1104; x_wconf 73' lang='lat'><strong><em>—</em></strong></span> 
     </span>
     <span class='ocr_line' id='line_1_21' title="bbox 218 1129 1111 1178; baseline -0.004 -11"><span class='ocrx_word' id='word_1_139' title='bbox 218 1132 268 1167; x_wconf 83' lang='lat' dir='ltr'>bo</span> <span class='ocrx_word' id='word_1_140' title='bbox 277 1131 423 1172; x_wconf 66' lang='lat' dir='ltr'>diviserit</span> <span class='ocrx_word' id='word_1_141' title='bbox 434 1155 447 1172; x_wconf 88' lang='lat'>,</span> <span class='ocrx_word' id='word_1_142' title='bbox 471 1141 550 1165; x_wconf 89' lang='lat' dir='ltr'>cum</span> <span class='ocrx_word' id='word_1_143' title='bbox 561 1130 668 1165; x_wconf 85' lang='lat' dir='ltr'>Paulo</span> <span class='ocrx_word' id='word_1_144' title='bbox 674 1130 896 1176; x_wconf 68' lang='lat' dir='ltr'>,Samosatensi</span> <span class='ocrx_word' id='word_1_145' title='bbox 910 1130 1055 1178; x_wconf 82' lang='lat' dir='ltr'>garriens</span> <span class='ocrx_word' id='word_1_146' title='bbox 1066 1129 1111 1163; x_wconf 78' lang='lat' dir='ltr'>es-</span> 
     </span>
     <span class='ocr_line' id='line_1_22' title="bbox 220 1178 1112 1226; baseline -0.006 -9"><span class='ocrx_word' id='word_1_147' title='bbox 220 1183 257 1217; x_wconf 78' lang='lat' dir='ltr'>se</span> <span class='ocrx_word' id='word_1_148' title='bbox 266 1181 441 1217; x_wconf 77' lang='lat' dir='ltr'>hominem</span> <span class='ocrx_word' id='word_1_149' title='bbox 449 1192 584 1225; x_wconf 67' lang='lat' dir='ltr'>purum,</span> <span class='ocrx_word' id='word_1_150' title='bbox 610 1180 720 1215; x_wconf 84' lang='lat' dir='ltr'>Hasce</span> <span class='ocrx_word' id='word_1_151' title='bbox 731 1180 970 1226; x_wconf 72' lang='lat' dir='ltr'>propositiones</span> <span class='ocrx_word' id='word_1_152' title='bbox 982 1205 993 1221; x_wconf 94' lang='lat'>,</span> <span class='ocrx_word' id='word_1_153' title='bbox 1019 1178 1112 1212; x_wconf 72' lang='lat' dir='ltr'>chri-</span> 
     </span>
     <span class='ocr_line' id='line_1_23' title="bbox 210 1228 1110 1275; baseline 0 -10"><span class='ocrx_word' id='word_1_154' title='bbox 210 1232 283 1274; x_wconf 68' lang='lat' dir='ltr'>stus</span> <span class='ocrx_word' id='word_1_155' title='bbox 293 1230 330 1272; x_wconf 71' lang='lat' dir='ltr'>est</span> <span class='ocrx_word' id='word_1_156' title='bbox 339 1230 446 1274; x_wconf 65' lang='lat' dir='ltr'>infirm·</span> <span class='ocrx_word' id='word_1_157' title='bbox 458 1230 469 1271; x_wconf 74' lang='lat'>&#39;‚</span> <span class='ocrx_word' id='word_1_158' title='bbox 490 1239 570 1273; x_wconf 80' lang='lat' dir='ltr'>puer</span> <span class='ocrx_word' id='word_1_159' title='bbox 581 1254 593 1272; x_wconf 93' lang='lat'>‚</span> <span class='ocrx_word' id='word_1_160' title='bbox 618 1228 720 1274; x_wconf 72' lang='lat' dir='ltr'>crescit</span> <span class='ocrx_word' id='word_1_161' title='bbox 730 1256 742 1272; x_wconf 89' lang='lat'><strong>,</strong></span> <span class='ocrx_word' id='word_1_162' title='bbox 767 1230 859 1275; x_wconf 79' lang='lat' dir='ltr'>esurit</span> <span class='ocrx_word' id='word_1_163' title='bbox 869 1255 880 1272; x_wconf 92' lang='lat'><strong>,</strong></span> <span class='ocrx_word' id='word_1_164' title='bbox 889 1235 1010 1272; x_wconf 77' lang='lat' dir='ltr'>patitur</span> <span class='ocrx_word' id='word_1_165' title='bbox 1022 1254 1033 1271; x_wconf 95' lang='lat'>‚</span> <span class='ocrx_word' id='word_1_166' title='bbox 1044 1240 1110 1265; x_wconf 74' lang='lat' dir='ltr'>cru-</span> 
     </span>
     <span class='ocr_line' id='line_1_24' title="bbox 219 1278 1112 1326; baseline -0.006 -9"><span class='ocrx_word' id='word_1_167' title='bbox 219 1282 376 1326; x_wconf 72' lang='lat' dir='ltr'>cifigitur,</span> <span class='ocrx_word' id='word_1_168' title='bbox 401 1285 552 1320; x_wconf 82' lang='lat' dir='ltr'>moritur,</span> <span class='ocrx_word' id='word_1_169' title='bbox 579 1281 714 1324; x_wconf 87' lang='lat' dir='ltr'>professa</span> <span class='ocrx_word' id='word_1_170' title='bbox 726 1280 878 1323; x_wconf 81' lang='lat' dir='ltr'>admisit·‚</span> <span class='ocrx_word' id='word_1_171' title='bbox 904 1289 939 1314; x_wconf 86' lang='lat' dir='ltr'>at</span> <span class='ocrx_word' id='word_1_172' title='bbox 962 1279 1040 1314; x_wconf 71' lang='lat' dir='ltr'>vero</span> <span class='ocrx_word' id='word_1_173' title='bbox 1054 1278 1112 1312; x_wconf 79' lang='lat' dir='ltr'>isla</span> 
     </span>
     <span class='ocr_line' id='line_1_25' title="bbox 222 1328 1114 1369; baseline -0.004 -2"><span class='ocrx_word' id='word_1_174' title='bbox 222 1331 426 1369; x_wconf 78' lang='lat' dir='ltr'>infirmitatis</span> <span class='ocrx_word' id='word_1_175' title='bbox 447 1329 607 1365; x_wconf 86' lang='lat' dir='ltr'>idiomata</span> <span class='ocrx_word' id='word_1_176' title='bbox 625 1330 702 1364; x_wconf 89' lang='lat' dir='ltr'>Deo</span> <span class='ocrx_word' id='word_1_177' title='bbox 714 1329 828 1365; x_wconf 86' lang='lat' dir='ltr'>Verbo</span> <span class='ocrx_word' id='word_1_178' title='bbox 838 1328 1020 1364; x_wconf 79' lang='lat' dir='ltr'>adscribere</span> <span class='ocrx_word' id='word_1_179' title='bbox 1031 1338 1114 1363; x_wconf 85' lang='lat' dir='ltr'>tam-</span> 
     </span>
     <span class='ocr_line' id='line_1_26' title="bbox 224 1377 1114 1427; baseline -0.004 -10"><span class='ocrx_word' id='word_1_180' title='bbox 224 1385 328 1427; x_wconf 82' lang='lat' dir='ltr'>quam</span> <span class='ocrx_word' id='word_1_181' title='bbox 336 1378 608 1425; x_wconf 83' lang='lat' dir='ltr'>blasphemiasest</span> <span class='ocrx_word' id='word_1_182' title='bbox 619 1377 775 1415; x_wconf 82' lang='lat' dir='ltr'>detestata</span> <span class='ocrx_word' id='word_1_183' title='bbox 790 1405 799 1413; x_wconf 84' lang='lat'><strong>.</strong></span> <span class='ocrx_word' id='word_1_184' title='bbox 826 1381 870 1415; x_wconf 89' lang='lat' dir='ltr'>Et</span> <span class='ocrx_word' id='word_1_185' title='bbox 891 1378 959 1414; x_wconf 83' lang='lat' dir='ltr'>haec</span> <span class='ocrx_word' id='word_1_186' title='bbox 969 1379 1016 1414; x_wconf 87' lang='lat' dir='ltr'>est</span> <span class='ocrx_word' id='word_1_187' title='bbox 1030 1380 1114 1424; x_wconf 84' lang='lat' dir='ltr'>ipsis·</span> 
     </span>
     <span class='ocr_line' id='line_1_27' title="bbox 223 1429 1112 1474; baseline -0.004 -6"><span class='ocrx_word' id='word_1_188' title='bbox 223 1433 306 1468; x_wconf 77' lang='lat' dir='ltr'>fima</span> <span class='ocrx_word' id='word_1_189' title='bbox 316 1430 438 1467; x_wconf 75' lang='lat' dir='ltr'>haerefis</span> <span class='ocrx_word' id='word_1_190' title='bbox 448 1429 664 1466; x_wconf 83' lang='lat' dir='ltr'>Nestoriana.</span> <span class='ocrx_word' id='word_1_191' title='bbox 691 1435 744 1465; x_wconf 82' lang='lat' dir='ltr'>Ne</span> <span class='ocrx_word' id='word_1_192' title='bbox 757 1435 826 1474; x_wconf 80' lang='lat' dir='ltr'>quis</span> <span class='ocrx_word' id='word_1_193' title='bbox 838 1454 850 1471; x_wconf 92' lang='lat'>,</span> <span class='ocrx_word' id='word_1_194' title='bbox 876 1429 985 1472; x_wconf 84' lang='lat' dir='ltr'>lnquit</span> <span class='ocrx_word' id='word_1_195' title='bbox 1008 1431 1043 1464; x_wconf 93' lang='lat' dir='ltr'>in</span> <span class='ocrx_word' id='word_1_196' title='bbox 1062 1429 1112 1464; x_wconf 89' lang='lat' dir='ltr'>lit·</span> 
     </span>
    </p>
   </div>
   <div class='ocr_carea' id='block_1_4' title="bbox 187 1531 1152 3571">
    <p class='ocr_par' dir='ltr' id='par_1_4' title="bbox 224 1531 1115 1672">
     <span class='ocr_line' id='line_1_28' title="bbox 224 1531 1115 1573; baseline -0.007 -6"><span class='ocrx_word' id='word_1_197' title='bbox 224 1532 356 1568; x_wconf 49' lang='lat' dir='ltr'>§rideat</span> <span class='ocrx_word' id='word_1_198' title='bbox 378 1531 498 1572; x_wconf 82' lang='lat' dir='ltr'>verba,</span> <span class='ocrx_word' id='word_1_199' title='bbox 523 1532 597 1565; x_wconf 78' lang='lat' dir='ltr'>dum</span> <span class='ocrx_word' id='word_1_200' title='bbox 615 1533 704 1564; x_wconf 77' lang='lat' dir='ltr'>audit</span> <span class='ocrx_word' id='word_1_201' title='bbox 726 1539 852 1573; x_wconf 80' lang='lat' dir='ltr'>puerum</span> <span class='ocrx_word' id='word_1_202' title='bbox 866 1554 878 1571; x_wconf 92' lang='lat'>,</span> <span class='ocrx_word' id='word_1_203' title='bbox 903 1538 1045 1570; x_wconf 61' lang='lat' dir='ltr'>motem,</span> <span class='ocrx_word' id='word_1_204' title='bbox 1068 1534 1115 1562; x_wconf 73' lang='lat' dir='ltr'>in-</span> 
     </span>
     <span class='ocr_line' id='line_1_29' title="bbox 225 1578 1114 1624; baseline -0.004 -6"><span class='ocrx_word' id='word_1_205' title='bbox 225 1592 405 1618; x_wconf 85' lang='lat' dir='ltr'>crementum</span> <span class='ocrx_word' id='word_1_206' title='bbox 418 1606 428 1622; x_wconf 89' lang='lat'>,</span> <span class='ocrx_word' id='word_1_207' title='bbox 453 1583 558 1622; x_wconf 82' lang='lat' dir='ltr'>edere,</span> <span class='ocrx_word' id='word_1_208' title='bbox 584 1581 674 1616; x_wconf 73' lang='lat' dir='ltr'>libere</span> <span class='ocrx_word' id='word_1_209' title='bbox 692 1587 763 1624; x_wconf 85' lang='lat' dir='ltr'>pati</span> <span class='ocrx_word' id='word_1_210' title='bbox 782 1606 790 1613; x_wconf 90' lang='lat'><strong>.</strong></span> <span class='ocrx_word' id='word_1_211' title='bbox 818 1582 907 1615; x_wconf 88' lang='lat' dir='ltr'>Nam</span> <span class='ocrx_word' id='word_1_212' title='bbox 931 1580 1023 1615; x_wconf 88' lang='lat' dir='ltr'>audit</span> <span class='ocrx_word' id='word_1_213' title='bbox 1048 1578 1114 1615; x_wconf 80' lang='lat' dir='ltr'>haec</span> 
     </span>
     <span class='ocr_line' id='line_1_30' title="bbox 225 1629 1113 1672; baseline -0.006 -4"><span class='ocrx_word' id='word_1_214' title='bbox 225 1644 299 1668; x_wconf 85' lang='lat' dir='ltr'>non</span> <span class='ocrx_word' id='word_1_215' title='bbox 321 1632 430 1667; x_wconf 67' lang='lat' dir='ltr'>solnm</span> <span class='ocrx_word' id='word_1_216' title='bbox 441 1632 482 1666; x_wconf 88' lang='lat' dir='ltr'>de</span> <span class='ocrx_word' id='word_1_217' title='bbox 490 1642 574 1666; x_wconf 80' lang='lat' dir='ltr'>voce</span> <span class='ocrx_word' id='word_1_218' title='bbox 585 1630 716 1672; x_wconf 67' lang='lat' dir='ltr'>christus</span> <span class='ocrx_word' id='word_1_219' title='bbox 730 1631 742 1671; x_wconf 73' lang='lat'>,⁷</span> <span class='ocrx_word' id='word_1_220' title='bbox 766 1630 865 1666; x_wconf 80' lang='lat' dir='ltr'>sed&amp;</span> <span class='ocrx_word' id='word_1_221' title='bbox 883 1629 925 1665; x_wconf 87' lang='lat' dir='ltr'>de</span> <span class='ocrx_word' id='word_1_222' title='bbox 938 1641 1019 1664; x_wconf 92' lang='lat' dir='ltr'>voce</span> <span class='ocrx_word' id='word_1_223' title='bbox 1030 1632 1113 1665; x_wconf 87' lang='lat' dir='ltr'>Deus</span> 
     </span>
    </p>

    <p class='ocr_par' dir='ltr' id='par_1_5' title="bbox 187 1679 1152 3571">
     <span class='ocr_line' id='line_1_31' title="bbox 187 1679 1114 1726; baseline -0.004 -9"><span class='ocrx_word' id='word_1_224' title='bbox 187 1681 190 1683; x_wconf 72' lang='grc'><strong>’</strong></span> <span class='ocrx_word' id='word_1_225' title='bbox 226 1682 359 1718; x_wconf 75' lang='lat' dir='ltr'>Verbum</span> <span class='ocrx_word' id='word_1_226' title='bbox 369 1681 534 1726; x_wconf 72' lang='lat' dir='ltr'>praedicari</span> <span class='ocrx_word' id='word_1_227' title='bbox 548 1706 556 1714; x_wconf 92' lang='lat'><strong>.</strong></span> <span class='ocrx_word' id='word_1_228' title='bbox 585 1681 631 1715; x_wconf 90' lang='lat' dir='ltr'>Et</span> <span class='ocrx_word' id='word_1_229' title='bbox 645 1681 747 1715; x_wconf 73' lang='lat' dir='ltr'>iufra:</span> <span class='ocrx_word' id='word_1_230' title='bbox 776 1679 848 1715; x_wconf 60' lang='grc' dir='ltr'>Ηώς</span> <span class='ocrx_word' id='word_1_231' title='bbox 866 1681 994 1716; x_wconf 80' lang='lat' dir='ltr'>breviter</span> <span class='ocrx_word' id='word_1_232' title='bbox 1003 1692 1042 1714; x_wconf 82' lang='lat' dir='ltr'>ex</span> <span class='ocrx_word' id='word_1_233' title='bbox 1053 1685 1114 1713; x_wconf 79' lang='lat' dir='ltr'>tuis</span> 
     </span>
     <span class='ocr_line' id='line_1_32' title="bbox 227 1729 1116 1775; baseline -0.003 -9"><span class='ocrx_word' id='word_1_234' title='bbox 227 1742 383 1766; x_wconf 74' lang='lat' dir='ltr'>mutuatus</span> <span class='ocrx_word' id='word_1_235' title='bbox 398 1729 467 1775; x_wconf 86' lang='lat' dir='ltr'>sum</span> <span class='ocrx_word' id='word_1_236' title='bbox 480 1756 492 1772; x_wconf 90' lang='lat'><strong>,</strong></span> <span class='ocrx_word' id='word_1_237' title='bbox 517 1733 552 1766; x_wconf 69' lang='lat'>&lt;⁸1</span> <span class='ocrx_word' id='word_1_238' title='bbox 573 1730 652 1766; x_wconf 64' lang='lat' dir='ltr'>nibil</span> <span class='ocrx_word' id='word_1_239' title='bbox 672 1732 717 1764; x_wconf 83' lang='lat' dir='ltr'>ad</span> <span class='ocrx_word' id='word_1_240' title='bbox 734 1742 769 1764; x_wconf 82' lang='lat' dir='ltr'>ea</span> <span class='ocrx_word' id='word_1_241' title='bbox 786 1732 823 1765; x_wconf 85' lang='lat' dir='ltr'>de</span> <span class='ocrx_word' id='word_1_242' title='bbox 833 1742 896 1764; x_wconf 84' lang='lat' dir='ltr'>meo</span> <span class='ocrx_word' id='word_1_243' title='bbox 905 1731 1054 1764; x_wconf 75' lang='lat' dir='ltr'>adiec‘lum</span> <span class='ocrx_word' id='word_1_244' title='bbox 1065 1742 1116 1764; x_wconf 73' lang='grc' dir='ltr'>ω.</span> 
     </span>
     <span class='ocr_line' id='line_1_33' title="bbox 228 1780 1111 1827; baseline -0.005 -10"><span class='ocrx_word' id='word_1_245' title='bbox 228 1784 294 1817; x_wconf 83' lang='lat' dir='ltr'>lens</span> <span class='ocrx_word' id='word_1_246' title='bbox 313 1780 494 1827; x_wconf 73' lang='lat' dir='ltr'>solummodo</span> <span class='ocrx_word' id='word_1_247' title='bbox 507 1781 645 1816; x_wconf 65' lang='grc' dir='ltr'><em>ἓῦὶωηα</em></span> <span class='ocrx_word' id='word_1_248' title='bbox 665 1785 773 1814; x_wconf 73' lang='lat' dir='ltr'>Crucis</span> <span class='ocrx_word' id='word_1_249' title='bbox 787 1786 963 1814; x_wconf 82' lang='lat' dir='ltr'>mentionem</span> <span class='ocrx_word' id='word_1_250' title='bbox 966 1780 1029 1822; x_wconf 82' lang='lat' dir='ltr'>feci</span> <span class='ocrx_word' id='word_1_251' title='bbox 1042 1805 1052 1821; x_wconf 94' lang='lat'>,</span> <span class='ocrx_word' id='word_1_252' title='bbox 1078 1788 1111 1813; x_wconf 73' lang='lat' dir='ltr'>ut</span> 
     </span>
     <span class='ocr_line' id='line_1_34' title="bbox 228 1828 1118 1876; baseline -0.004 -9"><span class='ocrx_word' id='word_1_253' title='bbox 228 1831 336 1876; x_wconf 75' lang='lat' dir='ltr'>quibus</span> <span class='ocrx_word' id='word_1_254' title='bbox 353 1829 556 1876; x_wconf 67' lang='lat' dir='ltr'>fiandalizati</span> <span class='ocrx_word' id='word_1_255' title='bbox 563 1829 872 1874; x_wconf 60' lang='lat' dir='ltr'>suntfastuofi‚‚istis</span> <span class='ocrx_word' id='word_1_256' title='bbox 893 1828 1005 1873; x_wconf 80' lang='lat' dir='ltr'>ipfisin</span> <span class='ocrx_word' id='word_1_257' title='bbox 1015 1830 1118 1863; x_wconf 77' lang='lat' dir='ltr'>diver-</span> 
     </span>
     <span class='ocr_line' id='line_1_35' title="bbox 223 1878 1117 1926; baseline -0.002 -10"><span class='ocrx_word' id='word_1_258' title='bbox 223 1881 293 1926; x_wconf 78' lang='lat' dir='ltr'>sum</span> <span class='ocrx_word' id='word_1_259' title='bbox 314 1881 439 1923; x_wconf 70' lang='lat' dir='ltr'>instituti</span> <span class='ocrx_word' id='word_1_260' title='bbox 465 1881 649 1924; x_wconf 75' lang='lat' dir='ltr'>crucifixum</span> <span class='ocrx_word' id='word_1_261' title='bbox 669 1881 846 1914; x_wconf 75' lang='lat' dir='ltr'>adorarent.</span> <span class='ocrx_word' id='word_1_262' title='bbox 877 1880 928 1913; x_wconf 88' lang='lat' dir='ltr'>Ex</span> <span class='ocrx_word' id='word_1_263' title='bbox 947 1891 1015 1924; x_wconf 89' lang='lat' dir='ltr'>quo</span> <span class='ocrx_word' id='word_1_264' title='bbox 1026 1878 1117 1914; x_wconf 80' lang='lat' dir='ltr'>vides</span> 
     </span>
     <span class='ocr_line' id='line_1_36' title="bbox 228 1927 1117 1975; baseline -0.003 -8"><span class='ocrx_word' id='word_1_265' title='bbox 228 1931 271 1967; x_wconf 87' lang='lat' dir='ltr'>ab</span> <span class='ocrx_word' id='word_1_266' title='bbox 295 1931 429 1967; x_wconf 75' lang='lat' dir='ltr'>Arianis</span> <span class='ocrx_word' id='word_1_267' title='bbox 448 1929 701 1975; x_wconf 88' lang='lat' dir='ltr'>blasphematam</span> <span class='ocrx_word' id='word_1_268' title='bbox 724 1931 817 1967; x_wconf 68' lang='lat' dir='ltr'>fuisse</span> <span class='ocrx_word' id='word_1_269' title='bbox 835 1927 920 1964; x_wconf 89' lang='lat' dir='ltr'>hanc</span> <span class='ocrx_word' id='word_1_270' title='bbox 943 1931 1117 1973; x_wconf 58' lang='lat' dir='ltr'>praesertim</span> 
     </span>
     <span class='ocr_line' id='line_1_37' title="bbox 229 1979 1118 2026; baseline -0.003 -9"><span class='ocrx_word' id='word_1_271' title='bbox 229 1983 511 2026; x_wconf 78' lang='lat' dir='ltr'>propositionem:</span> <span class='ocrx_word' id='word_1_272' title='bbox 538 1984 619 2015; x_wconf 82' lang='lat' dir='ltr'>Deus</span> <span class='ocrx_word' id='word_1_273' title='bbox 634 1981 762 2015; x_wconf 78' lang='lat' dir='ltr'><em>Verbum</em></span> <span class='ocrx_word' id='word_1_274' title='bbox 773 1981 810 2021; x_wconf 79' lang='lat' dir='ltr'>est</span> <span class='ocrx_word' id='word_1_275' title='bbox 822 1979 976 2022; x_wconf 82' lang='lat' dir='ltr'>crucifixus</span> <span class='ocrx_word' id='word_1_276' title='bbox 985 2006 994 2014; x_wconf 87' lang='lat'><strong>.</strong></span> <span class='ocrx_word' id='word_1_277' title='bbox 1023 1980 1118 2026; x_wconf 74' lang='lat' dir='ltr'>Qio-</span> 
     </span>
     <span class='ocr_line' id='line_1_38' title="bbox 229 2030 1119 2077; baseline -0.002 -11"><span class='ocrx_word' id='word_1_278' title='bbox 229 2034 316 2066; x_wconf 74' lang='lat' dir='ltr'>circa</span> <span class='ocrx_word' id='word_1_279' title='bbox 338 2031 460 2075; x_wconf 87' lang='lat' dir='ltr'>primus</span> <span class='ocrx_word' id='word_1_280' title='bbox 481 2030 568 2064; x_wconf 70' lang='lat' dir='ltr'>durae</span> <span class='ocrx_word' id='word_1_281' title='bbox 590 2030 632 2065; x_wconf 90' lang='lat' dir='ltr'>de</span> <span class='ocrx_word' id='word_1_282' title='bbox 654 2031 715 2064; x_wconf 89' lang='lat' dir='ltr'>hac</span> <span class='ocrx_word' id='word_1_283' title='bbox 737 2031 982 2077; x_wconf 72' lang='lat' dir='ltr'>propositione,</span> <span class='ocrx_word' id='word_1_284' title='bbox 1008 2031 1119 2064; x_wconf 72' lang='lat' dir='ltr'>Unuse&#39;</span> 
     </span>
     <span class='ocr_line' id='line_1_39' title="bbox 228 2079 1119 2130; baseline -0.001 -15"><span class='ocrx_word' id='word_1_285' title='bbox 228 2080 337 2130; x_wconf 56' lang='lat' dir='ltr'>sanda</span> <span class='ocrx_word' id='word_1_286' title='bbox 356 2083 508 2114; x_wconf 75' lang='lat' dir='ltr'>Trinitate</span> <span class='ocrx_word' id='word_1_287' title='bbox 529 2079 569 2121; x_wconf 77' lang='lat' dir='ltr'>est</span> <span class='ocrx_word' id='word_1_288' title='bbox 589 2080 746 2123; x_wconf 75' lang='lat' dir='ltr'>crucifixus</span> <span class='ocrx_word' id='word_1_289' title='bbox 759 2106 770 2122; x_wconf 90' lang='lat'>,</span> <span class='ocrx_word' id='word_1_290' title='bbox 796 2080 1022 2114; x_wconf 83' lang='lat' dir='ltr'>contentionis</span> <span class='ocrx_word' id='word_1_291' title='bbox 1042 2081 1119 2115; x_wconf 86' lang='lat' dir='ltr'>fons</span> 
     </span>
     <span class='ocr_line' id='line_1_40' title="bbox 230 2128 1118 2173; baseline -0.005 -7"><span class='ocrx_word' id='word_1_292' title='bbox 230 2131 280 2166; x_wconf 85' lang='lat' dir='ltr'>est</span> <span class='ocrx_word' id='word_1_293' title='bbox 303 2131 427 2165; x_wconf 87' lang='lat' dir='ltr'>Paulus</span> <span class='ocrx_word' id='word_1_294' title='bbox 447 2130 674 2165; x_wconf 83' lang='lat' dir='ltr'>Samosatensss</span> <span class='ocrx_word' id='word_1_295' title='bbox 687 2156 698 2171; x_wconf 94' lang='lat'>,</span> <span class='ocrx_word' id='word_1_296' title='bbox 722 2129 764 2164; x_wconf 91' lang='lat' dir='ltr'>de</span> <span class='ocrx_word' id='word_1_297' title='bbox 784 2141 852 2173; x_wconf 89' lang='lat' dir='ltr'>quo</span> <span class='ocrx_word' id='word_1_298' title='bbox 873 2129 961 2163; x_wconf 81' lang='lat' dir='ltr'>idem</span> <span class='ocrx_word' id='word_1_299' title='bbox 973 2128 1118 2163; x_wconf 86' lang='lat' dir='ltr'>Athana-</span> 
     </span>
     <span class='ocr_line' id='line_1_41' title="bbox 231 2179 1120 2224; baseline -0.003 -10"><span class='ocrx_word' id='word_1_300' title='bbox 231 2181 293 2215; x_wconf 80' lang='lat' dir='ltr'>fius</span> <span class='ocrx_word' id='word_1_301' title='bbox 303 2181 338 2215; x_wconf 91' lang='lat' dir='ltr'>in</span> <span class='ocrx_word' id='word_1_302' title='bbox 352 2179 466 2214; x_wconf 88' lang='lat' dir='ltr'>libello</span> <span class='ocrx_word' id='word_1_303' title='bbox 481 2179 631 2214; x_wconf 67' lang='lat' dir='ltr'>adversus</span> <span class='ocrx_word' id='word_1_304' title='bbox 643 2181 768 2224; x_wconf 86' lang='lat' dir='ltr'>ipsum:</span> <span class='ocrx_word' id='word_1_305' title='bbox 794 2183 852 2213; x_wconf 84' lang='lat' dir='ltr'>Dei</span> <span class='ocrx_word' id='word_1_306' title='bbox 865 2179 1120 2222; x_wconf 77' lang='lat' dir='ltr'>exfaeminapro-</span> 
     </span>
     <span class='ocr_line' id='line_1_42' title="bbox 231 2227 1120 2273; baseline -0.001 -9"><span class='ocrx_word' id='word_1_307' title='bbox 231 2237 410 2264; x_wconf 71' lang='lat' dir='ltr'>creationem</span> <span class='ocrx_word' id='word_1_308' title='bbox 432 2227 531 2273; x_wconf 76' lang='lat' dir='ltr'>irrisui</span> <span class='ocrx_word' id='word_1_309' title='bbox 553 2228 665 2263; x_wconf 82' lang='lat' dir='ltr'>babent</span> <span class='ocrx_word' id='word_1_310' title='bbox 684 2230 845 2270; x_wconf 72' lang='lat' dir='ltr'>increduli,</span> <span class='ocrx_word' id='word_1_311' title='bbox 871 2231 1006 2264; x_wconf 77' lang='lat' dir='ltr'>eamdem</span> <span class='ocrx_word' id='word_1_312' title='bbox 1018 2235 1120 2263; x_wconf 73' lang='lat' dir='ltr'>carnis</span> 
     </span>
     <span class='ocr_line' id='line_1_43' title="bbox 231 2277 1120 2325; baseline -0.001 -12"><span class='ocrx_word' id='word_1_313' title='bbox 231 2281 286 2325; x_wconf 79' lang='lat' dir='ltr'>effe</span> <span class='ocrx_word' id='word_1_314' title='bbox 307 2304 318 2321; x_wconf 92' lang='lat'><strong>,</strong></span> <span class='ocrx_word' id='word_1_315' title='bbox 345 2282 558 2314; x_wconf 76' lang='lat' dir='ltr'>non&#39;Deitatt’s</span> <span class='ocrx_word' id='word_1_316' title='bbox 574 2280 714 2324; x_wconf 70' lang='lat' dir='ltr'>garriunt</span> <span class='ocrx_word' id='word_1_317' title='bbox 730 2303 739 2312; x_wconf 85' lang='lat'>.</span> <span class='ocrx_word' id='word_1_318' title='bbox 764 2277 985 2322; x_wconf 66' lang='lat' dir='ltr'>sacrosanelam</span> <span class='ocrx_word' id='word_1_319' title='bbox 1008 2291 1120 2322; x_wconf 77' lang='lat' dir='ltr'>quoque</span> 
     </span>
     <span class='ocr_line' id='line_1_44' title="bbox 231 2327 1121 2373; baseline 0.001 -10"><span class='ocrx_word' id='word_1_320' title='bbox 231 2334 357 2365; x_wconf 80' lang='lat' dir='ltr'>Crucem</span> <span class='ocrx_word' id='word_1_321' title='bbox 368 2331 490 2364; x_wconf 75' lang='lat' dir='ltr'>cavillis</span> <span class='ocrx_word' id='word_1_322' title='bbox 498 2327 686 2373; x_wconf 77' lang='lat' dir='ltr'>proscribunt</span> <span class='ocrx_word' id='word_1_323' title='bbox 697 2339 731 2363; x_wconf 86' lang='lat' dir='ltr'>ut</span> <span class='ocrx_word' id='word_1_324' title='bbox 742 2329 870 2363; x_wconf 79' lang='lat' dir='ltr'>Etbniei</span> <span class='ocrx_word' id='word_1_325' title='bbox 881 2354 888 2361; x_wconf 92' lang='lat'><strong>.</strong></span> <span class='ocrx_word' id='word_1_326' title='bbox 918 2330 996 2372; x_wconf 82' lang='lat' dir='ltr'>Ejus</span> <span class='ocrx_word' id='word_1_327' title='bbox 1015 2330 1121 2372; x_wconf 84' lang='lat' dir='ltr'>ipfiffi-</span> 
     </span>
     <span class='ocr_line' id='line_1_45' title="bbox 232 2378 1118 2424; baseline -0.005 -8"><span class='ocrx_word' id='word_1_328' title='bbox 232 2392 310 2421; x_wconf 85' lang='lat' dir='ltr'>ma,</span> <span class='ocrx_word' id='word_1_329' title='bbox 336 2378 456 2424; x_wconf 82' lang='lat' dir='ltr'>quibus</span> <span class='ocrx_word' id='word_1_330' title='bbox 477 2379 690 2423; x_wconf 71' lang='lat' dir='ltr'>postmodum</span> <span class='ocrx_word' id='word_1_331' title='bbox 710 2379 744 2412; x_wconf 75' lang='grc' dir='ltr'>ὃς</span> <span class='ocrx_word' id='word_1_332' title='bbox 767 2379 940 2413; x_wconf 78' lang='lat' dir='ltr'>Nestorius</span> <span class='ocrx_word' id='word_1_333' title='bbox 951 2380 1014 2413; x_wconf 83' lang='lat' dir='ltr'>fuit</span> <span class='ocrx_word' id='word_1_334' title='bbox 1024 2381 1118 2421; x_wconf 79' lang='lat' dir='ltr'>usus,</span> 
     </span>
     <span class='ocr_line' id='line_1_46' title="bbox 232 2427 1120 2473; baseline -0.001 -9"><span class='ocrx_word' id='word_1_335' title='bbox 232 2430 401 2466; x_wconf 64' lang='lat' dir='ltr'>dialectica</span> <span class='ocrx_word' id='word_1_336' title='bbox 435 2427 635 2472; x_wconf 78' lang='lat' dir='ltr'>sophismata</span> <span class='ocrx_word' id='word_1_337' title='bbox 663 2428 817 2473; x_wconf 85' lang='lat' dir='ltr'>producit</span> <span class='ocrx_word' id='word_1_338' title='bbox 853 2428 1049 2463; x_wconf 81' lang='lat' dir='ltr'>Athanasius</span> <span class='ocrx_word' id='word_1_339' title='bbox 1085 2431 1120 2464; x_wconf 91' lang='lat' dir='ltr'>in</span> 
     </span>
     <span class='ocr_line' id='line_1_47' title="bbox 235 2478 1118 2524; baseline -0.002 -9"><span class='ocrx_word' id='word_1_340' title='bbox 235 2481 400 2516; x_wconf 79' lang='lat' dir='ltr'>Oratione</span> <span class='ocrx_word' id='word_1_341' title='bbox 413 2479 454 2513; x_wconf 90' lang='lat' dir='ltr'>de</span> <span class='ocrx_word' id='word_1_342' title='bbox 466 2479 567 2513; x_wconf 88' lang='lat' dir='ltr'>unico</span> <span class='ocrx_word' id='word_1_343' title='bbox 577 2480 730 2513; x_wconf 88' lang='lat' dir='ltr'>Domino</span> <span class='ocrx_word' id='word_1_344' title='bbox 742 2478 878 2513; x_wconf 86' lang='lat' dir='ltr'>Christo</span> <span class='ocrx_word' id='word_1_345' title='bbox 890 2504 897 2511; x_wconf 95' lang='lat'><strong>.</strong></span> <span class='ocrx_word' id='word_1_346' title='bbox 917 2479 1047 2514; x_wconf 85' lang='lat' dir='ltr'>Malum</span> <span class='ocrx_word' id='word_1_347' title='bbox 1062 2480 1118 2524; x_wconf 86' lang='lat' dir='ltr'>igi-</span> 
     </span>
     <span class='ocr_line' id='line_1_48' title="bbox 234 2527 1122 2572; baseline -0.002 -7"><span class='ocrx_word' id='word_1_348' title='bbox 234 2540 289 2565; x_wconf 82' lang='lat' dir='ltr'>tur</span> <span class='ocrx_word' id='word_1_349' title='bbox 309 2530 328 2564; x_wconf 64' lang='grc' dir='ltr'>ὲ</span> <span class='ocrx_word' id='word_1_350' title='bbox 350 2527 456 2563; x_wconf 89' lang='lat' dir='ltr'>Paulo</span> <span class='ocrx_word' id='word_1_351' title='bbox 478 2540 534 2572; x_wconf 86' lang='lat' dir='ltr'>per</span> <span class='ocrx_word' id='word_1_352' title='bbox 553 2528 695 2562; x_wconf 84' lang='lat' dir='ltr'>Arianos</span> <span class='ocrx_word' id='word_1_353' title='bbox 708 2529 742 2562; x_wconf 89' lang='lat' dir='ltr'>in</span> <span class='ocrx_word' id='word_1_354' title='bbox 755 2528 944 2563; x_wconf 85' lang='lat' dir='ltr'>Nestorium</span> <span class='ocrx_word' id='word_1_355' title='bbox 957 2529 1122 2571; x_wconf 86' lang='lat' dir='ltr'>cucurrit,</span> 
     </span>
     <span class='ocr_line' id='line_1_49' title="bbox 234 2576 1123 2624; baseline -0.001 -10"><span class='ocrx_word' id='word_1_356' title='bbox 234 2585 332 2624; x_wconf 60' lang='lat' dir='ltr'>atque</span> <span class='ocrx_word' id='word_1_357' title='bbox 350 2580 396 2614; x_wconf 74' lang='lat' dir='ltr'>ita</span> <span class='ocrx_word' id='word_1_358' title='bbox 415 2577 499 2613; x_wconf 68' lang='lat' dir='ltr'>reste</span> <span class='ocrx_word' id='word_1_359' title='bbox 518 2589 559 2613; x_wconf 87' lang='lat' dir='ltr'>ex</span> <span class='ocrx_word' id='word_1_360' title='bbox 585 2579 703 2613; x_wconf 61' lang='lat' dir='ltr'>Sanito</span> <span class='ocrx_word' id='word_1_361' title='bbox 729 2576 911 2612; x_wconf 81' lang='lat' dir='ltr'>Athanasio</span> <span class='ocrx_word' id='word_1_362' title='bbox 935 2579 1075 2613; x_wconf 87' lang='lat' dir='ltr'>credidit</span> <span class='ocrx_word' id='word_1_363' title='bbox 1086 2591 1123 2613; x_wconf 91' lang='lat' dir='ltr'>ac</span> 
     </span>
     <span class='ocr_line' id='line_1_50' title="bbox 235 2627 1124 2673; baseline 0.001 -10"><span class='ocrx_word' id='word_1_364' title='bbox 235 2628 387 2664; x_wconf 86' lang='lat' dir='ltr'>definivit</span> <span class='ocrx_word' id='word_1_365' title='bbox 412 2627 522 2662; x_wconf 85' lang='lat' dir='ltr'>nostra</span> <span class='ocrx_word' id='word_1_366' title='bbox 548 2628 702 2671; x_wconf 83' lang='lat' dir='ltr'>Synodus</span> <span class='ocrx_word' id='word_1_367' title='bbox 725 2627 955 2662; x_wconf 84' lang='lat' dir='ltr'>Nestorianam</span> <span class='ocrx_word' id='word_1_368' title='bbox 983 2628 1124 2673; x_wconf 87' lang='lat' dir='ltr'>blasphe-</span> 
     </span>
     <span class='ocr_line' id='line_1_51' title="bbox 235 2675 1124 2722; baseline -0.002 -7"><span class='ocrx_word' id='word_1_369' title='bbox 235 2679 341 2715; x_wconf 82' lang='lat' dir='ltr'>miam</span> <span class='ocrx_word' id='word_1_370' title='bbox 352 2676 482 2714; x_wconf 74' lang='lat' dir='ltr'>abunde</span> <span class='ocrx_word' id='word_1_371' title='bbox 493 2678 693 2712; x_wconf 83' lang='lat' dir='ltr'>convinci&amp;</span> <span class='ocrx_word' id='word_1_372' title='bbox 702 2675 846 2711; x_wconf 84' lang='lat' dir='ltr'>damnari</span> <span class='ocrx_word' id='word_1_373' title='bbox 858 2690 899 2711; x_wconf 83' lang='lat' dir='ltr'>ex</span> <span class='ocrx_word' id='word_1_374' title='bbox 910 2678 981 2712; x_wconf 90' lang='lat' dir='ltr'>solo</span> <span class='ocrx_word' id='word_1_375' title='bbox 992 2679 1027 2713; x_wconf 93' lang='lat' dir='ltr'>N</span> <span class='ocrx_word' id='word_1_376' title='bbox 1030 2679 1124 2722; x_wconf 69' lang='lat' dir='ltr'>iceno</span> 
     </span>
     <span class='ocr_line' id='line_1_52' title="bbox 236 2726 1124 2773; baseline -0.002 -8"><span class='ocrx_word' id='word_1_377' title='bbox 236 2728 404 2773; x_wconf 85' lang='lat' dir='ltr'>Symbolo</span> <span class='ocrx_word' id='word_1_378' title='bbox 415 2753 426 2769; x_wconf 92' lang='lat'>‚</span> <span class='ocrx_word' id='word_1_379' title='bbox 450 2726 557 2771; x_wconf 57' lang='lat' dir='ltr'>palhm</span> <span class='ocrx_word' id='word_1_380' title='bbox 569 2728 741 2772; x_wconf 82' lang='lat' dir='ltr'>profitente</span> <span class='ocrx_word' id='word_1_381' title='bbox 753 2728 847 2762; x_wconf 83' lang='lat' dir='ltr'>istum</span> <span class='ocrx_word' id='word_1_382' title='bbox 863 2729 966 2772; x_wconf 89' lang='lat' dir='ltr'>ipsum</span> <span class='ocrx_word' id='word_1_383' title='bbox 977 2754 987 2770; x_wconf 89' lang='lat'>,</span> <span class='ocrx_word' id='word_1_384' title='bbox 1010 2730 1064 2772; x_wconf 89' lang='lat' dir='ltr'>qui</span> <span class='ocrx_word' id='word_1_385' title='bbox 1079 2729 1124 2763; x_wconf 88' lang='lat' dir='ltr'>est</span> 
     </span>
     <span class='ocr_line' id='line_1_53' title="bbox 235 2777 1124 2818; baseline 0 -5"><span class='ocrx_word' id='word_1_386' title='bbox 235 2780 331 2814; x_wconf 81' lang='lat' dir='ltr'>Deus</span> <span class='ocrx_word' id='word_1_387' title='bbox 337 2778 378 2813; x_wconf 88' lang='lat' dir='ltr'>de</span> <span class='ocrx_word' id='word_1_388' title='bbox 390 2777 590 2817; x_wconf 87' lang='lat' dir='ltr'>Deo,lumen</span> <span class='ocrx_word' id='word_1_389' title='bbox 601 2778 642 2813; x_wconf 89' lang='lat' dir='ltr'>de</span> <span class='ocrx_word' id='word_1_390' title='bbox 654 2777 888 2818; x_wconf 81' lang='lat' dir='ltr'>lumine‚Deus</span> <span class='ocrx_word' id='word_1_391' title='bbox 897 2790 987 2813; x_wconf 87' lang='lat' dir='ltr'>verus</span> <span class='ocrx_word' id='word_1_392' title='bbox 999 2777 1038 2812; x_wconf 92' lang='lat' dir='ltr'>de</span> <span class='ocrx_word' id='word_1_393' title='bbox 1050 2780 1124 2813; x_wconf 88' lang='lat' dir='ltr'>Deo</span> 
     </span>
     <span class='ocr_line' id='line_1_54' title="bbox 238 2828 1126 2874; baseline -0.002 -10"><span class='ocrx_word' id='word_1_394' title='bbox 238 2839 317 2864; x_wconf 87' lang='lat' dir='ltr'>veto</span> <span class='ocrx_word' id='word_1_395' title='bbox 328 2853 340 2870; x_wconf 94' lang='lat'>,</span> <span class='ocrx_word' id='word_1_396' title='bbox 365 2828 519 2874; x_wconf 74' lang='lat' dir='ltr'>genitus,</span> <span class='ocrx_word' id='word_1_397' title='bbox 545 2840 614 2863; x_wconf 91' lang='lat' dir='ltr'>non</span> <span class='ocrx_word' id='word_1_398' title='bbox 628 2829 750 2869; x_wconf 70' lang='lat' dir='ltr'>fastus,</span> <span class='ocrx_word' id='word_1_399' title='bbox 772 2828 1057 2863; x_wconf 85' lang='lat' dir='ltr'>consubstantialis</span> <span class='ocrx_word' id='word_1_400' title='bbox 1068 2828 1126 2862; x_wconf 89' lang='lat' dir='ltr'>Pa-</span> 
     </span>
     <span class='ocr_line' id='line_1_55' title="bbox 237 2877 1126 2923; baseline -0.002 -8"><span class='ocrx_word' id='word_1_401' title='bbox 237 2880 281 2915; x_wconf 85' lang='lat' dir='ltr'>tri</span> <span class='ocrx_word' id='word_1_402' title='bbox 293 2902 306 2919; x_wconf 90' lang='lat'>,</span> <span class='ocrx_word' id='word_1_403' title='bbox 333 2886 461 2923; x_wconf 88' lang='lat' dir='ltr'>propter</span> <span class='ocrx_word' id='word_1_404' title='bbox 484 2889 546 2912; x_wconf 89' lang='lat' dir='ltr'>nos</span> <span class='ocrx_word' id='word_1_405' title='bbox 566 2877 717 2913; x_wconf 83' lang='lat' dir='ltr'>homines</span> <span class='ocrx_word' id='word_1_406' title='bbox 738 2878 771 2912; x_wconf 89' lang='lat'>&amp;</span> <span class='ocrx_word' id='word_1_407' title='bbox 784 2888 912 2923; x_wconf 85' lang='lat' dir='ltr'>propter</span> <span class='ocrx_word' id='word_1_408' title='bbox 925 2880 1067 2913; x_wconf 85' lang='lat' dir='ltr'>nostram</span> <span class='ocrx_word' id='word_1_409' title='bbox 1082 2880 1126 2914; x_wconf 89' lang='lat' dir='ltr'>sa-</span> 
     </span>
     <span class='ocr_line' id='line_1_56' title="bbox 239 2927 1127 2970; baseline 0 -7"><span class='ocrx_word' id='word_1_410' title='bbox 239 2929 343 2963; x_wconf 88' lang='lat' dir='ltr'>lutem</span> <span class='ocrx_word' id='word_1_411' title='bbox 363 2927 561 2962; x_wconf 84' lang='lat' dir='ltr'>descendisse</span> <span class='ocrx_word' id='word_1_412' title='bbox 576 2952 586 2968; x_wconf 95' lang='lat'>,</span> <span class='ocrx_word' id='word_1_413' title='bbox 612 2928 676 2963; x_wconf 75' lang='lat' dir='ltr'>esse</span> <span class='ocrx_word' id='word_1_414' title='bbox 700 2929 926 2970; x_wconf 86' lang='lat' dir='ltr'>incarnatum,</span> <span class='ocrx_word' id='word_1_415' title='bbox 954 2929 1127 2964; x_wconf 85' lang='lat' dir='ltr'>hominem</span> 
     </span>
     <span class='ocr_line' id='line_1_57' title="bbox 238 2977 1125 3021; baseline 0 -7"><span class='ocrx_word' id='word_1_416' title='bbox 238 2981 359 3014; x_wconf 68' lang='lat' dir='ltr'>fastum</span> <span class='ocrx_word' id='word_1_417' title='bbox 373 3002 384 3018; x_wconf 88' lang='lat'><strong><em>,</em></strong></span> <span class='ocrx_word' id='word_1_418' title='bbox 410 2977 531 3021; x_wconf 80' lang='lat' dir='ltr'>passum</span> <span class='ocrx_word' id='word_1_419' title='bbox 544 3002 554 3017; x_wconf 93' lang='lat'>,</span> <span class='ocrx_word' id='word_1_420' title='bbox 579 2987 746 3013; x_wconf 89' lang='lat' dir='ltr'>mortuum</span> <span class='ocrx_word' id='word_1_421' title='bbox 760 3004 770 3020; x_wconf 94' lang='lat'>,</span> <span class='ocrx_word' id='word_1_422' title='bbox 797 2978 853 3014; x_wconf 78' lang='lat' dir='ltr'>sub</span> <span class='ocrx_word' id='word_1_423' title='bbox 877 2979 1002 3015; x_wconf 89' lang='lat' dir='ltr'>Pontio</span> <span class='ocrx_word' id='word_1_424' title='bbox 1013 2980 1125 3014; x_wconf 88' lang='lat' dir='ltr'>Pilato</span> 
     </span>
     <span class='ocr_line' id='line_1_58' title="bbox 238 3027 1127 3070; baseline 0 -6"><span class='ocrx_word' id='word_1_425' title='bbox 238 3029 432 3064; x_wconf 84' lang='lat' dir='ltr'>crucifixum</span> <span class='ocrx_word' id='word_1_426' title='bbox 445 3053 452 3059; x_wconf 92' lang='lat'><strong>.</strong></span> <span class='ocrx_word' id='word_1_427' title='bbox 478 3027 654 3063; x_wconf 74' lang='lat' dir='ltr'>Passum&amp;</span> <span class='ocrx_word' id='word_1_428' title='bbox 674 3029 867 3063; x_wconf 77' lang='lat' dir='ltr'>crucifixum</span> <span class='ocrx_word' id='word_1_429' title='bbox 880 3054 890 3070; x_wconf 95' lang='lat'>,</span> <span class='ocrx_word' id='word_1_430' title='bbox 917 3042 985 3064; x_wconf 89' lang='lat' dir='ltr'>non</span> <span class='ocrx_word' id='word_1_431' title='bbox 999 3030 1033 3064; x_wconf 87' lang='lat' dir='ltr'>in</span> <span class='ocrx_word' id='word_1_432' title='bbox 1047 3030 1127 3064; x_wconf 88' lang='lat' dir='ltr'>Dei-</span> 
     </span>
     <span class='ocr_line' id='line_1_59' title="bbox 240 3076 1125 3125; baseline -0.002 -11"><span class='ocrx_word' id='word_1_433' title='bbox 240 3088 308 3114; x_wconf 89' lang='lat' dir='ltr'>tate</span> <span class='ocrx_word' id='word_1_434' title='bbox 328 3104 340 3121; x_wconf 94' lang='lat'>‚</span> <span class='ocrx_word' id='word_1_435' title='bbox 369 3076 422 3112; x_wconf 89' lang='lat' dir='ltr'>sed</span> <span class='ocrx_word' id='word_1_436' title='bbox 444 3078 479 3111; x_wconf 88' lang='lat' dir='ltr'>in</span> <span class='ocrx_word' id='word_1_437' title='bbox 502 3077 668 3122; x_wconf 88' lang='lat' dir='ltr'>adsumpta</span> <span class='ocrx_word' id='word_1_438' title='bbox 690 3076 730 3111; x_wconf 83' lang='lat' dir='ltr'>ad</span> <span class='ocrx_word' id='word_1_439' title='bbox 752 3080 912 3122; x_wconf 82' lang='lat' dir='ltr'>propriam</span> <span class='ocrx_word' id='word_1_440' title='bbox 939 3079 1125 3125; x_wconf 69' lang='lat' dir='ltr'>hypostasin</span> 
     </span>
     <span class='ocr_line' id='line_1_60' title="bbox 241 3127 1127 3172; baseline 0 -8"><span class='ocrx_word' id='word_1_441' title='bbox 241 3140 338 3164; x_wconf 87' lang='lat' dir='ltr'>carne</span> <span class='ocrx_word' id='word_1_442' title='bbox 353 3153 364 3169; x_wconf 96' lang='lat'>,</span> <span class='ocrx_word' id='word_1_443' title='bbox 389 3128 438 3162; x_wconf 89' lang='lat' dir='ltr'>uti</span> <span class='ocrx_word' id='word_1_444' title='bbox 451 3128 484 3161; x_wconf 92' lang='lat' dir='ltr'>in</span> <span class='ocrx_word' id='word_1_445' title='bbox 500 3127 583 3161; x_wconf 90' lang='lat' dir='ltr'>locis</span> <span class='ocrx_word' id='word_1_446' title='bbox 601 3127 701 3172; x_wconf 73' lang='lat' dir='ltr'>longe</span> <span class='ocrx_word' id='word_1_447' title='bbox 714 3128 862 3172; x_wconf 85' lang='lat' dir='ltr'>plurimis</span> <span class='ocrx_word' id='word_1_448' title='bbox 873 3130 1008 3164; x_wconf 68' lang='lat' dir='ltr'>Sanctus</span> <span class='ocrx_word' id='word_1_449' title='bbox 1022 3129 1127 3164; x_wconf 86' lang='lat' dir='ltr'>Atha-</span> 
     </span>
     <span class='ocr_line' id='line_1_61' title="bbox 241 3176 1128 3215; baseline 0 -1"><span class='ocrx_word' id='word_1_450' title='bbox 241 3179 346 3214; x_wconf 79' lang='lat' dir='ltr'>nasius</span> <span class='ocrx_word' id='word_1_451' title='bbox 357 3186 473 3213; x_wconf 88' lang='lat' dir='ltr'>contra</span> <span class='ocrx_word' id='word_1_452' title='bbox 483 3176 629 3212; x_wconf 86' lang='lat' dir='ltr'>Arianos</span> <span class='ocrx_word' id='word_1_453' title='bbox 640 3178 784 3212; x_wconf 87' lang='lat' dir='ltr'>ostendit</span> <span class='ocrx_word' id='word_1_454' title='bbox 798 3204 805 3211; x_wconf 92' lang='lat'>.</span> <span class='ocrx_word' id='word_1_455' title='bbox 835 3178 1039 3215; x_wconf 78' lang='lat' dir='ltr'>Nisi&#39;videres</span> <span class='ocrx_word' id='word_1_456' title='bbox 1051 3191 1128 3214; x_wconf 90' lang='lat' dir='ltr'>con-</span> 
     </span>
     <span class='ocr_line' id='line_1_62' title="bbox 242 3225 1127 3273; baseline 0 -10"><span class='ocrx_word' id='word_1_457' title='bbox 242 3236 291 3263; x_wconf 90' lang='lat' dir='ltr'>tra</span> <span class='ocrx_word' id='word_1_458' title='bbox 302 3228 448 3263; x_wconf 85' lang='lat' dir='ltr'>Arianos</span> <span class='ocrx_word' id='word_1_459' title='bbox 462 3227 556 3271; x_wconf 86' lang='lat' dir='ltr'>loqui</span> <span class='ocrx_word' id='word_1_460' title='bbox 569 3225 786 3262; x_wconf 82' lang='lat' dir='ltr'>Athanasium</span> <span class='ocrx_word' id='word_1_461' title='bbox 795 3254 806 3270; x_wconf 88' lang='lat'><em>‚</em></span> <span class='ocrx_word' id='word_1_462' title='bbox 818 3228 911 3273; x_wconf 86' lang='lat' dir='ltr'>loqui</span> <span class='ocrx_word' id='word_1_463' title='bbox 923 3230 1034 3265; x_wconf 84' lang='lat' dir='ltr'>credas</span> <span class='ocrx_word' id='word_1_464' title='bbox 1049 3231 1127 3265; x_wconf 87' lang='lat' dir='ltr'>San-</span> 
     </span>
     <span class='ocr_line' id='line_1_63' title="bbox 244 3276 1128 3322; baseline 0.001 -10"><span class='ocrx_word' id='word_1_465' title='bbox 244 3279 332 3313; x_wconf 73' lang='lat' dir='ltr'>stum</span> <span class='ocrx_word' id='word_1_466' title='bbox 351 3278 518 3322; x_wconf 89' lang='lat' dir='ltr'>Cytillum</span> <span class='ocrx_word' id='word_1_467' title='bbox 538 3276 688 3312; x_wconf 73' lang='lat' dir='ltr'>adversus</span> <span class='ocrx_word' id='word_1_468' title='bbox 700 3278 932 3314; x_wconf 86' lang='lat' dir='ltr'>Nestotianos.</span> <span class='ocrx_word' id='word_1_469' title='bbox 966 3281 1128 3321; x_wconf 85' lang='lat' dir='ltr'>Loquitur</span> 
     </span>
     <span class='ocr_line' id='line_1_64' title="bbox 243 3326 1128 3372; baseline 0.003 -11"><span class='ocrx_word' id='word_1_470' title='bbox 243 3338 286 3371; x_wconf 82' lang='lat' dir='ltr'>ex</span> <span class='ocrx_word' id='word_1_471' title='bbox 307 3329 366 3363; x_wconf 88' lang='lat' dir='ltr'>suo</span> <span class='ocrx_word' id='word_1_472' title='bbox 388 3326 602 3364; x_wconf 82' lang='lat' dir='ltr'>Antecessore</span> <span class='ocrx_word' id='word_1_473' title='bbox 624 3329 742 3362; x_wconf 65' lang='lat' dir='ltr'>Sancto</span> <span class='ocrx_word' id='word_1_474' title='bbox 754 3328 943 3372; x_wconf 84' lang='lat' dir='ltr'>Dionysio,</span> <span class='ocrx_word' id='word_1_475' title='bbox 969 3329 1128 3364; x_wconf 85' lang='lat' dir='ltr'>scribente</span> 
     </span>
     <span class='ocr_line' id='line_1_65' title="bbox 245 3376 1128 3422; baseline 0.001 -10"><span class='ocrx_word' id='word_1_476' title='bbox 245 3376 395 3412; x_wconf 71' lang='lat' dir='ltr'>adversus</span> <span class='ocrx_word' id='word_1_477' title='bbox 420 3377 563 3413; x_wconf 88' lang='lat' dir='ltr'>Paulum</span> <span class='ocrx_word' id='word_1_478' title='bbox 589 3378 861 3412; x_wconf 87' lang='lat' dir='ltr'>Samosatensem:</span> <span class='ocrx_word' id='word_1_479' title='bbox 891 3380 954 3422; x_wconf 75' lang='lat' dir='ltr'>‚Qui</span> <span class='ocrx_word' id='word_1_480' title='bbox 970 3390 1006 3411; x_wconf 84' lang='lat' dir='ltr'>ex</span> <span class='ocrx_word' id='word_1_481' title='bbox 1019 3381 1080 3413; x_wconf 82' lang='lat' dir='ltr'>Deo</span> <span class='ocrx_word' id='word_1_482' title='bbox 1091 3379 1128 3419; x_wconf 83' lang='lat' dir='ltr'>est</span> 
     </span>
     <span class='ocr_line' id='line_1_66' title="bbox 244 3426 1129 3473; baseline 0 -10"><span class='ocrx_word' id='word_1_483' title='bbox 244 3435 319 3463; x_wconf 79' lang='lat' dir='ltr'>ante</span> <span class='ocrx_word' id='word_1_484' title='bbox 338 3426 449 3470; x_wconf 58' lang='lat' dir='ltr'>saecula</span> <span class='ocrx_word' id='word_1_485' title='bbox 466 3434 608 3473; x_wconf 81' lang='lat' dir='ltr'>genitus,</span> <span class='ocrx_word' id='word_1_486' title='bbox 636 3426 699 3473; x_wconf 78' lang='lat' dir='ltr'>ipse</span> <span class='ocrx_word' id='word_1_487' title='bbox 721 3434 864 3462; x_wconf 74' lang='lat' dir='ltr'>extremis</span> <span class='ocrx_word' id='word_1_488' title='bbox 888 3429 1068 3470; x_wconf 74' lang='lat' dir='ltr'>temporibus</span> <span class='ocrx_word' id='word_1_489' title='bbox 1090 3440 1129 3463; x_wconf 75' lang='lat' dir='ltr'>ex</span> 
     </span>
     <span class='ocr_line' id='line_1_67' title="bbox 247 3476 1129 3524; baseline 0 -12"><span class='ocrx_word' id='word_1_490' title='bbox 247 3485 345 3512; x_wconf 84' lang='lat' dir='ltr'>matre</span> <span class='ocrx_word' id='word_1_491' title='bbox 365 3484 457 3511; x_wconf 78' lang='lat' dir='ltr'>natus</span> <span class='ocrx_word' id='word_1_492' title='bbox 467 3477 505 3518; x_wconf 77' lang='lat' dir='ltr'>est</span> <span class='ocrx_word' id='word_1_493' title='bbox 521 3504 528 3512; x_wconf 90' lang='lat'><strong>.</strong></span> <span class='ocrx_word' id='word_1_494' title='bbox 555 3480 665 3512; x_wconf 76' lang='lat' dir='ltr'>Idcirco</span> <span class='ocrx_word' id='word_1_495' title='bbox 677 3480 812 3512; x_wconf 79' lang='lat' dir='ltr'>Deicidae</span> <span class='ocrx_word' id='word_1_496' title='bbox 819 3476 893 3522; x_wconf 78' lang='lat' dir='ltr'>sunt</span> <span class='ocrx_word' id='word_1_497' title='bbox 898 3480 929 3523; x_wconf 92' lang='lat' dir='ltr'><em>J</em></span> <span class='ocrx_word' id='word_1_498' title='bbox 930 3480 1008 3512; x_wconf 75' lang='lat' dir='ltr'>udaei</span> <span class='ocrx_word' id='word_1_499' title='bbox 1020 3503 1030 3519; x_wconf 91' lang='lat'>,</span> <span class='ocrx_word' id='word_1_500' title='bbox 1057 3484 1129 3524; x_wconf 82' lang='lat' dir='ltr'>quia</span> 
     </span>
     <span class='ocr_line' id='line_1_68' title="bbox 347 3525 1152 3571; baseline 0.002 -11"><span class='ocrx_word' id='word_1_501' title='bbox 347 3525 456 3567; x_wconf 75' lang='lat' dir='ltr'>christ.</span> <span class='ocrx_word' id='word_1_502' title='bbox 473 3531 551 3570; x_wconf 81' lang='lat' dir='ltr'>Lupi</span> <span class='ocrx_word' id='word_1_503' title='bbox 564 3533 653 3571; x_wconf 83' lang='lat' dir='ltr'>oper.</span> <span class='ocrx_word' id='word_1_504' title='bbox 666 3532 744 3563; x_wconf 75' lang='lat' dir='ltr'>rom.</span> <span class='ocrx_word' id='word_1_505' title='bbox 757 3532 796 3561; x_wconf 83' lang='lat' dir='ltr'>Ii.</span> <span class='ocrx_word' id='word_1_506' title='bbox 1146 3528 1152 3558; x_wconf 66' lang='lat' dir='ltr'>l</span> 
     </span>
    </p>
   </div>
   <div class='ocr_carea' id='block_1_5' title="bbox 1127 1900 1150 3514">
    <p class='ocr_par' dir='ltr' id='par_1_6' title="bbox 1127 1900 1150 3514">
     <span class='ocr_line' id='line_1_69' title="bbox 1127 1900 1150 3514; baseline 0 -608"><span class='ocrx_word' id='word_1_507' title='bbox 1127 1900 1150 3514; x_wconf 95' lang='lat' dir='ltr'>   </span> 
     </span>
    </p>
   </div>
   <div class='ocr_carea' id='block_1_6' title="bbox 1140 231 1173 2084">
    <p class='ocr_par' dir='ltr' id='par_1_7' title="bbox 1140 231 1173 2084">
     <span class='ocr_line' id='line_1_70' title="bbox 1140 231 1155 301; baseline 0 0"><span class='ocrx_word' id='word_1_508' title='bbox 1140 231 1155 301; x_wconf 95' lang='lat' dir='ltr'>  </span> 
     </span>
     <span class='ocr_line' id='line_1_71' title="bbox 1140 301 1156 444; baseline 0 -102"><span class='ocrx_word' id='word_1_509' title='bbox 1140 301 1156 444; x_wconf 95' lang='lat' dir='ltr'>   </span> 
     </span>
     <span class='ocr_line' id='line_1_72' title="bbox 1142 444 1156 498; baseline 0 3238"><span class='ocrx_word' id='word_1_510' title='bbox 1142 444 1156 498; x_wconf 95' lang='lat' dir='ltr'> </span> 
     </span>
     <span class='ocr_line' id='line_1_73' title="bbox 1142 498 1157 594; baseline 0 0"><span class='ocrx_word' id='word_1_511' title='bbox 1142 498 1157 594; x_wconf 95' lang='lat' dir='ltr'>  </span> 
     </span>
     <span class='ocr_line' id='line_1_74' title="bbox 1144 594 1161 797; baseline 0 -106"><span class='ocrx_word' id='word_1_512' title='bbox 1144 594 1161 797; x_wconf 95' lang='lat' dir='ltr'>    </span> 
     </span>
     <span class='ocr_line' id='line_1_75' title="bbox 1146 797 1162 946; baseline 0 -103"><span class='ocrx_word' id='word_1_513' title='bbox 1146 797 1162 946; x_wconf 95' lang='lat' dir='ltr'>   </span> 
     </span>
     <span class='ocr_line' id='line_1_76' title="bbox 1149 946 1162 996; baseline 0 2740"><span class='ocrx_word' id='word_1_514' title='bbox 1149 946 1162 996; x_wconf 95' lang='lat' dir='ltr'> </span> 
     </span>
     <span class='ocr_line' id='line_1_77' title="bbox 1149 996 1162 1048; baseline 0 2688"><span class='ocrx_word' id='word_1_515' title='bbox 1149 996 1162 1048; x_wconf 95' lang='lat' dir='ltr'> </span> 
     </span>
     <span class='ocr_line' id='line_1_78' title="bbox 1149 1048 1165 1180; baseline 0 -85"><span class='ocrx_word' id='word_1_516' title='bbox 1149 1048 1165 1180; x_wconf 95' lang='lat' dir='ltr'>   </span> 
     </span>
     <span class='ocr_line' id='line_1_79' title="bbox 1151 1205 1167 1345; baseline 0 -47"><span class='ocrx_word' id='word_1_517' title='bbox 1151 1205 1167 1345; x_wconf 95' lang='lat' dir='ltr'>  </span> 
     </span>
     <span class='ocr_line' id='line_1_80' title="bbox 1153 1345 1170 1548; baseline 0 -100"><span class='ocrx_word' id='word_1_518' title='bbox 1153 1345 1170 1548; x_wconf 95' lang='lat' dir='ltr'>    </span> 
     </span>
     <span class='ocr_line' id='line_1_81' title="bbox 1155 1548 1171 1697; baseline 0 -101"><span class='ocrx_word' id='word_1_519' title='bbox 1155 1548 1171 1697; x_wconf 95' lang='lat' dir='ltr'>   </span> 
     </span>
     <span class='ocr_line' id='line_1_82' title="bbox 1157 1697 1171 1748; baseline 0 1988"><span class='ocrx_word' id='word_1_520' title='bbox 1157 1697 1171 1748; x_wconf 95' lang='lat' dir='ltr'> </span> 
     </span>
     <span class='ocr_line' id='line_1_83' title="bbox 1157 1748 1172 1797; baseline 0 1939"><span class='ocrx_word' id='word_1_521' title='bbox 1157 1748 1172 1797; x_wconf 95' lang='lat' dir='ltr'> </span> 
     </span>
     <span class='ocr_line' id='line_1_84' title="bbox 1158 1797 1172 1847; baseline 0 1889"><span class='ocrx_word' id='word_1_522' title='bbox 1158 1797 1172 1847; x_wconf 95' lang='lat' dir='ltr'> </span> 
     </span>
     <span class='ocr_line' id='line_1_85' title="bbox 1159 1847 1172 1899; baseline 0 1837"><span class='ocrx_word' id='word_1_523' title='bbox 1159 1847 1172 1899; x_wconf 95' lang='lat' dir='ltr'> </span> 
     </span>
     <span class='ocr_line' id='line_1_86' title="bbox 1159 1899 1173 2084; baseline 0 -89"><span class='ocrx_word' id='word_1_524' title='bbox 1159 1899 1173 2084; x_wconf 95' lang='lat' dir='ltr'>    </span> 
     </span>
    </p>
   </div>
   <div class='ocr_carea' id='block_1_7' title="bbox 1164 627 1348 670">
    <p class='ocr_par' dir='ltr' id='par_1_8' title="bbox 1164 627 1348 670">
     <span class='ocr_line' id='line_1_87' title="bbox 1164 627 1348 670; baseline 0.005 -10"><span class='ocrx_word' id='word_1_525' title='bbox 1164 627 1329 670; x_wconf 80' lang='lat' dir='ltr'>profluisse</span> <span class='ocrx_word' id='word_1_526' title='bbox 1340 652 1348 660; x_wconf 94' lang='lat'><strong><em>.</em></strong></span> 
     </span>
    </p>
   </div>
   <div class='ocr_carea' id='block_1_8' title="bbox 1163 163 2049 320">
    <p class='ocr_par' dir='ltr' id='par_1_9' title="bbox 1163 163 2049 320">
     <span class='ocr_line' id='line_1_88' title="bbox 1882 163 1979 204; baseline -0.01 -9"><span class='ocrx_word' id='word_1_527' title='bbox 1882 163 1945 195; x_wconf 88' lang='lat'>20</span> <span class='ocrx_word' id='word_1_528' title='bbox 1947 167 1979 204; x_wconf 81' lang='lat'><em>9</em></span> 
     </span>
     <span class='ocr_line' id='line_1_89' title="bbox 1167 222 2049 275; baseline 0.01 -17"><span class='ocrx_word' id='word_1_529' title='bbox 1167 228 1326 263; x_wconf 76' lang='lat' dir='ltr'>Dominum</span> <span class='ocrx_word' id='word_1_530' title='bbox 1334 222 1655 270; x_wconf 56' lang='lat' dir='ltr'>gloriaerueifixerunt</span> <span class='ocrx_word' id='word_1_531' title='bbox 1665 254 1673 261; x_wconf 90' lang='lat'><strong>.</strong></span> <span class='ocrx_word' id='word_1_532' title='bbox 1699 228 1787 264; x_wconf 68' lang='lat' dir='ltr'>Hzc</span> <span class='ocrx_word' id='word_1_533' title='bbox 1797 229 1852 264; x_wconf 76' lang='lat' dir='ltr'>est·</span> <span class='ocrx_word' id='word_1_534' title='bbox 1854 232 2049 275; x_wconf 84' lang='lat' dir='ltr'>propositio,</span> 
     </span>
     <span class='ocr_line' id='line_1_90' title="bbox 1163 275 2049 320; baseline 0.008 -11"><span class='ocrx_word' id='word_1_535' title='bbox 1163 275 1314 310; x_wconf 65' lang='lat' dir='ltr'>adversus</span> <span class='ocrx_word' id='word_1_536' title='bbox 1327 285 1426 320; x_wconf 89' lang='lat' dir='ltr'>quam</span> <span class='ocrx_word' id='word_1_537' title='bbox 1444 276 1479 309; x_wconf 89' lang='lat' dir='ltr'>in</span> <span class='ocrx_word' id='word_1_538' title='bbox 1491 275 1578 310; x_wconf 81' lang='lat' dir='ltr'>libro</span> <span class='ocrx_word' id='word_1_539' title='bbox 1591 279 1805 319; x_wconf 71' lang='lat' dir='ltr'>quaestionum</span> <span class='ocrx_word' id='word_1_540' title='bbox 1818 279 1954 315; x_wconf 82' lang='lat' dir='ltr'>laudato</span> <span class='ocrx_word' id='word_1_541' title='bbox 1965 282 2049 316; x_wconf 60' lang='lat' dir='ltr'>Dio»</span> 
     </span>
    </p>
   </div>
   <div class='ocr_carea' id='block_1_9' title="bbox 1154 312 2160 474">
    <p class='ocr_par' dir='ltr' id='par_1_10' title="bbox 1154 312 2160 474">
     <span class='ocr_line' id='line_1_91' title="bbox 1154 312 2160 376; baseline 0.008 -18"><span class='ocrx_word' id='word_1_542' title='bbox 1154 326 1254 370; x_wconf 17' lang='lat' dir='ltr'>*nysib</span> <span class='ocrx_word' id='word_1_543' title='bbox 1272 325 1510 370; x_wconf 83' lang='lat' dir='ltr'>propositarum</span> <span class='ocrx_word' id='word_1_544' title='bbox 1531 324 1654 360; x_wconf 69' lang='lat' dir='ltr'>Paulus</span> <span class='ocrx_word' id='word_1_545' title='bbox 1662 332 1809 374; x_wconf 78' lang='lat' dir='ltr'>excepit:</span> <span class='ocrx_word' id='word_1_546' title='bbox 1837 333 1950 376; x_wconf 68' lang='lat' dir='ltr'>,Quaea</span> <span class='ocrx_word' id='word_1_547' title='bbox 1963 331 2049 365; x_wconf 71' lang='lat' dir='ltr'>vobit</span> <span class='ocrx_word' id='word_1_548' title='bbox 2065 312 2104 348; x_wconf 78' lang='lat' dir='ltr'>Q‘</span> <span class='ocrx_word' id='word_1_549' title='bbox 2119 318 2160 339; x_wconf 66' lang='lat'>¹⁰⁶</span> 
     </span>
     <span class='ocr_line' id='line_1_92' title="bbox 1157 374 2048 421; baseline 0.008 -13"><span class='ocrx_word' id='word_1_550' title='bbox 1157 375 1277 419; x_wconf 62' lang='lat' dir='ltr'>scripta</span> <span class='ocrx_word' id='word_1_551' title='bbox 1288 374 1389 419; x_wconf 61' lang='lat' dir='ltr'>slent,&gt;</span> <span class='ocrx_word' id='word_1_552' title='bbox 1411 379 1509 411; x_wconf 82' lang='lat' dir='ltr'>Deum</span> <span class='ocrx_word' id='word_1_553' title='bbox 1527 374 1639 410; x_wconf 80' lang='lat' dir='ltr'>habent</span> <span class='ocrx_word' id='word_1_554' title='bbox 1654 380 1851 421; x_wconf 69' lang='lat' dir='ltr'>crucifixum,</span> <span class='ocrx_word' id='word_1_555' title='bbox 1876 383 1914 416; x_wconf 62' lang='grc' dir='ltr'>ψ·</span> <span class='ocrx_word' id='word_1_556' title='bbox 1934 390 2048 415; x_wconf 80' lang='lat' dir='ltr'>coaeter-</span> 
     </span>
     <span class='ocr_line' id='line_1_93' title="bbox 1162 426 2049 474; baseline 0.008 -15"><span class='ocrx_word' id='word_1_557' title='bbox 1162 438 1234 460; x_wconf 83' lang='lat' dir='ltr'>num</span> <span class='ocrx_word' id='word_1_558' title='bbox 1254 428 1343 460; x_wconf 81' lang='lat' dir='ltr'>Patri</span> <span class='ocrx_word' id='word_1_559' title='bbox 1363 446 1386 459; x_wconf 85' lang='lat'>.-</span> <span class='ocrx_word' id='word_1_560' title='bbox 1401 426 1629 472; x_wconf 65' lang='lat' dir='ltr'>Eamamque</span> <span class='ocrx_word' id='word_1_561' title='bbox 1651 426 1686 460; x_wconf 91' lang='lat' dir='ltr'>in</span> <span class='ocrx_word' id='word_1_562' title='bbox 1713 426 1775 462; x_wconf 76' lang='lat' dir='ltr'>sno</span> <span class='ocrx_word' id='word_1_563' title='bbox 1793 430 1834 465; x_wconf 80' lang='lat' dir='ltr'>ad</span> <span class='ocrx_word' id='word_1_564' title='bbox 1855 431 2049 474; x_wconf 59' lang='lat' dir='ltr'>quaestiones</span> 
     </span>
    </p>
   </div>
   <div class='ocr_carea' id='block_1_10' title="bbox 1164 476 2062 526">
    <p class='ocr_par' dir='ltr' id='par_1_11' title="bbox 1164 476 2062 526">
     <span class='ocr_line' id='line_1_94' title="bbox 1164 476 2062 526; baseline 0.007 -16"><span class='ocrx_word' id='word_1_565' title='bbox 1164 476 1334 520; x_wconf 77' lang='lat' dir='ltr'>Rescripto</span> <span class='ocrx_word' id='word_1_566' title='bbox 1355 477 1543 520; x_wconf 64' lang='lat' dir='ltr'>Dionyfioe</span> <span class='ocrx_word' id='word_1_567' title='bbox 1553 476 1680 513; x_wconf 64' lang='lat' dir='ltr'>baimie</span> <span class='ocrx_word' id='word_1_568' title='bbox 1700 477 1847 514; x_wconf 79' lang='lat' dir='ltr'>defendit</span> <span class='ocrx_word' id='word_1_569' title='bbox 1871 507 1878 514; x_wconf 88' lang='lat'><strong>.</strong></span> <span class='ocrx_word' id='word_1_570' title='bbox 1906 481 1961 516; x_wconf 80' lang='lat' dir='ltr'>Ex</span> <span class='ocrx_word' id='word_1_571' title='bbox 1980 492 2062 526; x_wconf 62' lang='lat' dir='ltr'>quo«</span> 
     </span>
    </p>
   </div>
   <div class='ocr_carea' id='block_1_11' title="bbox 1162 525 2051 571">
    <p class='ocr_par' dir='ltr' id='par_1_12' title="bbox 1162 525 2051 571">
     <span class='ocr_line' id='line_1_95' title="bbox 1162 525 2051 571; baseline 0.007 -11"><span class='ocrx_word' id='word_1_572' title='bbox 1162 526 1290 561; x_wconf 73' lang='lat' dir='ltr'>rursum</span> <span class='ocrx_word' id='word_1_573' title='bbox 1310 525 1401 561; x_wconf 81' lang='lat' dir='ltr'>vides</span> <span class='ocrx_word' id='word_1_574' title='bbox 1420 528 1558 562; x_wconf 76' lang='lat' dir='ltr'>omnem</span> <span class='ocrx_word' id='word_1_575' title='bbox 1579 526 1666 562; x_wconf 83' lang='lat' dir='ltr'>hane</span> <span class='ocrx_word' id='word_1_576' title='bbox 1685 527 1886 571; x_wconf 80' lang='lat' dir='ltr'>impietatem</span> <span class='ocrx_word' id='word_1_577' title='bbox 1906 531 1925 564; x_wconf 69' lang='lat' dir='ltr'>a</span> <span class='ocrx_word' id='word_1_578' title='bbox 1944 532 2051 566; x_wconf 82' lang='lat' dir='ltr'>Paulo</span> 
     </span>
    </p>
   </div>
   <div class='ocr_carea' id='block_1_12' title="bbox 1164 576 2054 720">
    <p class='ocr_par' dir='ltr' id='par_1_13' title="bbox 1164 576 2054 720">
     <span class='ocr_line' id='line_1_96' title="bbox 1164 576 2051 619; baseline 0.006 -8"><span class='ocrx_word' id='word_1_579' title='bbox 1164 577 1440 612; x_wconf 71' lang='lat' dir='ltr'>Samosaoenfi-od</span> <span class='ocrx_word' id='word_1_580' title='bbox 1461 577 1628 619; x_wconf 55' lang='lat' dir='ltr'>Ariana,</span> <span class='ocrx_word' id='word_1_581' title='bbox 1654 577 1704 612; x_wconf 85' lang='lat' dir='ltr'>ab·</span> <span class='ocrx_word' id='word_1_582' title='bbox 1719 576 1772 617; x_wconf 59' lang='lat' dir='ltr'>his</span> <span class='ocrx_word' id='word_1_583' title='bbox 1797 579 1838 612; x_wconf 70' lang='lat' dir='ltr'>ad</span> <span class='ocrx_word' id='word_1_584' title='bbox 1860 578 2051 616; x_wconf 85' lang='lat' dir='ltr'>Nestorium</span> 
     </span>
     <span class='ocr_line' id='line_1_97' title="bbox 1375 626 2053 675; baseline 0.004 -14"><span class='ocrx_word' id='word_1_585' title='bbox 1375 627 1469 675; x_wconf 84' lang='lat' dir='ltr'>Qin</span> <span class='ocrx_word' id='word_1_586' title='bbox 1494 626 1599 663; x_wconf 74' lang='lat' dir='ltr'>immo</span> <span class='ocrx_word' id='word_1_587' title='bbox 1620 627 1895 672; x_wconf 68' lang='lat' dir='ltr'>prinsmafisfons</span> <span class='ocrx_word' id='word_1_588' title='bbox 1909 630 1982 663; x_wconf 85' lang='lat' dir='ltr'>sunt</span> <span class='ocrx_word' id='word_1_589' title='bbox 1993 631 2053 665; x_wconf 88' lang='lat' dir='ltr'>im-</span> 
     </span>
     <span class='ocr_line' id='line_1_98' title="bbox 1165 676 2054 720; baseline 0.003 -10"><span class='ocrx_word' id='word_1_590' title='bbox 1165 677 1211 720; x_wconf 87' lang='lat' dir='ltr'>pii</span> <span class='ocrx_word' id='word_1_591' title='bbox 1232 676 1360 720; x_wconf 76' lang='lat' dir='ltr'>Judaei,</span> <span class='ocrx_word' id='word_1_592' title='bbox 1386 677 1971 713; x_wconf 79' lang='lat' dir='ltr'>existimantes-Dominum&#39;nostrum</span> <span class='ocrx_word' id='word_1_593' title='bbox 1982 678 2054 713; x_wconf 80' lang='lat' dir='ltr'>fuis-</span> 
     </span>
    </p>
   </div>
   <div class='ocr_carea' id='block_1_13' title="bbox 1164 725 2060 821">
    <p class='ocr_par' dir='ltr' id='par_1_14' title="bbox 1164 725 2060 821">
     <span class='ocr_line' id='line_1_99' title="bbox 1164 725 2053 773; baseline 0.002 -13"><span class='ocrx_word' id='word_1_594' title='bbox 1164 727 1197 761; x_wconf 86' lang='lat' dir='ltr'>se</span> <span class='ocrx_word' id='word_1_595' title='bbox 1218 737 1336 770; x_wconf 83' lang='lat' dir='ltr'>purum</span> <span class='ocrx_word' id='word_1_596' title='bbox 1357 725 1530 763; x_wconf 78' lang='lat' dir='ltr'>hominem</span> <span class='ocrx_word' id='word_1_597' title='bbox 1548 753 1560 770; x_wconf 87' lang='lat'><strong>,</strong></span> <span class='ocrx_word' id='word_1_598' title='bbox 1573 728 1836 773; x_wconf 72' lang='lat' dir='ltr'>&#39;ideoque‘illius</span> <span class='ocrx_word' id='word_1_599' title='bbox 1856 728 2030 762; x_wconf 84' lang='lat' dir='ltr'>infantiam</span> <span class='ocrx_word' id='word_1_600' title='bbox 2042 752 2053 769; x_wconf 89' lang='lat'>,</span> 
     </span>
     <span class='ocr_line' id='line_1_100' title="bbox 1165 776 2060 821; baseline 0.001 -11"><span class='ocrx_word' id='word_1_601' title='bbox 1165 776 1365 821; x_wconf 81' lang='lat' dir='ltr'>passionem,</span> <span class='ocrx_word' id='word_1_602' title='bbox 1390 787 1532 813; x_wconf 82' lang='lat' dir='ltr'>mortem</span> <span class='ocrx_word' id='word_1_603' title='bbox 1545 802 1557 819; x_wconf 94' lang='lat'>‚</span> <span class='ocrx_word' id='word_1_604' title='bbox 1586 779 1622 813; x_wconf 73' lang='grc' dir='ltr'>δε</span> <span class='ocrx_word' id='word_1_605' title='bbox 1640 779 1705 814; x_wconf 89' lang='lat' dir='ltr'>alia</span> <span class='ocrx_word' id='word_1_606' title='bbox 1726 776 2060 814; x_wconf 75' lang='lat' dir='ltr'>humanaeinfirmita·</span> 
     </span>
    </p>
   </div>
   <div class='ocr_carea' id='block_1_14' title="bbox 1167 826 2060 873">
    <p class='ocr_par' dir='ltr' id='par_1_15' title="bbox 1167 826 2060 873">
     <span class='ocr_line' id='line_1_101' title="bbox 1167 826 2060 873; baseline 0 -11"><span class='ocrx_word' id='word_1_607' title='bbox 1167 827 1370 863; x_wconf 22' lang='lat' dir='ltr'>tisssolenn&#39;ia</span> <span class='ocrx_word' id='word_1_608' title='bbox 1380 828 1594 872; x_wconf 76' lang='lat' dir='ltr'>praedicantes&#39;</span> <span class='ocrx_word' id='word_1_609' title='bbox 1606 827 1763 873; x_wconf 87' lang='lat' dir='ltr'>Apostoli</span> <span class='ocrx_word' id='word_1_610' title='bbox 1777 826 1886 864; x_wconf 78' lang='lat' dir='ltr'>statim</span> <span class='ocrx_word' id='word_1_611' title='bbox 1897 828 2060 863; x_wconf 66' lang='lat' dir='ltr'>subnecte-</span> 
     </span>
    </p>
   </div>
   <div class='ocr_carea' id='block_1_15' title="bbox 1133 876 2061 923">
    <p class='ocr_par' dir='ltr' id='par_1_16' title="bbox 1133 876 2061 923">
     <span class='ocr_line' id='line_1_102' title="bbox 1133 876 2061 923; baseline -0.002 -10"><span class='ocrx_word' id='word_1_612' title='bbox 1133 919 1135 923; x_wconf 17' lang='grc' dir='ltr'><em>Α</em></span> <span class='ocrx_word' id='word_1_613' title='bbox 1168 877 1263 913; x_wconf 84' lang='lat' dir='ltr'>bant:</span> <span class='ocrx_word' id='word_1_614' title='bbox 1292 883 1348 912; x_wconf 82' lang='lat' dir='ltr'>Hic</span> <span class='ocrx_word' id='word_1_615' title='bbox 1359 879 1461 913; x_wconf 60' lang='lat' dir='ltr'>aanor.</span> <span class='ocrx_word' id='word_1_616' title='bbox 1471 878 1510 920; x_wconf 77' lang='lat' dir='ltr'>est</span> <span class='ocrx_word' id='word_1_617' title='bbox 1519 884 1596 913; x_wconf 75' lang='lat' dir='ltr'>vitae</span> <span class='ocrx_word' id='word_1_618' title='bbox 1607 902 1618 918; x_wconf 92' lang='lat'>,</span> <span class='ocrx_word' id='word_1_619' title='bbox 1643 887 1700 913; x_wconf 87' lang='lat' dir='ltr'>aut</span> <span class='ocrx_word' id='word_1_620' title='bbox 1712 882 1860 913; x_wconf 80' lang='lat' dir='ltr'>Dominus</span> <span class='ocrx_word' id='word_1_621' title='bbox 1867 876 1975 923; x_wconf 82' lang='lat' dir='ltr'>gloriae</span> <span class='ocrx_word' id='word_1_622' title='bbox 1987 903 1997 919; x_wconf 85' lang='lat'>,</span> <span class='ocrx_word' id='word_1_623' title='bbox 2011 878 2061 912; x_wconf 77' lang='lat' dir='ltr'>uti</span> 
     </span>
    </p>
   </div>
   <div class='ocr_carea' id='block_1_16' title="bbox 1169 927 2083 1574">
    <p class='ocr_par' dir='ltr' id='par_1_17' title="bbox 1169 927 2074 1163">
     <span class='ocr_line' id='line_1_103' title="bbox 1169 927 2062 973; baseline -0.001 -12"><span class='ocrx_word' id='word_1_624' title='bbox 1169 929 1204 962; x_wconf 92' lang='lat' dir='ltr'>in</span> <span class='ocrx_word' id='word_1_625' title='bbox 1223 927 1370 972; x_wconf 86' lang='lat' dir='ltr'>Epistola</span> <span class='ocrx_word' id='word_1_626' title='bbox 1390 929 1432 963; x_wconf 80' lang='lat' dir='ltr'>dc</span> <span class='ocrx_word' id='word_1_627' title='bbox 1444 929 1551 964; x_wconf 68' lang='lat' dir='ltr'>Sansti</span> <span class='ocrx_word' id='word_1_628' title='bbox 1562 929 1718 973; x_wconf 82' lang='lat' dir='ltr'>Dionysii</span> <span class='ocrx_word' id='word_1_629' title='bbox 1730 929 1905 965; x_wconf 67' lang='lat' dir='ltr'>adversum</span> <span class='ocrx_word' id='word_1_630' title='bbox 1919 929 2062 963; x_wconf 88' lang='lat' dir='ltr'>Arianos</span> 
     </span>
     <span class='ocr_line' id='line_1_104' title="bbox 1170 978 2064 1025; baseline -0.002 -12"><span class='ocrx_word' id='word_1_631' title='bbox 1170 980 1260 1014; x_wconf 87' lang='lat' dir='ltr'>sensu</span> <span class='ocrx_word' id='word_1_632' title='bbox 1281 978 1430 1014; x_wconf 87' lang='lat' dir='ltr'>laudatus</span> <span class='ocrx_word' id='word_1_633' title='bbox 1440 978 1643 1015; x_wconf 84' lang='lat' dir='ltr'>Athanasius</span> <span class='ocrx_word' id='word_1_634' title='bbox 1655 980 1827 1025; x_wconf 83' lang='lat' dir='ltr'>insigniter</span> <span class='ocrx_word' id='word_1_635' title='bbox 1836 978 2041 1014; x_wconf 88' lang='lat' dir='ltr'>demonstrat</span> <span class='ocrx_word' id='word_1_636' title='bbox 2056 1003 2064 1010; x_wconf 85' lang='lat'><strong>.</strong></span> 
     </span>
     <span class='ocr_line' id='line_1_105' title="bbox 1170 1026 2067 1072; baseline -0.001 -10"><span class='ocrx_word' id='word_1_637' title='bbox 1170 1028 1272 1063; x_wconf 68' lang='lat' dir='ltr'>Recte</span> <span class='ocrx_word' id='word_1_638' title='bbox 1289 1028 1385 1064; x_wconf 87' lang='lat' dir='ltr'>addit.</span> <span class='ocrx_word' id='word_1_639' title='bbox 1394 1030 1493 1064; x_wconf 84' lang='lat' dir='ltr'>istum</span> <span class='ocrx_word' id='word_1_640' title='bbox 1504 1029 1646 1065; x_wconf 90' lang='lat' dir='ltr'>Paulum</span> <span class='ocrx_word' id='word_1_641' title='bbox 1657 1053 1668 1069; x_wconf 90' lang='lat'>‚</span> <span class='ocrx_word' id='word_1_642' title='bbox 1693 1029 1777 1065; x_wconf 62' lang='lat' dir='ltr'>reste</span> <span class='ocrx_word' id='word_1_643' title='bbox 1789 1030 1900 1065; x_wconf 85' lang='lat' dir='ltr'>nostra</span> <span class='ocrx_word' id='word_1_644' title='bbox 1911 1026 2067 1072; x_wconf 85' lang='lat' dir='ltr'>Synodus</span> 
     </span>
     <span class='ocr_line' id='line_1_106' title="bbox 1170 1077 2074 1123; baseline -0.001 -10"><span class='ocrx_word' id='word_1_645' title='bbox 1170 1078 1252 1113; x_wconf 87' lang='lat' dir='ltr'>dicit</span> <span class='ocrx_word' id='word_1_646' title='bbox 1270 1079 1463 1118; x_wconf 83' lang='lat' dir='ltr'>Nestorium</span> <span class='ocrx_word' id='word_1_647' title='bbox 1488 1079 1618 1120; x_wconf 70' lang='lat' dir='ltr'>abunde</span> <span class='ocrx_word' id='word_1_648' title='bbox 1639 1081 1833 1116; x_wconf 87' lang='lat' dir='ltr'>damnatum</span> <span class='ocrx_word' id='word_1_649' title='bbox 1857 1080 1875 1115; x_wconf 74' lang='lat' dir='ltr'>a</span> <span class='ocrx_word' id='word_1_650' title='bbox 1901 1077 2074 1123; x_wconf 83' lang='lat' dir='ltr'>Symbolo-</span> 
     </span>
     <span class='ocr_line' id='line_1_107' title="bbox 1174 1129 1336 1163; baseline -0.006 0"><span class='ocrx_word' id='word_1_651' title='bbox 1174 1129 1314 1163; x_wconf 69' lang='lat' dir='ltr'>Nicaeno</span> <span class='ocrx_word' id='word_1_652' title='bbox 1328 1154 1336 1162; x_wconf 92' lang='lat'><strong>.</strong></span> 
     </span>
    </p>

    <p class='ocr_par' dir='ltr' id='par_1_18' title="bbox 1173 1178 2083 1574">
     <span class='ocr_line' id='line_1_108' title="bbox 1223 1178 2067 1225; baseline -0.001 -12"><span class='ocrx_word' id='word_1_653' title='bbox 1223 1178 1325 1214; x_wconf 72' lang='lat' dir='ltr'>Recte</span> <span class='ocrx_word' id='word_1_654' title='bbox 1336 1179 1474 1215; x_wconf 63' lang='lat' dir='ltr'>neman</span> <span class='ocrx_word' id='word_1_655' title='bbox 1485 1180 1593 1215; x_wconf 83' lang='lat' dir='ltr'>nostra</span> <span class='ocrx_word' id='word_1_656' title='bbox 1603 1181 1759 1225; x_wconf 88' lang='lat' dir='ltr'>Synodus</span> <span class='ocrx_word' id='word_1_657' title='bbox 1777 1196 1787 1215; x_wconf 70' lang='lat' dir='ltr'>i</span> <span class='ocrx_word' id='word_1_658' title='bbox 1814 1184 1968 1225; x_wconf 68' lang='lat' dir='ltr'>,Quoniam</span> <span class='ocrx_word' id='word_1_659' title='bbox 1994 1181 2067 1215; x_wconf 72' lang='lat' dir='ltr'>vero</span> 
     </span>
     <span class='ocr_line' id='line_1_109' title="bbox 1173 1228 2071 1275; baseline -0.003 -10"><span class='ocrx_word' id='word_1_660' title='bbox 1173 1228 1414 1272; x_wconf 71' lang='lat' dir='ltr'>aliquifimulant</span> <span class='ocrx_word' id='word_1_661' title='bbox 1423 1254 1436 1272; x_wconf 94' lang='lat'>‚</span> <span class='ocrx_word' id='word_1_662' title='bbox 1461 1231 1520 1265; x_wconf 64' lang='lat' dir='ltr'>&amp;a</span> <span class='ocrx_word' id='word_1_663' title='bbox 1546 1230 1692 1266; x_wconf 85' lang='lat' dir='ltr'>Causam</span> <span class='ocrx_word' id='word_1_664' title='bbox 1702 1232 1738 1266; x_wconf 88' lang='lat' dir='ltr'>in</span> <span class='ocrx_word' id='word_1_665' title='bbox 1756 1232 1820 1266; x_wconf 76' lang='lat' dir='ltr'>suis</span> <span class='ocrx_word' id='word_1_666' title='bbox 1831 1231 2048 1275; x_wconf 81' lang='lat' dir='ltr'>synodalibus</span> <span class='ocrx_word' id='word_1_667' title='bbox 2057 1253 2071 1270; x_wconf 89' lang='lat'><em>,</em></span> 
     </span>
     <span class='ocr_line' id='line_1_110' title="bbox 1175 1278 2083 1323; baseline 0 -10"><span class='ocrx_word' id='word_1_668' title='bbox 1175 1278 1248 1323; x_wconf 84' lang='lat' dir='ltr'>post</span> <span class='ocrx_word' id='word_1_669' title='bbox 1268 1279 1444 1323; x_wconf 90' lang='lat' dir='ltr'>Synodum</span> <span class='ocrx_word' id='word_1_670' title='bbox 1454 1279 1761 1316; x_wconf 81' lang='lat' dir='ltr'>Chalcedonensem</span> <span class='ocrx_word' id='word_1_671' title='bbox 1772 1280 1975 1317; x_wconf 78' lang='lat' dir='ltr'>exstantibus</span> <span class='ocrx_word' id='word_1_672' title='bbox 1988 1305 1999 1322; x_wconf 84' lang='lat'><em>,</em></span> <span class='ocrx_word' id='word_1_673' title='bbox 2025 1279 2083 1314; x_wconf 57' lang='lat' dir='ltr'>ad*</span> 
     </span>
     <span class='ocr_line' id='line_1_111' title="bbox 1174 1329 2071 1375; baseline -0.001 -11"><span class='ocrx_word' id='word_1_674' title='bbox 1174 1330 1323 1364; x_wconf 89' lang='lat' dir='ltr'>Leonem</span> <span class='ocrx_word' id='word_1_675' title='bbox 1336 1329 1526 1375; x_wconf 86' lang='lat' dir='ltr'>Augustum</span> <span class='ocrx_word' id='word_1_676' title='bbox 1537 1331 1656 1366; x_wconf 82' lang='lat' dir='ltr'>litteris</span> <span class='ocrx_word' id='word_1_677' title='bbox 1663 1331 1799 1366; x_wconf 89' lang='lat' dir='ltr'>adducit</span> <span class='ocrx_word' id='word_1_678' title='bbox 1812 1332 1955 1375; x_wconf 68' lang='lat' dir='ltr'>loannes</span> <span class='ocrx_word' id='word_1_679' title='bbox 1975 1329 2071 1365; x_wconf 82' lang='lat' dir='ltr'>Seba-</span> 
     </span>
     <span class='ocr_line' id='line_1_112' title="bbox 1178 1379 2070 1425; baseline 0.001 -12"><span class='ocrx_word' id='word_1_680' title='bbox 1178 1379 1284 1413; x_wconf 83' lang='lat' dir='ltr'>stenus</span> <span class='ocrx_word' id='word_1_681' title='bbox 1295 1379 1474 1424; x_wconf 80' lang='lat' dir='ltr'>Episcopus</span> <span class='ocrx_word' id='word_1_682' title='bbox 1484 1405 1496 1422; x_wconf 88' lang='lat'><em>,</em></span> <span class='ocrx_word' id='word_1_683' title='bbox 1522 1381 1741 1425; x_wconf 88' lang='lat' dir='ltr'>Metropolita</span> <span class='ocrx_word' id='word_1_684' title='bbox 1753 1381 1865 1425; x_wconf 79' lang='lat' dir='ltr'>primae</span> <span class='ocrx_word' id='word_1_685' title='bbox 1880 1380 2047 1415; x_wconf 82' lang='lat' dir='ltr'>Armeniae</span> <span class='ocrx_word' id='word_1_686' title='bbox 2058 1402 2070 1419; x_wconf 85' lang='lat'><em>,</em></span> 
     </span>
     <span class='ocr_line' id='line_1_113' title="bbox 1178 1429 2070 1474; baseline 0 -11"><span class='ocrx_word' id='word_1_687' title='bbox 1178 1431 1316 1474; x_wconf 84' lang='lat' dir='ltr'>loquens</span> <span class='ocrx_word' id='word_1_688' title='bbox 1325 1429 1367 1466; x_wconf 81' lang='lat' dir='ltr'>de</span> <span class='ocrx_word' id='word_1_689' title='bbox 1377 1429 1637 1466; x_wconf 85' lang='lat' dir='ltr'>Chalcedonensi</span> <span class='ocrx_word' id='word_1_690' title='bbox 1649 1430 1725 1466; x_wconf 88' lang='lat' dir='ltr'>fidei</span> <span class='ocrx_word' id='word_1_691' title='bbox 1737 1430 1935 1466; x_wconf 85' lang='lat' dir='ltr'>definitione</span> <span class='ocrx_word' id='word_1_692' title='bbox 1958 1442 1966 1461; x_wconf 90' lang='lat'>:</span> <span class='ocrx_word' id='word_1_693' title='bbox 1992 1431 2070 1463; x_wconf 76' lang='lat' dir='ltr'>Sunt</span> 
     </span>
     <span class='ocr_line' id='line_1_114' title="bbox 1177 1479 2071 1525; baseline 0 -12"><span class='ocrx_word' id='word_1_694' title='bbox 1177 1491 1244 1522; x_wconf 77' lang='lat' dir='ltr'>quae</span> <span class='ocrx_word' id='word_1_695' title='bbox 1256 1479 1334 1514; x_wconf 71' lang='grc' dir='ltr'>νεέῖὲ</span> <span class='ocrx_word' id='word_1_696' title='bbox 1357 1481 1562 1524; x_wconf 71' lang='lat' dir='ltr'>intelligantur</span> <span class='ocrx_word' id='word_1_697' title='bbox 1572 1481 1738 1515; x_wconf 83' lang='lat' dir='ltr'>orthodoxa</span> <span class='ocrx_word' id='word_1_698' title='bbox 1749 1494 1763 1525; x_wconf 90' lang='lat'><em>;</em></span> <span class='ocrx_word' id='word_1_699' title='bbox 1784 1480 1859 1525; x_wconf 83' lang='lat' dir='ltr'>sunt</span> <span class='ocrx_word' id='word_1_700' title='bbox 1873 1483 1945 1515; x_wconf 76' lang='lat' dir='ltr'>vera</span> <span class='ocrx_word' id='word_1_701' title='bbox 1955 1480 2050 1523; x_wconf 79' lang='lat' dir='ltr'>aliqui</span> <span class='ocrx_word' id='word_1_702' title='bbox 2061 1505 2071 1520; x_wconf 83' lang='grc'>,</span> 
     </span>
     <span class='ocr_line' id='line_1_115' title="bbox 1177 1529 2075 1574; baseline -0.001 -10"><span class='ocrx_word' id='word_1_703' title='bbox 1177 1536 1230 1573; x_wconf 79' lang='lat' dir='ltr'>qui</span> <span class='ocrx_word' id='word_1_704' title='bbox 1243 1529 1275 1572; x_wconf 84' lang='lat' dir='ltr'><em>fi</em></span> <span class='ocrx_word' id='word_1_705' title='bbox 1289 1541 1325 1564; x_wconf 87' lang='lat' dir='ltr'>ea</span> <span class='ocrx_word' id='word_1_706' title='bbox 1336 1531 1427 1565; x_wconf 79' lang='lat' dir='ltr'>aliter</span> <span class='ocrx_word' id='word_1_707' title='bbox 1445 1532 1545 1564; x_wconf 82' lang='lat' dir='ltr'>velint</span> <span class='ocrx_word' id='word_1_708' title='bbox 1561 1529 1733 1574; x_wconf 79' lang='lat' dir='ltr'>adspicere,</span> <span class='ocrx_word' id='word_1_709' title='bbox 1760 1537 1921 1565; x_wconf 80' lang='lat' dir='ltr'>inveniant</span> <span class='ocrx_word' id='word_1_710' title='bbox 1932 1530 1996 1565; x_wconf 86' lang='lat' dir='ltr'>haec</span> <span class='ocrx_word' id='word_1_711' title='bbox 2004 1529 2075 1574; x_wconf 82' lang='lat' dir='ltr'>sen-</span> 
     </span>
    </p>
   </div>
   <div class='ocr_carea' id='block_1_17' title="bbox 2092 1450 2232 1491">
    <p class='ocr_par' dir='ltr' id='par_1_19' title="bbox 2092 1450 2232 1491">
     <span class='ocr_line' id='line_1_116' title="bbox 2092 1450 2232 1491; baseline -0.014 -9"><span class='ocrx_word' id='word_1_712' title='bbox 2092 1450 2232 1491; x_wconf 61' lang='lat' dir='ltr'>Epist-48:</span> 
     </span>
    </p>
   </div>
   <div class='ocr_carea' id='block_1_18' title="bbox 1173 1578 2076 1624">
    <p class='ocr_par' dir='ltr' id='par_1_20' title="bbox 1173 1578 2076 1624">
     <span class='ocr_line' id='line_1_117' title="bbox 1173 1578 2076 1624; baseline -0.001 -10"><span class='ocrx_word' id='word_1_713' title='bbox 1173 1578 1232 1624; x_wconf 66' lang='lat' dir='ltr'>sur</span> <span class='ocrx_word' id='word_1_714' title='bbox 1239 1579 1342 1614; x_wconf 87' lang='lat' dir='ltr'>dubios</span> <span class='ocrx_word' id='word_1_715' title='bbox 1349 1585 1502 1623; x_wconf 78' lang='lat' dir='ltr'>patientia</span> <span class='ocrx_word' id='word_1_716' title='bbox 1514 1605 1523 1613; x_wconf 91' lang='lat'>.</span> <span class='ocrx_word' id='word_1_717' title='bbox 1551 1582 1643 1614; x_wconf 78' lang='lat' dir='ltr'>Multi</span> <span class='ocrx_word' id='word_1_718' title='bbox 1654 1583 1774 1624; x_wconf 83' lang='lat' dir='ltr'>quidem</span> <span class='ocrx_word' id='word_1_719' title='bbox 1784 1583 1819 1616; x_wconf 67' lang='grc' dir='ltr'>ὠ*</span> <span class='ocrx_word' id='word_1_720' title='bbox 1831 1585 1967 1615; x_wconf 83' lang='lat' dir='ltr'>Divinas</span> <span class='ocrx_word' id='word_1_721' title='bbox 1978 1583 2076 1622; x_wconf 71' lang='lat' dir='ltr'>scrip-</span> 
     </span>
    </p>
   </div>
   <div class='ocr_carea' id='block_1_19' title="bbox 1179 1630 2087 3527">
    <p class='ocr_par' dir='ltr' id='par_1_21' title="bbox 1179 1630 2087 2515">
     <span class='ocr_line' id='line_1_118' title="bbox 1179 1630 2073 1675; baseline 0 -11"><span class='ocrx_word' id='word_1_722' title='bbox 1179 1640 1265 1664; x_wconf 78' lang='lat' dir='ltr'>tutas</span> <span class='ocrx_word' id='word_1_723' title='bbox 1289 1641 1347 1663; x_wconf 82' lang='lat' dir='ltr'>non</span> <span class='ocrx_word' id='word_1_724' title='bbox 1368 1631 1566 1675; x_wconf 78' lang='lat' dir='ltr'>intelligentes</span> <span class='ocrx_word' id='word_1_725' title='bbox 1581 1630 1653 1672; x_wconf 82' lang='lat' dir='ltr'>ficut</span> <span class='ocrx_word' id='word_1_726' title='bbox 1670 1630 1795 1675; x_wconf 71' lang='lat' dir='ltr'>firiptae</span> <span class='ocrx_word' id='word_1_727' title='bbox 1816 1630 1890 1674; x_wconf 84' lang='lat' dir='ltr'>sunt</span> <span class='ocrx_word' id='word_1_728' title='bbox 1901 1655 1913 1672; x_wconf 93' lang='lat'>,</span> <span class='ocrx_word' id='word_1_729' title='bbox 1938 1636 2073 1673; x_wconf 82' lang='lat' dir='ltr'>propriae</span> 
     </span>
     <span class='ocr_line' id='line_1_119' title="bbox 1179 1679 2075 1725; baseline 0 -10"><span class='ocrx_word' id='word_1_730' title='bbox 1179 1679 1373 1724; x_wconf 67' lang='lat' dir='ltr'>blasphemia·</span> <span class='ocrx_word' id='word_1_731' title='bbox 1393 1681 1534 1725; x_wconf 75' lang='lat' dir='ltr'>dogmata</span> <span class='ocrx_word' id='word_1_732' title='bbox 1549 1690 1737 1725; x_wconf 82' lang='lat' dir='ltr'>genuerunt.</span> <span class='ocrx_word' id='word_1_733' title='bbox 1764 1681 1854 1716; x_wconf 84' lang='lat' dir='ltr'>Nam</span> <span class='ocrx_word' id='word_1_734' title='bbox 1873 1681 1907 1717; x_wconf 73' lang='grc' dir='ltr'>δε</span> <span class='ocrx_word' id='word_1_735' title='bbox 1922 1681 1990 1725; x_wconf 86' lang='lat' dir='ltr'>ipse</span> <span class='ocrx_word' id='word_1_736' title='bbox 2002 1691 2075 1715; x_wconf 87' lang='lat' dir='ltr'>om-</span> 
     </span>
     <span class='ocr_line' id='line_1_120' title="bbox 1181 1730 2074 1775; baseline -0.001 -10"><span class='ocrx_word' id='word_1_737' title='bbox 1181 1733 1276 1766; x_wconf 84' lang='lat' dir='ltr'>nium</span> <span class='ocrx_word' id='word_1_738' title='bbox 1302 1731 1543 1767; x_wconf 81' lang='lat' dir='ltr'>Haereticorum</span> <span class='ocrx_word' id='word_1_739' title='bbox 1567 1741 1658 1775; x_wconf 85' lang='lat' dir='ltr'>pater</span> <span class='ocrx_word' id='word_1_740' title='bbox 1682 1732 1717 1766; x_wconf 90' lang='lat'>&amp;</span> <span class='ocrx_word' id='word_1_741' title='bbox 1743 1731 1811 1765; x_wconf 84' lang='lat' dir='ltr'>dux</span> <span class='ocrx_word' id='word_1_742' title='bbox 1847 1730 2005 1765; x_wconf 87' lang='lat' dir='ltr'>diabolus</span> <span class='ocrx_word' id='word_1_743' title='bbox 2031 1742 2074 1764; x_wconf 85' lang='lat' dir='ltr'>ex</span> 
     </span>
     <span class='ocr_line' id='line_1_121' title="bbox 1180 1780 2074 1825; baseline 0 -11"><span class='ocrx_word' id='word_1_744' title='bbox 1180 1781 1352 1825; x_wconf 85' lang='lat' dir='ltr'>Scripturis</span> <span class='ocrx_word' id='word_1_745' title='bbox 1378 1780 1553 1825; x_wconf 82' lang='lat' dir='ltr'>disputavit</span> <span class='ocrx_word' id='word_1_746' title='bbox 1574 1804 1586 1820; x_wconf 88' lang='lat'>‚</span> <span class='ocrx_word' id='word_1_747' title='bbox 1611 1782 1667 1825; x_wconf 87' lang='lat' dir='ltr'>ipsi</span> <span class='ocrx_word' id='word_1_748' title='bbox 1688 1782 1843 1816; x_wconf 89' lang='lat' dir='ltr'>Domino</span> <span class='ocrx_word' id='word_1_749' title='bbox 1868 1782 1980 1815; x_wconf 86' lang='lat' dir='ltr'>nostro</span> <span class='ocrx_word' id='word_1_750' title='bbox 2002 1781 2074 1824; x_wconf 85' lang='lat' dir='ltr'>Jesu</span> 
     </span>
     <span class='ocr_line' id='line_1_122' title="bbox 1181 1829 2081 1876; baseline -0.003 -10"><span class='ocrx_word' id='word_1_751' title='bbox 1181 1830 1314 1866; x_wconf 80' lang='lat' dir='ltr'>Christo</span> <span class='ocrx_word' id='word_1_752' title='bbox 1327 1842 1466 1865; x_wconf 89' lang='lat' dir='ltr'>conatus</span> <span class='ocrx_word' id='word_1_753' title='bbox 1477 1832 1531 1866; x_wconf 91' lang='lat' dir='ltr'>sua</span> <span class='ocrx_word' id='word_1_754' title='bbox 1542 1829 1769 1875; x_wconf 76' lang='lat' dir='ltr'>phantasmata</span> <span class='ocrx_word' id='word_1_755' title='bbox 1788 1832 1996 1876; x_wconf 89' lang='lat' dir='ltr'>persuadere.</span> <span class='ocrx_word' id='word_1_756' title='bbox 2024 1831 2081 1865; x_wconf 82' lang='lat' dir='ltr'>Sa-</span> 
     </span>
     <span class='ocr_line' id='line_1_123' title="bbox 1182 1880 2079 1925; baseline -0.001 -10"><span class='ocrx_word' id='word_1_757' title='bbox 1182 1893 1239 1915; x_wconf 69' lang='lat' dir='ltr'>cra⁴</span> <span class='ocrx_word' id='word_1_758' title='bbox 1258 1880 1422 1924; x_wconf 85' lang='lat' dir='ltr'>Scriptura</span> <span class='ocrx_word' id='word_1_759' title='bbox 1443 1881 1487 1915; x_wconf 88' lang='lat' dir='ltr'>est</span> <span class='ocrx_word' id='word_1_760' title='bbox 1511 1881 1610 1916; x_wconf 89' lang='lat' dir='ltr'>ovina</span> <span class='ocrx_word' id='word_1_761' title='bbox 1634 1881 1709 1916; x_wconf 85' lang='lat' dir='ltr'>lana</span> <span class='ocrx_word' id='word_1_762' title='bbox 1734 1906 1745 1922; x_wconf 93' lang='lat'>‚</span> <span class='ocrx_word' id='word_1_763' title='bbox 1773 1893 1837 1925; x_wconf 89' lang='lat' dir='ltr'>qua</span> <span class='ocrx_word' id='word_1_764' title='bbox 1858 1882 1960 1916; x_wconf 88' lang='lat' dir='ltr'>etiam</span> <span class='ocrx_word' id='word_1_765' title='bbox 1983 1881 2079 1924; x_wconf 88' lang='lat' dir='ltr'>lupus</span> 
     </span>
     <span class='ocr_line' id='line_1_124' title="bbox 1182 1929 2082 1973; baseline -0.002 -8"><span class='ocrx_word' id='word_1_766' title='bbox 1182 1933 1272 1965; x_wconf 85' lang='lat' dir='ltr'>suam</span> <span class='ocrx_word' id='word_1_767' title='bbox 1296 1929 1419 1964; x_wconf 88' lang='lat' dir='ltr'>rabiem</span> <span class='ocrx_word' id='word_1_768' title='bbox 1443 1930 1541 1973; x_wconf 85' lang='lat' dir='ltr'>poffit</span> <span class='ocrx_word' id='word_1_769' title='bbox 1565 1931 1600 1964; x_wconf 90' lang='lat' dir='ltr'>in</span> <span class='ocrx_word' id='word_1_770' title='bbox 1622 1931 1759 1965; x_wconf 87' lang='lat' dir='ltr'>ovinam</span> <span class='ocrx_word' id='word_1_771' title='bbox 1792 1931 2082 1965; x_wconf 84' lang='lat' dir='ltr'>mansuetudinem</span> 
     </span>
     <span class='ocr_line' id='line_1_125' title="bbox 1183 1979 2082 2026; baseline -0.001 -11"><span class='ocrx_word' id='word_1_772' title='bbox 1183 1981 1412 2026; x_wconf 80' lang='lat' dir='ltr'>transfigurare</span> <span class='ocrx_word' id='word_1_773' title='bbox 1438 2006 1445 2013; x_wconf 90' lang='lat'>.</span> <span class='ocrx_word' id='word_1_774' title='bbox 1490 1979 1622 2015; x_wconf 85' lang='lat' dir='ltr'>Nicaeni</span> <span class='ocrx_word' id='word_1_775' title='bbox 1648 1980 1800 2025; x_wconf 89' lang='lat' dir='ltr'>Symboli</span> <span class='ocrx_word' id='word_1_776' title='bbox 1825 1981 1987 2016; x_wconf 88' lang='lat' dir='ltr'>secundus</span> <span class='ocrx_word' id='word_1_777' title='bbox 2007 1982 2082 2015; x_wconf 85' lang='lat' dir='ltr'>arti-</span> 
     </span>
     <span class='ocr_line' id='line_1_126' title="bbox 1182 2029 2077 2077; baseline -0.002 -11"><span class='ocrx_word' id='word_1_778' title='bbox 1182 2031 1276 2066; x_wconf 87' lang='lat' dir='ltr'>culus</span> <span class='ocrx_word' id='word_1_779' title='bbox 1298 2030 1397 2065; x_wconf 83' lang='lat' dir='ltr'>habot</span> <span class='ocrx_word' id='word_1_780' title='bbox 1423 2054 1435 2071; x_wconf 92' lang='lat'>‚</span> <span class='ocrx_word' id='word_1_781' title='bbox 1472 2032 1569 2064; x_wconf 82' lang='lat' dir='ltr'>Credo</span> <span class='ocrx_word' id='word_1_782' title='bbox 1593 2037 1626 2064; x_wconf 81' lang='lat' dir='ltr'>in</span> <span class='ocrx_word' id='word_1_783' title='bbox 1662 2043 1756 2065; x_wconf 84' lang='lat' dir='ltr'>unum</span> <span class='ocrx_word' id='word_1_784' title='bbox 1780 2035 1942 2065; x_wconf 84' lang='lat' dir='ltr'>Dominum</span> <span class='ocrx_word' id='word_1_785' title='bbox 1960 2029 2077 2077; x_wconf 81' lang='lat' dir='ltr'>Jesum</span> 
     </span>
     <span class='ocr_line' id='line_1_127' title="bbox 1184 2078 2081 2124; baseline 0.002 -11"><span class='ocrx_word' id='word_1_786' title='bbox 1184 2079 1356 2122; x_wconf 75' lang='lat' dir='ltr'>Christum,</span> <span class='ocrx_word' id='word_1_787' title='bbox 1382 2092 1420 2114; x_wconf 85' lang='lat' dir='ltr'>ac</span> <span class='ocrx_word' id='word_1_788' title='bbox 1445 2078 1523 2114; x_wconf 90' lang='lat' dir='ltr'>dein</span> <span class='ocrx_word' id='word_1_789' title='bbox 1537 2081 1704 2124; x_wconf 86' lang='lat' dir='ltr'>utriusque</span> <span class='ocrx_word' id='word_1_790' title='bbox 1717 2090 1836 2115; x_wconf 84' lang='lat' dir='ltr'>natura:</span> <span class='ocrx_word' id='word_1_791' title='bbox 1857 2081 2015 2117; x_wconf 83' lang='lat' dir='ltr'>idiomata</span> <span class='ocrx_word' id='word_1_792' title='bbox 2037 2080 2081 2115; x_wconf 86' lang='lat' dir='ltr'>de</span> 
     </span>
     <span class='ocr_line' id='line_1_128' title="bbox 1185 2129 2081 2174; baseline 0 -10"><span class='ocrx_word' id='word_1_793' title='bbox 1185 2132 1255 2174; x_wconf 89' lang='lat' dir='ltr'>ips&#39;o</span> <span class='ocrx_word' id='word_1_794' title='bbox 1268 2130 1452 2173; x_wconf 89' lang='lat' dir='ltr'>profitetur.</span> <span class='ocrx_word' id='word_1_795' title='bbox 1481 2129 1629 2164; x_wconf 86' lang='lat' dir='ltr'>Dolosus</span> <span class='ocrx_word' id='word_1_796' title='bbox 1639 2130 1811 2165; x_wconf 88' lang='lat' dir='ltr'>Nestorius</span> <span class='ocrx_word' id='word_1_797' title='bbox 1822 2131 1901 2174; x_wconf 55' lang='lat' dir='ltr'>ipsae</span> <span class='ocrx_word' id='word_1_798' title='bbox 1909 2143 1979 2165; x_wconf 90' lang='lat' dir='ltr'>non</span> <span class='ocrx_word' id='word_1_799' title='bbox 1993 2129 2081 2165; x_wconf 76' lang='lat' dir='ltr'>ultro</span> 
     </span>
     <span class='ocr_line' id='line_1_129' title="bbox 1184 2180 2082 2223; baseline 0 -7"><span class='ocrx_word' id='word_1_800' title='bbox 1184 2180 1331 2223; x_wconf 72' lang='lat' dir='ltr'>citrdque</span> <span class='ocrx_word' id='word_1_801' title='bbox 1351 2180 1392 2214; x_wconf 87' lang='lat' dir='ltr'>de</span> <span class='ocrx_word' id='word_1_802' title='bbox 1414 2180 1480 2214; x_wconf 83' lang='lat' dir='ltr'>sese</span> <span class='ocrx_word' id='word_1_803' title='bbox 1492 2180 1610 2214; x_wconf 76' lang='lat' dir='ltr'>mutuo</span> <span class='ocrx_word' id='word_1_804' title='bbox 1632 2205 1643 2220; x_wconf 94' lang='lat'>‚</span> <span class='ocrx_word' id='word_1_805' title='bbox 1668 2180 1722 2215; x_wconf 91' lang='lat' dir='ltr'>sed</span> <span class='ocrx_word' id='word_1_806' title='bbox 1744 2180 1917 2216; x_wconf 78' lang='lat' dir='ltr'>dumtaxat</span> <span class='ocrx_word' id='word_1_807' title='bbox 1950 2180 1992 2216; x_wconf 90' lang='lat' dir='ltr'>de</span> <span class='ocrx_word' id='word_1_808' title='bbox 2012 2181 2082 2216; x_wconf 85' lang='lat' dir='ltr'>sola</span> 
     </span>
     <span class='ocr_line' id='line_1_130' title="bbox 1186 2228 2081 2274; baseline 0.001 -9"><span class='ocrx_word' id='word_1_809' title='bbox 1186 2241 1268 2265; x_wconf 83' lang='lat' dir='ltr'>voce</span> <span class='ocrx_word' id='word_1_810' title='bbox 1284 2228 1418 2271; x_wconf 72' lang='lat' dir='ltr'>chrislus</span> <span class='ocrx_word' id='word_1_811' title='bbox 1429 2231 1554 2264; x_wconf 82' lang='lat' dir='ltr'>censuit</span> <span class='ocrx_word' id='word_1_812' title='bbox 1566 2228 1728 2273; x_wconf 78' lang='lat' dir='ltr'>praedicari</span> <span class='ocrx_word' id='word_1_813' title='bbox 1750 2233 1768 2265; x_wconf 69' lang='lat' dir='ltr'>a</span> <span class='ocrx_word' id='word_1_814' title='bbox 1788 2230 1920 2265; x_wconf 85' lang='lat' dir='ltr'>laudato</span> <span class='ocrx_word' id='word_1_815' title='bbox 1941 2230 2081 2274; x_wconf 71' lang='lat' dir='ltr'>Symbo·</span> 
     </span>
     <span class='ocr_line' id='line_1_131' title="bbox 1185 2279 2083 2324; baseline 0 -10"><span class='ocrx_word' id='word_1_816' title='bbox 1185 2281 1219 2315; x_wconf 90' lang='lat' dir='ltr'>lo</span> <span class='ocrx_word' id='word_1_817' title='bbox 1243 2306 1255 2321; x_wconf 92' lang='lat'>‚</span> <span class='ocrx_word' id='word_1_818' title='bbox 1293 2290 1392 2324; x_wconf 87' lang='lat' dir='ltr'>atque</span> <span class='ocrx_word' id='word_1_819' title='bbox 1417 2280 1460 2314; x_wconf 64' lang='lat' dir='ltr'>ita</span> <span class='ocrx_word' id='word_1_820' title='bbox 1487 2279 1715 2322; x_wconf 78' lang='lat' dir='ltr'>blaterationes</span> <span class='ocrx_word' id='word_1_821' title='bbox 1727 2282 1798 2316; x_wconf 85' lang='lat' dir='ltr'>suas</span> <span class='ocrx_word' id='word_1_822' title='bbox 1818 2281 2083 2315; x_wconf 71' lang='lat' dir='ltr'>esseilliconfor-</span> 
     </span>
     <span class='ocr_line' id='line_1_132' title="bbox 1186 2327 2082 2374; baseline -0.001 -9"><span class='ocrx_word' id='word_1_823' title='bbox 1186 2341 1254 2365; x_wconf 79' lang='lat' dir='ltr'>mes</span> <span class='ocrx_word' id='word_1_824' title='bbox 1266 2355 1273 2362; x_wconf 87' lang='lat'><strong>.</strong></span> <span class='ocrx_word' id='word_1_825' title='bbox 1301 2331 1421 2364; x_wconf 87' lang='lat' dir='ltr'>Hocce</span> <span class='ocrx_word' id='word_1_826' title='bbox 1440 2327 1631 2373; x_wconf 87' lang='lat' dir='ltr'>phantasma</span> <span class='ocrx_word' id='word_1_827' title='bbox 1642 2331 1777 2366; x_wconf 88' lang='lat' dir='ltr'>damnat</span> <span class='ocrx_word' id='word_1_828' title='bbox 1788 2331 1894 2365; x_wconf 77' lang='lat' dir='ltr'>nostra</span> <span class='ocrx_word' id='word_1_829' title='bbox 1906 2331 2062 2374; x_wconf 75' lang='lat' dir='ltr'>Synodus</span> <span class='ocrx_word' id='word_1_830' title='bbox 2072 2356 2082 2372; x_wconf 85' lang='lat'><strong>,</strong></span> 
     </span>
     <span class='ocr_line' id='line_1_133' title="bbox 1185 2379 2084 2420; baseline 0.001 -6"><span class='ocrx_word' id='word_1_831' title='bbox 1185 2379 1360 2415; x_wconf 81' lang='lat' dir='ltr'>ostendens</span> <span class='ocrx_word' id='word_1_832' title='bbox 1382 2379 1537 2415; x_wconf 84' lang='lat' dir='ltr'>omnibus</span> <span class='ocrx_word' id='word_1_833' title='bbox 1558 2381 1708 2414; x_wconf 66' lang='lat' dir='ltr'>Ecclesiae</span> <span class='ocrx_word' id='word_1_834' title='bbox 1727 2379 1880 2415; x_wconf 86' lang='lat' dir='ltr'>Patribus</span> <span class='ocrx_word' id='word_1_835' title='bbox 1900 2404 1910 2420; x_wconf 91' lang='lat'>‚</span> <span class='ocrx_word' id='word_1_836' title='bbox 1948 2381 2084 2416; x_wconf 85' lang='lat' dir='ltr'>Nicaena</span> 
     </span>
     <span class='ocr_line' id='line_1_134' title="bbox 1186 2429 2087 2475; baseline -0.001 -10"><span class='ocrx_word' id='word_1_837' title='bbox 1186 2429 1325 2474; x_wconf 87' lang='lat' dir='ltr'>Synodo</span> <span class='ocrx_word' id='word_1_838' title='bbox 1345 2429 1506 2474; x_wconf 78' lang='lat' dir='ltr'>prioribus</span> <span class='ocrx_word' id='word_1_839' title='bbox 1527 2442 1568 2468; x_wconf 83' lang='lat' dir='ltr'>ao</span> <span class='ocrx_word' id='word_1_840' title='bbox 1585 2430 1816 2474; x_wconf 78' lang='lat' dir='ltr'>posterioribus</span> <span class='ocrx_word' id='word_1_841' title='bbox 1838 2456 1848 2472; x_wconf 90' lang='lat'>‚</span> <span class='ocrx_word' id='word_1_842' title='bbox 1874 2431 2005 2475; x_wconf 70' lang='lat' dir='ltr'>penitus</span> <span class='ocrx_word' id='word_1_843' title='bbox 2029 2430 2087 2465; x_wconf 78' lang='lat' dir='ltr'>ad-</span> 
     </span>
     <span class='ocr_line' id='line_1_135' title="bbox 1188 2482 1338 2515; baseline -0.013 0"><span class='ocrx_word' id='word_1_844' title='bbox 1188 2482 1315 2515; x_wconf 89' lang='lat' dir='ltr'>versum</span> <span class='ocrx_word' id='word_1_845' title='bbox 1331 2505 1338 2513; x_wconf 93' lang='lat'><strong>.</strong></span> 
     </span>
    </p>

    <p class='ocr_par' dir='ltr' id='par_1_22' title="bbox 1188 2530 2086 3527">
     <span class='ocr_line' id='line_1_136' title="bbox 1239 2530 2083 2576; baseline 0.002 -12"><span class='ocrx_word' id='word_1_846' title='bbox 1239 2531 1295 2565; x_wconf 83' lang='lat' dir='ltr'>Est</span> <span class='ocrx_word' id='word_1_847' title='bbox 1315 2530 1349 2564; x_wconf 88' lang='lat'>&amp;</span> <span class='ocrx_word' id='word_1_848' title='bbox 1363 2530 1427 2566; x_wconf 91' lang='lat' dir='ltr'>alia</span> <span class='ocrx_word' id='word_1_849' title='bbox 1451 2531 1534 2565; x_wconf 85' lang='lat' dir='ltr'>ratio</span> <span class='ocrx_word' id='word_1_850' title='bbox 1548 2554 1558 2570; x_wconf 89' lang='lat'>‚</span> <span class='ocrx_word' id='word_1_851' title='bbox 1584 2543 1625 2565; x_wconf 69' lang='lat' dir='ltr'>ex</span> <span class='ocrx_word' id='word_1_852' title='bbox 1636 2543 1700 2576; x_wconf 84' lang='lat' dir='ltr'>qua</span> <span class='ocrx_word' id='word_1_853' title='bbox 1722 2533 1887 2576; x_wconf 84' lang='lat' dir='ltr'>propriam</span> <span class='ocrx_word' id='word_1_854' title='bbox 1908 2532 1985 2566; x_wconf 77' lang='lat' dir='ltr'>fidei</span> <span class='ocrx_word' id='word_1_855' title='bbox 2006 2531 2083 2566; x_wconf 85' lang='lat' dir='ltr'>defi-</span> 
     </span>
     <span class='ocr_line' id='line_1_137' title="bbox 1190 2581 2082 2626; baseline 0 -11"><span class='ocrx_word' id='word_1_856' title='bbox 1190 2582 1352 2615; x_wconf 88' lang='lat' dir='ltr'>nitionem</span> <span class='ocrx_word' id='word_1_857' title='bbox 1372 2581 1514 2615; x_wconf 85' lang='lat' dir='ltr'>condere</span> <span class='ocrx_word' id='word_1_858' title='bbox 1537 2581 1645 2615; x_wconf 86' lang='lat' dir='ltr'>noluit</span> <span class='ocrx_word' id='word_1_859' title='bbox 1670 2583 1776 2617; x_wconf 83' lang='lat' dir='ltr'>nostra</span> <span class='ocrx_word' id='word_1_860' title='bbox 1803 2583 1978 2626; x_wconf 88' lang='lat' dir='ltr'>Synodus,</span> <span class='ocrx_word' id='word_1_861' title='bbox 2005 2593 2082 2616; x_wconf 82' lang='lat' dir='ltr'>con-</span> 
     </span>
     <span class='ocr_line' id='line_1_138' title="bbox 1188 2631 2080 2677; baseline -0.001 -11"><span class='ocrx_word' id='word_1_862' title='bbox 1188 2642 1279 2666; x_wconf 82' lang='lat' dir='ltr'>tenta</span> <span class='ocrx_word' id='word_1_863' title='bbox 1302 2631 1374 2665; x_wconf 91' lang='lat' dir='ltr'>solo</span> <span class='ocrx_word' id='word_1_864' title='bbox 1396 2631 1559 2674; x_wconf 79' lang='lat' dir='ltr'>symbolo</span> <span class='ocrx_word' id='word_1_865' title='bbox 1584 2632 1726 2666; x_wconf 88' lang='lat' dir='ltr'>Nicaeno</span> <span class='ocrx_word' id='word_1_866' title='bbox 1749 2658 1756 2664; x_wconf 91' lang='lat'><strong><em>.</em></strong></span> <span class='ocrx_word' id='word_1_867' title='bbox 1786 2633 1903 2677; x_wconf 84' lang='lat' dir='ltr'>Legati</span> <span class='ocrx_word' id='word_1_868' title='bbox 1931 2632 2080 2667; x_wconf 86' lang='lat' dir='ltr'>Romani</span> 
     </span>
     <span class='ocr_line' id='line_1_139' title="bbox 1190 2681 2082 2726; baseline 0 -10"><span class='ocrx_word' id='word_1_869' title='bbox 1190 2684 1349 2716; x_wconf 86' lang='lat' dir='ltr'>servatum</span> <span class='ocrx_word' id='word_1_870' title='bbox 1360 2681 1491 2715; x_wconf 81' lang='lat' dir='ltr'>voluere</span> <span class='ocrx_word' id='word_1_871' title='bbox 1504 2681 1681 2716; x_wconf 87' lang='lat' dir='ltr'>Canonem</span> <span class='ocrx_word' id='word_1_872' title='bbox 1694 2682 1915 2717; x_wconf 80' lang='lat' dir='ltr'>Sardicensem</span> <span class='ocrx_word' id='word_1_873' title='bbox 1929 2706 1939 2723; x_wconf 90' lang='lat'>,</span> <span class='ocrx_word' id='word_1_874' title='bbox 1961 2681 2002 2716; x_wconf 88' lang='lat' dir='ltr'>de</span> <span class='ocrx_word' id='word_1_875' title='bbox 2013 2694 2082 2726; x_wconf 89' lang='lat' dir='ltr'>quo</span> 
     </span>
     <span class='ocr_line' id='line_1_140' title="bbox 1189 2729 2081 2766; baseline 0.001 -1"><span class='ocrx_word' id='word_1_876' title='bbox 1189 2732 1223 2766; x_wconf 91' lang='lat' dir='ltr'>in</span> <span class='ocrx_word' id='word_1_877' title='bbox 1246 2731 1362 2765; x_wconf 84' lang='lat' dir='ltr'>litteris</span> <span class='ocrx_word' id='word_1_878' title='bbox 1392 2730 1434 2765; x_wconf 88' lang='lat' dir='ltr'>ad</span> <span class='ocrx_word' id='word_1_879' title='bbox 1456 2729 1705 2766; x_wconf 87' lang='lat' dir='ltr'>Antiochenam</span> <span class='ocrx_word' id='word_1_880' title='bbox 1736 2733 1913 2766; x_wconf 79' lang='lat' dir='ltr'>Ecclesiam</span> <span class='ocrx_word' id='word_1_881' title='bbox 1948 2733 2081 2766; x_wconf 68' lang='lat' dir='ltr'>Sam‘lus</span> 
     </span>
     <span class='ocr_line' id='line_1_141' title="bbox 1192 2780 2080 2826; baseline 0 -10"><span class='ocrx_word' id='word_1_882' title='bbox 1192 2781 1388 2817; x_wconf 84' lang='lat' dir='ltr'>Athanasius</span> <span class='ocrx_word' id='word_1_883' title='bbox 1405 2804 1418 2822; x_wconf 93' lang='lat'>‚</span> <span class='ocrx_word' id='word_1_884' title='bbox 1444 2780 1605 2815; x_wconf 85' lang='lat' dir='ltr'>mandans</span> <span class='ocrx_word' id='word_1_885' title='bbox 1625 2783 1659 2816; x_wconf 69' lang='grc' dir='ltr'>δε</span> <span class='ocrx_word' id='word_1_886' title='bbox 1681 2782 1748 2826; x_wconf 87' lang='lat' dir='ltr'>ipse</span> <span class='ocrx_word' id='word_1_887' title='bbox 1771 2782 1812 2817; x_wconf 87' lang='lat' dir='ltr'>ab</span> <span class='ocrx_word' id='word_1_888' title='bbox 1835 2782 2018 2816; x_wconf 87' lang='lat' dir='ltr'>Erronibus</span> <span class='ocrx_word' id='word_1_889' title='bbox 2039 2781 2080 2816; x_wconf 87' lang='lat' dir='ltr'>ad</span> 
     </span>
     <span class='ocr_line' id='line_1_142' title="bbox 1191 2829 2079 2876; baseline 0.002 -11"><span class='ocrx_word' id='word_1_890' title='bbox 1191 2832 1370 2867; x_wconf 82' lang='lat' dir='ltr'>Ecclesiam</span> <span class='ocrx_word' id='word_1_891' title='bbox 1395 2829 1624 2866; x_wconf 87' lang='lat' dir='ltr'>accedentibus</span> <span class='ocrx_word' id='word_1_892' title='bbox 1648 2833 1773 2867; x_wconf 86' lang='lat' dir='ltr'>nullam</span> <span class='ocrx_word' id='word_1_893' title='bbox 1798 2833 1889 2876; x_wconf 85' lang='lat' dir='ltr'>exigi</span> <span class='ocrx_word' id='word_1_894' title='bbox 1914 2833 2079 2876; x_wconf 83' lang='lat' dir='ltr'>profeffio-</span> 
     </span>
     <span class='ocr_line' id='line_1_143' title="bbox 1194 2880 2078 2926; baseline -0.001 -11"><span class='ocrx_word' id='word_1_895' title='bbox 1194 2893 1268 2916; x_wconf 86' lang='lat' dir='ltr'>nem</span> <span class='ocrx_word' id='word_1_896' title='bbox 1279 2906 1290 2923; x_wconf 90' lang='lat'>‚</span> <span class='ocrx_word' id='word_1_897' title='bbox 1301 2882 1361 2916; x_wconf 87' lang='lat' dir='ltr'>nisi</span> <span class='ocrx_word' id='word_1_898' title='bbox 1375 2880 1474 2915; x_wconf 85' lang='lat' dir='ltr'>solius</span> <span class='ocrx_word' id='word_1_899' title='bbox 1484 2881 1636 2925; x_wconf 87' lang='lat' dir='ltr'>Symboli</span> <span class='ocrx_word' id='word_1_900' title='bbox 1652 2882 1780 2919; x_wconf 81' lang='lat' dir='ltr'>Nicoeni</span> <span class='ocrx_word' id='word_1_901' title='bbox 1792 2897 1802 2916; x_wconf 81' lang='lat'>.·</span> <span class='ocrx_word' id='word_1_902' title='bbox 1830 2882 1964 2919; x_wconf 75' lang='lat' dir='ltr'>Tabulas</span> <span class='ocrx_word' id='word_1_903' title='bbox 1979 2907 1988 2922; x_wconf 91' lang='lat'><strong>,</strong></span> <span class='ocrx_word' id='word_1_904' title='bbox 2001 2895 2078 2926; x_wconf 85' lang='lat' dir='ltr'>quas</span> 
     </span>
     <span class='ocr_line' id='line_1_144' title="bbox 1192 2930 2083 2975; baseline 0.002 -10"><span class='ocrx_word' id='word_1_905' title='bbox 1192 2933 1324 2965; x_wconf 84' lang='lat' dir='ltr'>nonnulli</span> <span class='ocrx_word' id='word_1_906' title='bbox 1336 2930 1463 2973; x_wconf 57' lang='lat' dir='ltr'>janam</span> <span class='ocrx_word' id='word_1_907' title='bbox 1488 2931 1571 2974; x_wconf 78' lang='lat' dir='ltr'>quast</span> <span class='ocrx_word' id='word_1_908' title='bbox 1589 2939 1621 2965; x_wconf 80' lang='lat' dir='ltr'>in</span> <span class='ocrx_word' id='word_1_909' title='bbox 1646 2931 1814 2975; x_wconf 72' lang='lat' dir='ltr'>sardicensi</span> <span class='ocrx_word' id='word_1_910' title='bbox 1831 2934 1939 2972; x_wconf 75' lang='lat' dir='ltr'>synodo</span> <span class='ocrx_word' id='word_1_911' title='bbox 1959 2934 1998 2966; x_wconf 91' lang='lat' dir='ltr'>de</span> <span class='ocrx_word' id='word_1_912' title='bbox 2018 2933 2083 2975; x_wconf 77' lang='lat' dir='ltr'>fide</span> 
     </span>
     <span class='ocr_line' id='line_1_145' title="bbox 1189 2980 2085 3026; baseline 0 -10"><span class='ocrx_word' id='word_1_913' title='bbox 1189 2980 1368 3026; x_wconf 85' lang='lat' dir='ltr'>conscriptas</span> <span class='ocrx_word' id='word_1_914' title='bbox 1378 3006 1389 3023; x_wconf 96' lang='lat'>,</span> <span class='ocrx_word' id='word_1_915' title='bbox 1416 2993 1452 3015; x_wconf 89' lang='lat' dir='ltr'>ne</span> <span class='ocrx_word' id='word_1_916' title='bbox 1461 2983 1518 3026; x_wconf 85' lang='lat' dir='ltr'>legi</span> <span class='ocrx_word' id='word_1_917' title='bbox 1536 2984 1656 3024; x_wconf 85' lang='lat' dir='ltr'>quidem</span> <span class='ocrx_word' id='word_1_918' title='bbox 1664 2981 1757 3025; x_wconf 86' lang='lat' dir='ltr'>semel</span> <span class='ocrx_word' id='word_1_919' title='bbox 1766 3007 1776 3023; x_wconf 89' lang='lat'><strong>,</strong></span> <span class='ocrx_word' id='word_1_920' title='bbox 1788 2984 1842 3016; x_wconf 80' lang='lat' dir='ltr'>aut</span> <span class='ocrx_word' id='word_1_921' title='bbox 1851 2982 1988 3025; x_wconf 80' lang='lat' dir='ltr'>proferri</span> <span class='ocrx_word' id='word_1_922' title='bbox 2003 2982 2085 3024; x_wconf 84' lang='lat' dir='ltr'>fina-</span> 
     </span>
     <span class='ocr_line' id='line_1_146' title="bbox 1191 3032 2078 3077; baseline -0.001 -12"><span class='ocrx_word' id='word_1_923' title='bbox 1191 3038 1252 3065; x_wconf 77' lang='lat' dir='ltr'>m.</span> <span class='ocrx_word' id='word_1_924' title='bbox 1280 3032 1373 3065; x_wconf 75' lang='lat' dir='ltr'>Nihil</span> <span class='ocrx_word' id='word_1_925' title='bbox 1382 3037 1459 3066; x_wconf 84' lang='lat' dir='ltr'>enim</span> <span class='ocrx_word' id='word_1_926' title='bbox 1479 3033 1540 3065; x_wconf 85' lang='lat' dir='ltr'>tale</span> <span class='ocrx_word' id='word_1_927' title='bbox 1553 3033 1716 3066; x_wconf 79' lang='lat' dir='ltr'>Concilium</span> <span class='ocrx_word' id='word_1_928' title='bbox 1739 3032 1878 3075; x_wconf 82' lang='lat' dir='ltr'>definivit</span> <span class='ocrx_word' id='word_1_929' title='bbox 1890 3059 1897 3065; x_wconf 95' lang='lat'>.</span> <span class='ocrx_word' id='word_1_930' title='bbox 1925 3035 2078 3077; x_wconf 76' lang='lat' dir='ltr'>,Quamvis</span> 
     </span>
     <span class='ocr_line' id='line_1_147' title="bbox 1193 3080 2086 3127; baseline -0.001 -12"><span class='ocrx_word' id='word_1_931' title='bbox 1193 3089 1272 3116; x_wconf 84' lang='lat' dir='ltr'>enim</span> <span class='ocrx_word' id='word_1_932' title='bbox 1291 3087 1363 3115; x_wconf 86' lang='lat' dir='ltr'>certi</span> <span class='ocrx_word' id='word_1_933' title='bbox 1374 3080 1507 3115; x_wconf 85' lang='lat' dir='ltr'>homines</span> <span class='ocrx_word' id='word_1_934' title='bbox 1519 3083 1684 3125; x_wconf 85' lang='lat' dir='ltr'>nonnulla,</span> <span class='ocrx_word' id='word_1_935' title='bbox 1708 3081 1867 3126; x_wconf 77' lang='lat' dir='ltr'>quafiquae</span> <span class='ocrx_word' id='word_1_936' title='bbox 1883 3083 2006 3127; x_wconf 79' lang='lat' dir='ltr'>deessent</span> <span class='ocrx_word' id='word_1_937' title='bbox 2023 3087 2086 3116; x_wconf 89' lang='lat' dir='ltr'>Ni-</span> 
     </span>
     <span class='ocr_line' id='line_1_148' title="bbox 1194 3129 2080 3175; baseline 0 -10"><span class='ocrx_word' id='word_1_938' title='bbox 1194 3143 1273 3165; x_wconf 79' lang='lat' dir='ltr'>caeno</span> <span class='ocrx_word' id='word_1_939' title='bbox 1299 3131 1429 3164; x_wconf 79' lang='lat' dir='ltr'>Concilio</span> <span class='ocrx_word' id='word_1_940' title='bbox 1454 3155 1465 3171; x_wconf 91' lang='lat'>‚</span> <span class='ocrx_word' id='word_1_941' title='bbox 1490 3129 1660 3173; x_wconf 85' lang='lat' dir='ltr'>adscribere</span> <span class='ocrx_word' id='word_1_942' title='bbox 1683 3134 1798 3167; x_wconf 82' lang='lat' dir='ltr'>vellent</span> <span class='ocrx_word' id='word_1_943' title='bbox 1823 3158 1833 3174; x_wconf 88' lang='lat'>‚</span> <span class='ocrx_word' id='word_1_944' title='bbox 1859 3135 1948 3175; x_wconf 84' lang='lat' dir='ltr'>idque</span> <span class='ocrx_word' id='word_1_945' title='bbox 1974 3137 2080 3165; x_wconf 80' lang='lat' dir='ltr'>acriter</span> 
     </span>
     <span class='ocr_line' id='line_1_149' title="bbox 1192 3179 2079 3225; baseline 0 -9"><span class='ocrx_word' id='word_1_946' title='bbox 1192 3183 1422 3221; x_wconf 79' lang='lat' dir='ltr'>contenderent,</span> <span class='ocrx_word' id='word_1_947' title='bbox 1444 3179 1554 3225; x_wconf 75' lang='lat' dir='ltr'>sanc‘la</span> <span class='ocrx_word' id='word_1_948' title='bbox 1576 3190 1679 3215; x_wconf 85' lang='lat' dir='ltr'>tamen</span> <span class='ocrx_word' id='word_1_949' title='bbox 1691 3184 1820 3222; x_wconf 75' lang='lat' dir='ltr'>synodus</span> <span class='ocrx_word' id='word_1_950' title='bbox 1832 3208 1843 3224; x_wconf 88' lang='lat'>‚</span> <span class='ocrx_word' id='word_1_951' title='bbox 1868 3195 1937 3225; x_wconf 84' lang='lat' dir='ltr'>quae</span> <span class='ocrx_word' id='word_1_952' title='bbox 1946 3183 2079 3216; x_wconf 77' lang='lat' dir='ltr'>Sardicae</span> 
     </span>
     <span class='ocr_line' id='line_1_150' title="bbox 1193 3230 2078 3275; baseline 0 -10"><span class='ocrx_word' id='word_1_953' title='bbox 1193 3237 1331 3265; x_wconf 81' lang='lat' dir='ltr'>convenit</span> <span class='ocrx_word' id='word_1_954' title='bbox 1347 3254 1358 3271; x_wconf 89' lang='lat'><em>,</em></span> <span class='ocrx_word' id='word_1_955' title='bbox 1383 3231 1507 3275; x_wconf 72' lang='lat' dir='ltr'>indigne</span> <span class='ocrx_word' id='word_1_956' title='bbox 1533 3233 1569 3264; x_wconf 85' lang='lat' dir='ltr'>id</span> <span class='ocrx_word' id='word_1_957' title='bbox 1587 3233 1659 3267; x_wconf 77' lang='lat' dir='ltr'>tulit</span> <span class='ocrx_word' id='word_1_958' title='bbox 1686 3257 1696 3273; x_wconf 95' lang='lat'><em>‚</em></span> <span class='ocrx_word' id='word_1_959' title='bbox 1724 3237 1901 3274; x_wconf 86' lang='lat' dir='ltr'>Decretoque</span> <span class='ocrx_word' id='word_1_960' title='bbox 1923 3230 2078 3274; x_wconf 81' lang='lat' dir='ltr'>sancivit,</span> 
     </span>
     <span class='ocr_line' id='line_1_151' title="bbox 1198 3280 2076 3325; baseline 0.003 -11"><span class='ocrx_word' id='word_1_961' title='bbox 1198 3294 1232 3314; x_wconf 81' lang='lat' dir='ltr'>ne</span> <span class='ocrx_word' id='word_1_962' title='bbox 1242 3282 1320 3323; x_wconf 84' lang='lat' dir='ltr'>quid</span> <span class='ocrx_word' id='word_1_963' title='bbox 1329 3281 1451 3314; x_wconf 68' lang='lat' dir='ltr'>ulterius</span> <span class='ocrx_word' id='word_1_964' title='bbox 1461 3282 1499 3315; x_wconf 86' lang='lat' dir='ltr'>de</span> <span class='ocrx_word' id='word_1_965' title='bbox 1517 3281 1578 3325; x_wconf 77' lang='lat' dir='ltr'>fide</span> <span class='ocrx_word' id='word_1_966' title='bbox 1587 3280 1763 3325; x_wconf 81' lang='lat' dir='ltr'>scriberetur</span> <span class='ocrx_word' id='word_1_967' title='bbox 1773 3307 1784 3323; x_wconf 92' lang='lat'><em>‚</em></span> <span class='ocrx_word' id='word_1_968' title='bbox 1811 3284 1845 3317; x_wconf 70' lang='lat'>&lt;9²</span> <span class='ocrx_word' id='word_1_969' title='bbox 1852 3280 1915 3325; x_wconf 84' lang='lat' dir='ltr'>sese</span> <span class='ocrx_word' id='word_1_970' title='bbox 1923 3291 2076 3319; x_wconf 79' lang='lat' dir='ltr'>contentos</span> 
     </span>
     <span class='ocr_line' id='line_1_152' title="bbox 1195 3330 2076 3376; baseline 0.002 -12"><span class='ocrx_word' id='word_1_971' title='bbox 1195 3332 1245 3375; x_wconf 79' lang='lat' dir='ltr'>effe</span> <span class='ocrx_word' id='word_1_972' title='bbox 1257 3335 1388 3364; x_wconf 84' lang='lat' dir='ltr'>Nicaena</span> <span class='ocrx_word' id='word_1_973' title='bbox 1404 3331 1466 3373; x_wconf 83' lang='lat' dir='ltr'>fide</span> <span class='ocrx_word' id='word_1_974' title='bbox 1475 3333 1726 3372; x_wconf 79' lang='lat' dir='ltr'>declaraverunt,</span> <span class='ocrx_word' id='word_1_975' title='bbox 1753 3341 1787 3365; x_wconf 83' lang='lat' dir='ltr'>ut</span> <span class='ocrx_word' id='word_1_976' title='bbox 1799 3337 1845 3365; x_wconf 81' lang='lat' dir='ltr'>cui</span> <span class='ocrx_word' id='word_1_977' title='bbox 1866 3330 1944 3365; x_wconf 74' lang='lat' dir='ltr'>nibil</span> <span class='ocrx_word' id='word_1_978' title='bbox 1955 3333 2076 3376; x_wconf 70' lang='lat' dir='ltr'>deeffl’t,</span> 
     </span>
     <span class='ocr_line' id='line_1_153' title="bbox 1194 3380 2077 3426; baseline 0.001 -11"><span class='ocrx_word' id='word_1_979' title='bbox 1194 3384 1341 3423; x_wconf 77' lang='lat' dir='ltr'>&amp;inqua</span> <span class='ocrx_word' id='word_1_980' title='bbox 1359 3386 1477 3426; x_wconf 79' lang='lat' dir='ltr'>integra</span> <span class='ocrx_word' id='word_1_981' title='bbox 1502 3384 1536 3415; x_wconf 66' lang='lat'>&lt;5</span> <span class='ocrx_word' id='word_1_982' title='bbox 1542 3380 1640 3425; x_wconf 83' lang='lat' dir='ltr'>solida</span> <span class='ocrx_word' id='word_1_983' title='bbox 1648 3388 1749 3423; x_wconf 80' lang='lat' dir='ltr'>pietas</span> <span class='ocrx_word' id='word_1_984' title='bbox 1773 3387 1985 3416; x_wconf 82' lang='lat' dir='ltr'>contineretur:</span> <span class='ocrx_word' id='word_1_985' title='bbox 2013 3387 2077 3416; x_wconf 88' lang='lat' dir='ltr'>Ne·</span> 
     </span>
     <span class='ocr_line' id='line_1_154' title="bbox 1193 3432 2081 3474; baseline 0.002 -11"><span class='ocrx_word' id='word_1_986' title='bbox 1193 3443 1247 3474; x_wconf 83' lang='lat' dir='ltr'>que</span> <span class='ocrx_word' id='word_1_987' title='bbox 1267 3432 1412 3464; x_wconf 82' lang='lat' dir='ltr'>edendam</span> <span class='ocrx_word' id='word_1_988' title='bbox 1435 3432 1486 3474; x_wconf 84' lang='lat' dir='ltr'>effe</span> <span class='ocrx_word' id='word_1_989' title='bbox 1505 3433 1598 3464; x_wconf 79' lang='lat' dir='ltr'>aliam</span> <span class='ocrx_word' id='word_1_990' title='bbox 1606 3432 1802 3474; x_wconf 73' lang='lat' dir='ltr'>prqfeffionem</span> <span class='ocrx_word' id='word_1_991' title='bbox 1822 3432 1897 3474; x_wconf 76' lang='lat' dir='ltr'>fidei</span> <span class='ocrx_word' id='word_1_992' title='bbox 1907 3457 1918 3472; x_wconf 92' lang='lat'><em>‚</em></span> <span class='ocrx_word' id='word_1_993' title='bbox 1946 3445 1982 3466; x_wconf 87' lang='lat' dir='ltr'>ne</span> <span class='ocrx_word' id='word_1_994' title='bbox 2000 3433 2056 3465; x_wconf 84' lang='lat' dir='ltr'>illa</span> <span class='ocrx_word' id='word_1_995' title='bbox 2071 3455 2081 3471; x_wconf 86' lang='lat'>,</span> 
     </span>
     <span class='ocr_line' id='line_1_155' title="bbox 1195 3479 2077 3527; baseline 0.005 -15"><span class='ocrx_word' id='word_1_996' title='bbox 1195 3493 1260 3522; x_wconf 77' lang='lat' dir='ltr'>quae</span> <span class='ocrx_word' id='word_1_997' title='bbox 1282 3485 1399 3518; x_wconf 78' lang='lat' dir='ltr'>Nicaeae</span> <span class='ocrx_word' id='word_1_998' title='bbox 1415 3479 1530 3527; x_wconf 81' lang='lat' dir='ltr'>scripta</span> <span class='ocrx_word' id='word_1_999' title='bbox 1548 3480 1586 3523; x_wconf 86' lang='lat' dir='ltr'>est</span> <span class='ocrx_word' id='word_1_1000' title='bbox 1604 3506 1614 3523; x_wconf 83' lang='grc'>,</span> <span class='ocrx_word' id='word_1_1001' title='bbox 1634 3481 1705 3526; x_wconf 82' lang='lat' dir='ltr'>suos</span> <span class='ocrx_word' id='word_1_1002' title='bbox 1727 3493 1863 3516; x_wconf 76' lang='lat' dir='ltr'>numeros</span> <span class='ocrx_word' id='word_1_1003' title='bbox 1885 3494 1942 3516; x_wconf 85' lang='lat' dir='ltr'>non</span> <span class='ocrx_word' id='word_1_1004' title='bbox 1969 3481 2077 3516; x_wconf 75' lang='lat' dir='ltr'>habere</span> 
     </span>
    </p>
   </div>
   <div class='ocr_carea' id='block_1_20' title="bbox 1647 3532 1729 3568">
    <p class='ocr_par' dir='ltr' id='par_1_23' title="bbox 1647 3532 1729 3568">
     <span class='ocr_line' id='line_1_156' title="bbox 1647 3532 1729 3568; baseline 0.024 -2"><span class='ocrx_word' id='word_1_1005' title='bbox 1647 3532 1729 3568; x_wconf 86' lang='lat' dir='ltr'>Dd</span> 
     </span>
    </p>
   </div>
   <div class='ocr_carea' id='block_1_21' title="bbox 1944 3533 2029 3565">
    <p class='ocr_par' dir='ltr' id='par_1_24' title="bbox 1944 3533 2029 3565">
     <span class='ocr_line' id='line_1_157' title="bbox 1944 3533 2029 3565; baseline -0.012 0"><span class='ocrx_word' id='word_1_1006' title='bbox 1944 3533 2029 3565; x_wconf 72' lang='lat' dir='ltr'>vide-</span> 
     </span>
    </p>
   </div>
  </div>
 </body>
</html>
