2340 3736
86 1108 175 1142 ¹017.
201 1112 245 1137 18·

91 1157 136 1182 19.

91 1915 229 1964 Eprium.

85 2159 164 2198 cap.
185 2169 228 2194 ιγ.

337 118 434 161 128

263 195 371 236 divit,
398 198 548 241 probavit
571 218 582 238 ,
608 209 646 232 ac
666 196 684 230 a
706 196 822 232 Sanno
846 196 959 231 Leone
980 195 1142 231 Pontifice

265 247 490 283 confirmanda
512 249 707 292 supplicavit
727 268 734 279 .
761 251 829 281 Nos
853 271 864 287 ,
890 247 1021 290 inquit,
1050 246 1092 278 ad
1106 242 1142 284 fi-

266 298 334 330 dem
368 299 600 341 confirmandam
623 323 633 339 ,
670 309 726 331 non
751 298 797 331 ad
820 299 953 338 aliquam
973 299 1139 338 potentiam

265 351 458 382 exercendam
470 374 480 388 ‚
505 349 636 391 exemplo
645 348 769 392 religiofi
775 351 923 388 Principis
935 346 1120 385 Constantini
1131 367 1142 383 ‚

265 398 373 435 synodo
384 399 512 442 intereffc
523 399 670 433 voluimus
681 423 692 439 ,
718 410 754 432 ne
762 399 815 431 vel
823 397 944 429 ulterius
962 397 1068 439 populi
1074 404 1145 437 pra-

265 453 315 480 vis
331 446 512 491 suafiont'bus
528 447 706 493 separentur
724 474 733 481 .
773 443 872 480 Adeo
894 446 1037 490 Augusti
1055 445 1147 478 Prin-

265 497 353 540 cipes
373 499 454 533 olim
490 499 633 542 Synodis
669 510 738 533 non
776 493 987 540 praesederunt
1022 520 1030 528 .
1066 494 1146 528 Hoc

264 559 356 582 anno
381 551 500 583 fastum
531 549 577 585 est
599 573 611 589 ‚
636 549 726 592 quod
756 545 865 581 scribit
890 543 1044 585 Aurelius
1069 544 1148 578 Cas-

266 596 412 634 fiodorus
444 601 479 634 in
508 598 680 634 Chronico
707 611 715 631 :
750 600 875 629 Romani
896 621 906 637 ‚
942 599 1033 629 AEtio
1052 595 1147 635 duce,

266 647 372 681 Gothis
392 650 616 690 auxiliaribus,
640 657 743 684 contra
758 646 884 679 Attilam
905 651 937 678 in
960 651 1074 688 campis
1086 648 1147 678 Ca-

264 697 422 733 talaunicis
443 708 615 745 pugnarunt
635 723 646 739 ,
672 703 724 741 qui
743 701 858 730 virtute
879 694 1045 730 Gothorum
1060 694 1146 739 supe·

266 758 353 783 ratus
374 749 517 795 absceffit.
545 750 632 782 Eum
644 747 752 791 prius,
779 748 931 790 pietatem
955 755 1147 780 munerante

265 800 483 844 &adjuvante
502 800 601 840 Deo,
625 798 812 832 Martianus
833 808 875 832 ex
898 797 1035 840 Illyrico
1055 797 1147 840 fuga-

267 860 336 893 rat,
362 848 514 894 atqueita
524 848 659 884 tandem
671 848 802 894 potuit,
826 845 916 894 quod
927 848 1049 892 semper
1059 854 1147 890 opta-

264 906 337 942 rat,
363 899 500 944 Synodo
520 900 644 934 adeffe-

316 951 361 985 Et
382 951 417 985 in
430 950 492 985 hac
517 949 660 984 Astione
677 948 742 983 fuit
762 945 905 983 omnino
928 945 1020 982 finita
1041 947 1147 991 Syno-

265 1000 348 1040 duS,
372 1002 423 1035 uti
436 998 538 1035 solide
558 999 594 1032 in
629 998 745 1032 litteris
767 998 808 1032 ad
829 998 939 1032 Eliam
961 996 1148 1041 Aquilejen-

263 1052 347 1084 sium
370 1049 622 1093 Metropolitam
640 1059 677 1083 ac
688 1048 823 1082 Histria:
841 1048 1025 1091 Episcopos
1044 1048 1149 1082 osten-

263 1100 313 1135 dit
339 1100 493 1144 Pelagius
519 1098 606 1141 Papa
628 1098 789 1133 secundus
812 1123 821 1131 .
867 1098 1003 1132 Etenim
1029 1098 1064 1132 in
1087 1097 1147 1132 hac

265 1150 409 1184 Astione
430 1149 585 1193 perfuncti
597 1147 754 1184 mandato
774 1147 974 1192 Apostolico
997 1159 1036 1183 ac
1053 1150 1147 1183 omni

262 1198 414 1243 synodali
437 1199 551 1233 officio
576 1199 731 1243 Episcopi
752 1199 931 1233 clamavere
956 1197 998 1232 ad
1024 1197 1148 1233 Princi-

263 1262 338 1294 pem
348 1276 355 1283 .
381 1252 585 1293 supplicamus
599 1273 610 1289 ,
623 1250 743 1283 dimitte
754 1261 805 1282 nos
817 1261 828 1290 ·,
852 1254 905 1291 pie
915 1253 1091 1291 Imperator,
1103 1251 1148 1283 di-

262 1307 349 1335 mitte
373 1313 428 1335 nos
451 1326 458 1333 .
484 1299 671 1343 Respondit
697 1299 775 1333 vero
800 1298 958 1343 Princeps
980 1311 987 1331 :
1017 1300 1147 1333 Multum

261 1353 382 1393 quidem
403 1351 469 1393 estis
489 1356 595 1384 itinere
607 1349 765 1393 fatigati,
789 1349 921 1383 laborem
937 1348 1123 1392 perferentes
1137 1375 1148 1391 ‚

263 1411 474 1435 verumtamen
489 1399 628 1444 fistinete
648 1399 746 1433 adbuc
769 1409 830 1434 tres
842 1408 898 1434 aut
916 1409 1043 1442 quatuor
1061 1402 1126 1434 dies
1138 1426 1147 1441 ‚

263 1452 378 1496 utique
389 1452 430 1486 ad
448 1449 608 1485 finiendas
629 1449 778 1493 speciales
797 1449 954 1491 quasdam
969 1449 1148 1494 Episcopo·

262 1514 336 1536 rum
354 1512 454 1543 atque
477 1500 693 1535 Ecclefiarum
713 1500 788 1533 lites
808 1499 842 1532 &
865 1500 978 1533 causas
1005 1524 1013 1531 .
1042 1499 1086 1534 Et
1106 1501 1146 1534 ad

262 1552 497 1587 Constantium
515 1550 767 1592 Metropolitam
779 1548 1064 1582 Mediolanensem
1079 1550 1149 1584 scri-

263 1603 311 1637 bit
335 1603 471 1636 Sanaestus
482 1600 664 1645 Gregorius
676 1600 840 1643 Magnus:
868 1602 905 1631 In
915 1604 1022 1641 quinta
1044 1600 1149 1637 synodo

262 1655 300 1687 de
317 1650 452 1696 personis
467 1648 670 1694 solummodb,
697 1661 755 1683 non
769 1649 806 1681 de
823 1647 888 1690 fide
904 1650 1023 1690 aliquid
1039 1649 1148 1692 gestum

261 1703 299 1744 est
311 1729 321 1744 ,
349 1706 383 1738 er
397 1704 433 1736 de
457 1702 502 1734 his
510 1698 669 1743 personis,
695 1700 733 1732 de
742 1698 851 1741 quibus
873 1704 906 1732 in
924 1698 1153 1740 Chalcedonenfi

264 1754 393 1787 Concilio
403 1751 480 1785 nihil
499 1756 680 1789 continetur,
702 1747 760 1793 sed
765 1747 829 1792 post
851 1749 995 1792 expreffos
1008 1753 1147 1783 Canones

260 1804 352 1846 sabla
376 1807 543 1843 contentio,
567 1802 748 1835 &extrema
773 1799 855 1832 Anio
877 1801 914 1833 de
922 1797 1054 1843 perfimis
1075 1811 1148 1834 ven-

265 1856 356 1888 tilata
377 1852 434 1894 est.
462 1852 507 1886 Et
528 1853 560 1885 in
583 1850 700 1887 litteris
723 1846 765 1884 ad
788 1849 1012 1883 Secundinum
1039 1860 1148 1884 mona-

261 1955 428 1998 finiti'onem
445 1952 520 1995 fidei
541 1952 780 1993 &prolationem
793 1953 949 1983 canonum
971 1951 1009 1982 de
1024 1960 1149 1995 genera·

265 2004 344 2039 libus
365 2004 465 2044 cauffis
485 2003 581 2035 locuta
600 2000 638 2042 est
661 2013 668 2033 z
697 2004 784 2032 Nam
807 1999 871 2041 post
887 1999 1083 2042 prolationem
1092 1996 1148 2034 Ca'-

266 2067 375 2089 nonum
392 2052 536 2097 specialia
546 2048 757 2094 Epifioporum
768 2055 930 2083 certamina
954 2048 1048 2092 sopire
1067 2061 1149 2084 cura-

264 2111 317 2140 vit
336 2130 343 2139 .
372 2101 586 2137 Generalium
606 2098 822 2144 synodorum
844 2110 917 2133 mos
937 2099 984 2133 est
1004 2124 1016 2140 ,
1042 2099 1149 2143 inquit

265 2155 415 2190 laudatus
427 2152 582 2197 Pelagius
602 2148 762 2185 secundus
776 2172 787 2188 ,
814 2148 946 2194 perastis
970 2149 1049 2184 fidei
1071 2150 1150 2184 defi-

265 2204 450 2242 nitionibus
471 2202 627 2237 Canones
649 2198 812 2241 condere,
832 2210 932 2245 atque
953 2198 999 2233 ita
1009 2211 1151 2235 conven-

264 2267 338 2292 tum
351 2257 443 2290 finire
455 2277 465 2294 ,
491 2262 525 2287 ut
543 2251 667 2296 servato
679 2252 781 2285 ordine
798 2251 885 2293 prius
895 2250 938 2282 ad
948 2250 1042 2293 fidem
1062 2252 1151 2284 corda

268 2305 417 2348 aedificent
430 2328 439 2343 ,
463 2305 579 2344 &tunc
599 2310 655 2345 per
668 2301 800 2346 Regulas
813 2305 969 2334 Canonum
987 2312 1082 2334 mores
1093 2304 1150 2334 Ec·

267 2356 356 2399 clefiae
376 2352 516 2398 aliusque
539 2359 734 2395 componant:
763 2350 813 2385 At
837 2350 913 2385 vero
935 2350 1044 2384 nostra
1065 2352 1152 2386 sexta

262 2407 371 2441 Actio
384 2403 459 2440 fidei
470 2403 700 2438 definitionem
718 2401 897 2444 conclusit,
922 2410 987 2438 tres.
997 2400 1153 2437 Canones

263 2457 374 2492 edidit
399 2480 411 2497 ,
439 2455 473 2490 ὅ(
494 2453 589 2498 petiit
625 2452 767 2487 abeundi
788 2452 980 2487 licentiam.-
1006 2452 1097 2497 Ergo
1118 2453 1154 2488 &

270 2508 343 2542 istic
355 2503 509 2551 Synodus
531 2505 666 2548 seipsam
688 2502 815 2537 finivit.
843 2502 957 2548 Pergit
979 2502 1154 2548 Pelagius,

272 2561 358 2602 ‚Quia
378 2557 452 2590 verb
474 2555 605 2597 &apud
623 2551 784 2598 Episcopos
803 2576 815 2594 ,
838 2559 893 2596 qui
913 2558 947 2585 in
970 2552 1155 2587 Chalcedone

271 2607 444 2652 resederunt
458 2631 469 2647 ,
486 2611 518 2638 in
528 2610 717 2640 veneratione
736 2604 864 2643 synodus
878 2615 936 2637 non
952 2601 1102 2646 nisiusque
1111 2605 1156 2637 ad

271 2659 343 2701 fidei
366 2656 566 2700 definitionem
581 2655 679 2698 fuit,
701 2663 757 2696 per
778 2654 828 2688 boc
851 2654 955 2697 apert?
976 2652 1155 2695 ostenditur,

274 2710 355 2750 quod
370 2709 504 2750 plerique
513 2710 613 2740 Graeci
631 2710 812 2747 antiquiores
824 2705 934 2739 codices
951 2709 1100 2738 continere
1109 2706 1156 2744 55-

276 2760 383 2791 nodum
403 2768 459 2790 non
471 2756 527 2798 nifi
543 2761 577 2789 in
593 2754 648 2799 sex
661 2754 849 2796 Rhombus,
871 2752 1041 2798 subjund‘is
1060 2758 1158 2788 Cano-

277 2807 385 2847 nibus,
410 2806 667 2847 demonstrantur,
692 2815 724 2839 ut
734 2807 852 2839 omnino
862 2814 993 2845 caetera,
1018 2809 1159 2849 quaepri-

277 2866 352 2892 vato
368 2857 461 2898 fludio
475 2856 605 2899 fuerant
622 2864 704 2889 mota
728 2880 740 2897 ,
767 2867 825 2889 non
847 2854 981 2888 babeant
1001 2879 1008 2887 .
1036 2853 1160 2890 Probat

277 2918 318 2941 ex
339 2906 452 2940 litteris
475 2906 578 2951 Alipii
591 2906 800 2941 Caesareenfis
823 2905 858 2939 in
869 2903 1080 2949 Cappadocia
1092 2905 1161 2939 Pri-

278 2957 376 2991 matis
396 2955 435 2989 ad
457 2957 606 2991 Leonem
632 2956 823 3001 Augustum
845 2979 857 2995 ,
891 2955 1039 2989 testantis
1060 2955 1079 2989 ὲ
1101 2956 1160 2990 suo

280 3007 494 3042 Anteceffore
502 3007 538 3039 T
540 3006 672 3042 halaffio
693 3005 796 3041 solam
808 3004 884 3039 fidei
905 3004 1137 3039 definitionem
1149 3029 1161 3047 ,

281 3057 316 3091 id
328 3055 397 3097 est,
424 3056 505 3089 solas
525 3057 576 3090 sex
598 3059 722 3102 priores
732 3054 893 3090 Actiones
913 3055 1008 3090 fuiffe
1029 3055 1065 3090 in
1083 3055 1161 3089 Pro-

280 3106 428 3140 vinciam
453 3103 572 3139 delatas
598 3133 605 3140 .
642 3105 748 3141 Porro
773 3114 837 3140 tres
871 3104 1029 3140 Canones
1070 3106 1161 3141 sexta

282 3157 423 3191 Astione
439 3155 520 3189 editi
533 3156 606 3188 sunt
628 3156 711 3192 inter
723 3156 858 3201 triginta
869 3155 887 3191 ὲ
902 3154 999 3190 nobis
1009 3156 1163 3200 explana·

282 3216 335 3239 tos
345 3205 459 3240 tertius
471 3229 481 3245 ,
507 3214 638 3249 quartus
652 3229 663 3245 ‚
687 3207 721 3239 &
733 3206 904 3250 vigesimus
916 3230 923 3237 .
950 3205 1036 3253 Qae
1047 3207 1163 3241 omnia

284 3257 328 3288 ob
348 3256 470 3289 futuras
496 3254 538 3289 de
563 3255 680 3298 quinta
704 3255 841 3298 Synodo
869 3257 1064 3300 quaestiones
1088 3258 1164 3292 sunt

286 3303 368 3339 bene
379 3304 523 3340 notanda
532 3324 550 3344 ,.-

849 116 1487 163 Drsssea‘rnrlo

1289 246 1548 298 CAPUT
1617 247 2009 307 TERTIUM..

1301 369 1556 438 Exponuntur
1589 366 1693 415 Abia
1726 371 1997 443 Epifioporum

1479 435 1565 505 post
1598 439 1814 502 Synodum.

1279 594 1379 631 Rima
1399 596 1532 642 quaestio
1552 596 1616 632 fuit
1635 597 1719 633 inter
1729 597 1890 635 Photium
1900 600 2085 644 Tyriorum

1304 647 1554 692 Metropolitam
1574 648 1609 682 δε
1630 648 1697 692 ejus
1715 650 1954 696 suffraganeum
1975 651 2087 687 Eusta-

1209 699 1293 731 tium
1334 697 1535 742 Episcopum
1571 698 1788 743 Berytensem
1813 724 1826 742 ,
1860 700 1919 745 qui
1943 699 1963 735 ὲ
1995 701 2088 736 sacro

1208 745 1395 782 Theodosii
1422 747 1583 791 Principis
1607 748 1818 795 Pragmatico
1850 762 1920 786 non
1948 761 2099 787 vacuum·

1210 797 1468 842 Metropoliticae
1478 798 1652 843 dignitatis
1671 812 1794 836 nomen
1806 826 1817 842 ,
1843 801 1896 837 sed
1909 802 1943 836 &
1954 801 2094 845 potesta-

1209 858 1276 882 tem
1296 849 1472 883 extorserat
1495 847 1530 882 in
1548 847 1669 884 Biblon
1681 873 1692 891 ‚
1714 851 1843 895 Botryn
1855 875 1867 892 ,
1896 851 2067 896 Tripolim
2079 875 2094 893 ,

1209 896 1427 933 Orthofiaden
1449 924 1460 940 ,
1488 898 1612 939 Arcas,
1635 899 1671 933 δε
1691 899 1884 936 Antaradon
1906 926 1919 943 ,
1943 901 2093 937 civitates

1208 948 1320 992 Tyriae
1341 949 1522 993 Metropoli
1545 948 1737 985 subtractas.
1766 951 1904 995 Berytus
1926 950 1945 985 a
1961 951 2096 995 Tyria,

1207 1009 1276 1042 quae
1286 997 1349 1033 Ibae
1361 998 1512 1034 Edeffeni
1525 998 1680 1043 Episcopi
1689 1001 1820 1036 causam
1842 1000 2006 1043 discussit,
2032 1001 2093 1045 Sy-

1208 1049 1301 1083 nodo
1321 1059 1455 1084 vocatur
1468 1049 1598 1083 Pulchra
1611 1055 1744 1092 civitas,
1772 1060 1910 1095 eamque
1922 1062 2008 1086 nova
2025 1051 2089 1085 Ec-

1207 1098 1299 1134 clefia
1323 1099 1358 1133 ὅ(
1372 1110 1458 1134 nova
1482 1099 1668 1144 Episcopali
1688 1101 1791 1135 domo
1818 1111 1950 1135 ornarat
1975 1101 2089 1136 Eusta-

1210 1149 1295 1190 rius,
1325 1149 1359 1183 &
1380 1148 1441 1184 hac
1468 1149 1520 1184 via
1543 1151 1644 1184 etiam
1665 1152 1701 1185 in
1711 1149 1931 1195 Metropolim
1942 1151 2095 1195 impetra-

1209 1211 1258 1234 rat
1278 1199 1402 1234 elevari
1424 1225 1431 1232 .
1459 1199 1600 1235 Causam
1625 1201 1713 1243 prius
1735 1200 2032 1245 Constantinopoli
2056 1201 2096 1236 in

1209 1249 1344 1285 collee'ta
1363 1261 1406 1284 ex
1428 1248 1564 1285 advenis
1575 1250 1754 1295 Episcopis
1774 1251 1914 1296 Synodo
1933 1249 2093 1295 judicarat

1211 1299 1391 1335 Anatolius
1409 1324 1420 1340 ,
1446 1299 1607 1335 definiens
1631 1301 1870 1336 Ecclefiasticas
1898 1325 1909 1342 ‚
1943 1311 2025 1346 quas
2048 1312 2092 1335 ex

1208 1349 1443 1385 consuetudine
1463 1349 1635 1396 Augustus
1666 1352 1746 1386 facit
1770 1376 1781 1393 ,
1806 1350 2010 1394 Metropoles
2029 1349 2095 1386 effe

1210 1401 1309 1434 solius
1318 1397 1455 1435 honoris
1475 1411 1513 1435 ae
1535 1400 1703 1436 nominis:
1731 1401 1857 1436 Verum
1870 1401 2026 1445 quianon
2050 1400 2095 1436 ad

1210 1450 1579 1494 constantinopolitani
1604 1476 1616 1493 ,
1641 1450 1696 1487 sed
1727 1451 1770 1486 ad
1795 1450 2007 1487 Antiocheni
2032 1449 2096 1485 Pa·

1210 1499 1358 1535 triarchae
1377 1501 1544 1536 Dioecefin
1566 1512 1604 1535 ac
1626 1500 1770 1536 tribunal
1800 1500 1962 1546 spestabat
1986 1499 2112 1545 prima'

1211 1549 1383 1585 Ph'oenicia
1406 1575 1418 1592 ‚
1443 1549 1581 1585 nutabat
1606 1550 1692 1585 istud
1717 1550 1875 1594 judicium
1903 1576 1915 1592 ,
1950 1550 2094 1595 ideo'que

1211 1600 1400 1635 submissum
1424 1600 1469 1634 est
1497 1599 1576 1635 huic
1603 1601 1741 1645 synodo
1767 1599 2002 1637 retractandum
2022 1624 2033 1641 ,
2058 1600 2093 1634 δε

1209 1650 1355 1695 abipsa,
1379 1649 1456 1694 quia
1474 1649 1618 1692 justum,
1642 1650 1878 1685 confirmatum
1892 1650 1927 1684 in
1946 1648 2016 1684 haec
2027 1659 2095 1684 ver·

1210 1700 1250 1735 ba
1275 1725 1285 1733 .
1311 1699 1438 1734 Phanas
1460 1701 1725 1742 Reverendiffimus
1749 1699 1917 1745 Episcopus
1942 1702 2094 1740 Tyriorum

1210 1752 1381 1793 Metropolis
1401 1761 1518 1786 omnem
1533 1750 1707 1794 potestatem
1725 1752 1886 1785 ordinandi
1906 1756 1940 1783 in
1959 1749 2093 1784 omnibus

1209 1800 1384 1835 civitatibus
1405 1806 1517 1842 primae
1557 1800 1711 1834 Pha-uices
1750 1802 1920 1834 Provincia*
1945 1799 2094 1841 habetur,

1210 1850 1367 1891 Eustatius
1394 1853 1464 1884 vero
1496 1851 1761 1891 Reverendiffimus
1787 1848 1952 1894 Episcopus
1973 1851 1990 1883 ἒ
2006 1846 2092 1892 sacro

1139 1919 1148 1925 -
1214 1903 1403 1944 Pragmatieo
1423 1906 1487 1942 typo
1509 1899 1587 1934 nihil
1600 1901 1729 1943 amplius
1742 1898 1798 1942 fibi
1819 1901 1976 1941 vindicet,
2001 1910 2101 1942 quam-

1211 1952 1315 1993 reliqui
1343 1947 1484 1994 Episcopi
1508 1948 1638 1994 ejusdem
1661 1952 1855 1984 Provinriae.
1884 1949 2092 1985 Confirmata

1209 2000 1255 2036 est
1279 2001 1314 2034 ὅ(
1333 1997 1402 2034 haec
1423 2000 1579 2044 Cecropii
1598 2000 1872 2044 Sebastopolitani
1900 1997 1986 2043 apud
2010 1997 2096 2034 Glo-

1209 2050 1392 2086 riofiffimos
1409 2049 1534 2094 judices
1555 2049 1737 2085 interceffio
1759 2048 1911 2084 adversus
1930 2047 2094 2092 quotidia-

1210 2112 1290 2135 num
1314 2101 1348 2134 ἀ
1361 2099 1557 2134 Canonibus
1568 2098 1826 2134 inimiciffimum
1837 2097 2095 2142 Metropoliticae

1210 2150 1381 2196 dignitatis
1403 2150 1422 2184 ὲ
1445 2149 1598 2194 Principe
1619 2149 1800 2184 ambitum.
1826 2153 1878 2183 Ne
1889 2148 2020 2189 Potestas
2040 2159 2092 2183 ve-

1203 2200 1268 2242 stra
1290 2198 1502 2243 accusationem
1524 2201 1560 2235 &⁴
1577 2205 1775 2243 querimonias
1796 2201 2007 2241 &quacumque
2021 2205 2091 2240 per-

1206 2250 1282 2295 sima
1302 2256 1430 2292 accipiat
1450 2273 1462 2290 ,
1488 2251 1524 2284 θ
1539 2249 1691 2293 fatigetur
1712 2273 1724 2290 ‚
1750 2260 1786 2282 ne
1808 2259 1860 2282 nos
1882 2257 2092 2289 conteramur,

1207 2306 1342 2344 petimus
1364 2308 1397 2334 ut
1412 2297 1473 2341 fine
1491 2299 1721 2334 contraainione
1736 2299 1841 2343 ceffent
1864 2309 1899 2332 ea
1920 2301 2093 2343 Pragmati-

1212 2363 1270 2392 σα,
1294 2361 1361 2393 quae
1372 2354 1405 2382 in
1423 2350 1636 2383 detrimentum
1647 2346 2022 2392 Canonumciquibusdam
2036 2348 2094 2389 fa·

1212 2402 1260 2436 c‘la
1277 2399 1352 2445 sunt
1376 2404 1409 2432 in
1432 2404 1512 2434 omni
1532 2402 1694 2433 Provincia
1720 2424 1732 2440 ‚
1757 2402 1895 2432 Canones
1917 2406 2019 2431 autem
2032 2405 2094 2440 per

1211 2457 1312 2487 omnia
1334 2459 1459 2486 teneant
1482 2475 1490 2483 .
1515 2452 1564 2483 sic
1586 2455 1665 2484 enim
1690 2450 1725 2483 Θ
1741 2448 1821 2492 fides
1844 2446 1999 2489 custoditur
2022 2470 2032 2487 ,
2057 2448 2094 2480 ὁ·

1213 2513 1400 2545 unaquaque
1420 2498 1546 2542 Ecclesia
1570 2509 1668 2533 tutum
1681 2498 1795 2542 statum
1816 2497 1936 2531 babebit
1958 2510 1968 2531 τ
1994 2501 2034 2531 Ao
2055 2508 2095 2531 ne

1212 2554 1298 2588 liceat
1317 2554 1431 2594 aliquos
1451 2559 1567 2593 prater
1579 2554 1722 2584 Canones
1742 2550 1884 2584 ordinare
1896 2573 1904 2581 .
1932 2547 1978 2583 Et
1988 2546 2095 2582 adcla-

1215 2602 1315 2638 mavit
1337 2601 1484 2635 universa
1497 2601 1665 2644 Synodus.
1695 2605 1806 2634 omnes
1827 2600 1929 2633 eadem
1949 2600 2073 2632 dicimus
2085 2622 2095 2630 .

1215 2650 1362 2696 Universa
1386 2653 1582 2696 Pragmaticis
1602 2651 1747 2694 ceffabunt
1772 2664 1783 2684 .·
1808 2650 1930 2694 Regulae
1953 2656 2096 2683 teneant.

1265 2702 1387 2738 Inserta
1398 2700 1465 2736 haec
1477 2700 1636 2736 habentur
1644 2702 1676 2734 in
1689 2710 1836 2745 quartam
1847 2697 1974 2742 synodi
1985 2697 2099 2732 Αᾶῐο-

1217 2763 1294 2788 nem
1306 2766 1318 2787 .·
1343 2752 1391 2788 At
1404 2761 1529 2787 certum
1540 2751 1585 2785 est
1599 2752 1679 2794 saera
1691 2750 1762 2794 post
1775 2749 1954 2784 Affionem
1965 2749 2098 2783 sextam.

1217 2804 1337 2847 Liquet
1349 2802 1401 2838 vel
1412 2813 1454 2837 ex
1464 2801 1532 2836 sola
1544 2800 1682 2836 adducta
1691 2799 1916 2835 interceffione
1928 2797 2098 2841 Cecropii.

1218 2853 1274 2888 Ad
1284 2864 1355 2888 eam
1374 2852 1466 2887 enim
1488 2850 1679 2886 interlocuti
1702 2851 1778 2884 sunt
1799 2847 2102 2891 Gloriofissimi‘jn·

1218 2903 1305 2939 dices
1326 2916 1334 2936 ε
1371 2906 1419 2937 De
1439 2901 1544 2945 quibus
1567 2902 1755 2935 interlocutio
1770 2899 1862 2941 falla
1885 2899 1924 2941 est
1949 2923 1961 2940 ,
1985 2897 2102 2940 eff‘effiu

1219 2949 1444 2988 mandabantur
1464 2977 1475 2993 ‚
1512 2949 1547 2985 id
1568 2951 1618 2998 estv
1634 2974 1646 2991 ‚
1681 2950 1745 2985 hoc
1768 2951 1901 2995 praesens
1934 2948 2114 2984 decretum>

1220 3003 1383 3049 redigetur
1436 3003 1473 3037 in
1507 3001 1685 3037 Canonem
1721 2999 1949 3045 redaaumque
1982 2996 2029 3032 est
2065 2996 2103 3031 in

1222 3055 1397 3090 Canonexn
1446 3050 1682 3087 duodecimum
1730 3075 1742 3092 ,
1792 3051 1912 3085 fastum
1956 3055 2103 3093 patenter

1222 3116 1291 3140 non
1327 3105 1417 3138 sexta
1438 3102 1582 3136 Afflone
1605 3123 1619 3144 ,
1655 3100 1710 3136 sed
1732 3102 1768 3135 in
1804 3100 1932 3135 decima
1968 3099 2101 3142 quinu-
2285 3143 2291 3147 .

1224 3156 1274 3189 Et·
1295 3155 1431 3189 Sanetus
1455 3151 1638 3198 Gregorius
1672 3151 1821 3197 Magnus
1856 3151 1893 3184 in
1913 3147 2029 3182 litteris
2059 3144 2103 3180 ad
2121 3142 2278 3190 Iar-Inda·

1222 3203 1447 3241 Secundinum
1464 3199 1667 3237 monachum
1678 3201 1799 3236 diserte.
1818 3199 1900 3236 dicit
1912 3194 2104 3239 aptioribus
2124 3183 2258 3224 E1³¹3&ss-

1223 3256 1278 3290 sex
1300 3251 1498 3289 Aetionibus
1523 3252 1607 3286 solas
1631 3253 1743 3287 causas
1766 3246 1949 3297 generales,
1975 3246 2105 3280 omnes

1224 3315 1289 3348 que
1310 3302 1462 3347 speciales
1480 3302 1568 3346 prius
1580 3302 1791 3347 postmodum
1807 3299 1955 3333 traaatas
1971 3296 2009 3330 ¹&
2019 3295 2107 3330 deci·

1224 3356 1292 3389 sas.
1317 3354 1488 3398 Perperam
1512 3354 1614 3398 igitur
1637 3351 1705 3387 haec
1724 3348 1843 3386 intrusa
1857 3347 1931 3381 sunt
1944 3345 1980 3379 in
1991 3344 2107 3380 Astio-

1227 3415 1303 3439 nem
1324 3414 1473 3449 quartam
1495 3428 1511 3447 .-
1529 3404 1649 3446 Neque
1669 3399 1811 3436 mireris.
1839 3396 1974 3431 Etenim
1994 3395 2028 3429 &
2047 3395 2107 3431 Pe-

1228 3455 1332 3500 lagius
1344 3453 1560 3490 secundus-in
1581 3450 1696 3488 litteris
1718 3448 1761 3485 ad
1795 3446 1905 3484 Eliam
1916 3445 2108 3533 Aqt‘rjlejen-

1988 3506 2059 3532 rum
