2340 3736
632 108 942 164 Senomxs,
980 119 1044 150 ετ
1080 114 1258 151 N‘oTIs
1294 116 1674 151 ILLUsTRATI.

63 194 135 233 C³P=
147 205 173 224 2·
235 195 313 230 -miae
332 191 460 238 onagri
479 189 681 233 Presbyteri,
708 189 857 224 Eandem
870 190 1063 233 potestatem
1073 191 1121 225 so-

237 244 263 279 li
285 244 447 288 Episcopo
457 239 642 276 adscribunt
664 239 805 274 secunda
827 240 981 284 Synodus
1003 242 1120 285 Hispa-

236 294 329 330 lensis
339 317 350 333 ,
376 303 491 336 quarta
500 290 669 324 Toletana
682 312 694 330 ,
714 290 749 323 δε
760 289 938 326 Valentina
949 290 1096 334 Hispana
1113 316 1120 324 .

235 342 343 387 Ajunt
355 343 576 377 OEconomum
595 341 658 374 effe
679 340 835 385 Episcopi
850 340 1045 375 vicarium:
1073 340 1120 374 At

64 428 138 466 cap
149 437 160 458 ι
170 429 194 457 Ι,
236 391 314 428 vero
330 393 448 427 vicaria
460 391 600 436 potestas
611 389 781 435 delegatur
798 392 816 424 a
831 391 903 425 solo
929 390 1118 435 principali.

235 442 362 478 Eadem
375 443 420 477 est
431 453 524 477 mens
534 441 676 485 septimae
685 440 845 485 generalis
862 439 990 483 Synodi
1001 464 1012 480 ,
1025 438 1121 475 aded-

235 493 508 538 que&omnium
530 492 640 536 paffim
660 499 741 525 tunc
760 490 796 523 in
819 489 946 523 Graecia
968 489 1122 524 Ecclefia-

236 554 328 578 rum.
357 541 595 578 Posterioribus
615 550 726 575 tamen
747 538 816 572 illic
837 538 959 572 saeculis
980 540 1121 575 OEcono-

236 604 330 628 mum
344 594 437 627 fuisse
448 590 644 636 quandoque
663 589 682 622 a
692 587 845 631 Principe
855 599 999 625 creatum
1011 589 1119 625 scribit

240 643 320 687 Joan
326 655 380 677 nes
390 645 537 678 Zonaras
548 642 582 675 in
594 639 718 675 Isaacio
730 637 907 673 comneno
922 652 929 672 :
957 640 1041 687 Qiae
1052 640 1121 674 vio-

240 692 350 728 lentiae
374 693 493 736 species
509 691 611 726 etiam
631 688 717 732 apud
739 699 800 722 nos
822 688 961 724 Latinos
983 693 1121 735 grallata

237 742 285 777 est
297 767 309 784 ,
333 741 414 777 dum
423 743 531 786 Reges
555 739 773 775 Eccleliarum
785 741 971 774 vacantium
984 751 1121 785 proven-

244 802 297 828 tus
312 793 499 827 invaserunt
512 816 521 823 .
846 799 850 803 ·

241 868 243 871 -
288 842 412 888 Qarta
425 839 611 885 quaestioest
624 863 636 880 ,
663 838 721 873 An
742 840 863 882 quaevis
884 840 1026 875 Ecclesia
1051 842 1122 875 uni—

238 902 339 931 cum,
372 902 415 925 an
436 890 544 934 plures
564 890 709 934 potuerit
738 887 858 924 habere
893 890 1121 925 OEoenonios?

239 940 603 985 Respondeoquasdam
625 938 772 974 habuisse
784 941 938 974 unicum:
970 941 1123 975 Ecclefiis

238 1000 351 1026 tamen
371 990 548 1033 majoribus
570 990 681 1034 paffim
701 990 795 1025 fuisse
813 991 936 1034 plures.
965 992 1019 1025 De
1048 990 1125 1025 Ale-

238 1039 397 1075 xandrina
415 1041 450 1075 ὃς
467 1039 837 1084 Constantinopolitana
851 1040 952 1083 liquet
964 1053 1004 1074 ex
1018 1039 1124 1085 Ephe-

238 1091 313 1126 finae
333 1091 366 1125 de
389 1090 668 1126 Chalcedonensis
689 1089 819 1133 Synodi
841 1089 977 1131 litteris,
1004 1090 1121 1125 Nesto-

239 1141 279 1178 rii
300 1152 339 1175 ac
360 1141 514 1177 Dioscori
527 1140 774 1176 damnationem
794 1141 1041 1175 nuntiantibus:
1070 1141 1123 1174 In-

240 1190 424 1226 scribuntur
432 1193 522 1226 enim
545 1189 737 1230 OEconomis
750 1190 884 1226 istarum
896 1190 1124 1225 Ecclefiarum.

241 1240 287 1275 Et
303 1240 445 1275 laudatis
464 1240 710 1286 AEgyptiorum
719 1239 958 1284 Episcoporum
980 1239 1021 1273 ad
1043 1240 1126 1274 Leo-

239 1300 317 1324 nem
345 1289 535 1335 Augustum
561 1292 676 1325 litteris
709 1289 927 1324 subscribunt.
956 1296 1126 1323 Ammonius

241 1339 398 1379 Presbyter
419 1341 643 1374 Alexandrinus
669 1341 704 1374 (9⁹
723 1343 899 1373 oeconomus
912 1364 922 1380 ,
959 1339 1127 1373 Timotheus

241 1389 395 1429 Presbyter
415 1391 449 1424 δ
468 1394 642 1424 oeconomus
664 1387 792 1433 ejusdem
811 1389 961 1432 Ecclefiae.
1000 1390 1043 1423 Et
1069 1391 1103 1425 N
1108 1390 1129 1423 i-

241 1439 402 1483 cephorus
419 1440 695 1475 Calixtuslaudat
715 1440 878 1483 loannem
900 1439 1127 1484 Presbyterum

241 1490 507 1526 Alexandrinum
529 1516 541 1532 ,
584 1490 806 1525 OEconomum
841 1489 990 1525 Ecclefiae
1020 1491 1128 1525 Sanffi

244 1540 380 1583 Joannis
405 1540 559 1585 Baptistae
575 1566 585 1582 ‚
611 1541 645 1574 ἀ
680 1540 861 1583 Cyriacum
897 1540 1128 1583 Presbyterum

243 1590 658 1634 constantinopolitanum
676 1614 687 1630 ,
722 1590 944 1625 OEconomum
979 1589 1130 1625 Ecclefiae

243 1650 390 1684 magnae.
420 1641 466 1677 Et
476 1640 645 1674 Liberatus
668 1641 840 1675 Diaconus
863 1639 1129 1685 carthaginensis

244 1689 355 1724 scribit
366 1690 406 1724 de
419 1691 549 1733 Ioanne
557 1688 702 1733 Thalaja
726 1689 922 1733 Presbytero
935 1690 1130 1725 Alexandri·

244 1749 310 1773 no:
339 1740 454 1772 Faetus
465 1739 503 1780 est
514 1745 712 1780 oeconomus,
738 1738 847 1773 babens
872 1739 976 1784 causas
998 1747 1129 1774 omnium

243 1788 437 1830 Ecclefiarum
451 1815 459 1821 .
487 1790 536 1824 At
549 1789 627 1823 vero
640 1789 799 1824 isidorum
822 1790 1008 1825 Pelusioten
1020 1814 1030 1830 ‚
1055 1791 1132 1834 ejus-

243 1838 320 1873 dem
331 1838 482 1873 Eccleliae
495 1838 737 1883 Presbyterum,
749 1840 841 1874 fuisse
852 1851 1026 1884 pauperum
1039 1841 1133 1875 dum·

244 1897 335 1925 taxat
355 1900 393 1922 ac
414 1890 665 1935 peregrinorum
686 1890 906 1924 OEconomum
932 1892 1027 1925 refert
1048 1891 1132 1924 Her-

245 1939 328 1973 mias
338 1938 712 1983 Zozotmenus,Majores
723 1951 864 1983 namque
875 1940 1024 1976 Ecclefiae
1037 1942 1070 1975 &
1082 1953 1133 1975 va-

245 1989 312 2023 rios
333 1989 510 2031 speciales,
535 1991 569 2024 &
599 2001 702 2025 unum
733 1987 898 2026 habebant
920 1991 1133 2026 universalem

246 2038 470 2072 OEconomum
483 2039 592 2082 paffim
603 2039 726 2074 dictum
735 2040 955 2076 OEconomum
964 2052 1134 2087 magnum,

247 2099 285 2121 ac
296 2087 337 2121 de
349 2087 408 2121 illo
421 2088 570 2130 loquitur
581 2089 751 2124 Liberatus
762 2115 772 2130 ,
799 2090 930 2134 ejusque
942 2103 1133 2134 promoven·

247 2136 281 2170 di
294 2137 393 2171 ritum
405 2137 560 2171 describit
573 2137 820 2184 Euchologium
831 2151 971 2184 graecum
983 2164 993 2179 ,
1019 2141 1137 2183 Joanni

247 2186 415 2222 Morino&
427 2186 544 2223 Leone
565 2186 694 2223 Allatio
707 2199 893 2224 mutuatum
905 2214 912 2222 .
940 2191 993 2224 De
1019 2190 1135 2225 eodem

247 2236 361 2270 statuit
377 2237 501 2270 Canon
515 2236 678 2272 Arabicus
688 2264 695 2271 .
724 2244 761 2272 In
768 2251 946 2282 unaquaque
966 2239 1092 2286 Ecclefia
1100 2239 1140 2282 fit

249 2291 423 2320 Oeconomus
435 2311 447 2327 ‚
467 2287 502 2320 (τ
512 2298 576 2320 cum
588 2299 619 2321 eo
630 2289 683 2321 alii
696 2313 707 2329 ‚
735 2294 786 2331 qu}
797 2288 925 2322 habeant
948 2301 1050 2323 curam
1071 2299 1140 2332 pro-

249 2345 396 2371 ventuum
427 2336 463 2369 (9¹
485 2349 628 2381 aegrorum
641 2362 652 2378 ,
678 2341 732 2374 alii
752 2341 897 2374 villarum
919 2342 953 2374 (5
968 2339 1140 2383 sumptuum

250 2387 509 2429 quotidianorum,
535 2389 588 2420 alit
615 2387 764 2429 frumenti
782 2401 819 2422 ac
851 2391 1029 2433 leguminum
1044 2415 1053 2430 ,
1081 2393 1134 2423 alii

250 2435 389 2480 vasorum
413 2435 482 2469 auri
506 2440 687 2480 &argentm
715 2440 749 2473 Θ
763 2439 1020 2481 vestimentorum,
1051 2443 1138 2475 &or-

251 2496 456 2520 namentorum
482 2486 637 2528 Ecclefiae,
659 2490 712 2521 alii
732 2500 833 2522 curam
841 2490 917 2529 loci,
943 2497 975 2522 in
998 2503 1053 2533 quo
1069 2489 1141 2533 san·

252 2538 301 2571 δῖα
325 2535 513 2576 Eucharistia
533 2536 696 2580 servatur:
733 2538 868 2583 ,Quisque
900 2539 1008 2574 habeat
1040 2552 1140 2576 curam

252 2599 371 2628 eorum,
398 2598 466 2628 quae
482 2585 538 2627 fibi
562 2589 706 2632 commJ'sJa
718 2587 813 2632 sunt.

303 2637 433 2682 Qinta
445 2637 581 2679 quaestio
593 2638 638 2671 est
652 2662 663 2678 ‚
691 2639 778 2684 Quae
789 2640 872 2673 olim
900 2641 1024 2676 fuerint
1050 2642 1142 2676 ‹mco-

255 2687 349 2720 nomi
363 2686 522 2720 nomina?
551 2686 747 2731 Respondeo
758 2689 849 2723 fuisse
862 2691 948 2724 varia
962 2716 968 2722 .
990 2692 1142 2734 Appella-

255 2747 310 2770 ωι-
320 2735 408 2768 enim
420 2735 621 2772 OEconomus
632 2762 643 2778 ,
665 2738 878 2782 Dispensator
890 2763 899 2778 ‚
925 2740 1140 2782 Procurator,

256 2786 473 2829 Praepofitus,
500 2786 789 2830 vice-Dominus,
816 2790 1044 2832 Camerarius,
1069 2791 1142 2826 Ma·

256 2835 307 2879 jor
318 2835 453 2869 domus.
478 2837 533 2871 De
543 2849 643 2882 voce;
665 2838 860 2882 Praeposstus,
888 2839 968 2875 bene
980 2842 1026 2876 ait
1038 2843 1143 2884 Syno-

257 2885 320 2920 dus
338 2884 630 2930 Aquisgranenfis,
656 2888 767 2924 habita
789 2889 847 2924 sub
870 2891 1011 2935 Imperio
1033 2891 1143 2927 Ludo-

258 2935 326 2970 vici
336 2935 408 2970 Pii.
433 2937 586 2978 ,Quamvis
597 2950 717 2978 omner,
743 2939 958 2983 quipraesunt,
987 2942 1139 2983 Praepofitl

83 2979 242 3015 1.-1·c·¹39·
258 2985 336 3019 recqoi
347 2987 486 3019 dicantur
497 3011 508 3026 ‚
533 2985 602 3030 usus
614 2998 715 3023 tamen
726 2991 853 3024 obtinuit
863 3002 910 3023 eos
935 2998 1035 3025 vocari
1058 2995 1143 3025 Prae-

252 3034 357 3079 pofitos
369 3061 380 3077 ‚
405 3042 458 3078 qui
471 3039 632 3078 quamdam
654 3042 809 3074 Prioratus
827 3053 928 3074 curam
939 3066 949 3081 ,
977 3043 1090 3085 utique
1103 3043 1143 3077 de

257 3085 352 3121 rebus
386 3086 619 3129 temporalibus
633 3112 643 3128 ,
675 3088 732 3132 sub
752 3091 821 3123 aliis
844 3093 991 3125 Praelam
1018 3103 1142 3136 gerunt.

258 3135 390 3171 Eodem
405 3137 494 3170 sensu
509 3148 623 3171 vocem
635 3140 751 3182 accipit
764 3141 891 3184 Regula
914 3143 1022 3176 Sansti
1045 3143 1145 3177 Bene-

259 3185 358 3220 disti.
387 3184 484 3220 Ebbo
499 3187 667 3221 Remensis
682 3189 858 3233 Episcopus
870 3193 903 3224 in
915 3192 1064 3226 indiculo
1077 3194 1146 3225 offi-

260 3235 390 3273 ciorum
402 3235 551 3270 Ecclesiae
572 3238 634 3271 suae
646 3237 852 3281 Praepositum
867 3242 944 3275 facit
959 3243 1144 3285 proximum

262 3285 563 3325 Archi-Diacono,
591 3289 749 3330 praeponit
771 3291 867 3323 variis
892 3292 1060 3332 meanis,
1087 3293 1144 3326 do-

263 3346 322 3370 nat
347 3336 454 3380 ampla
479 3337 513 3370 ἀ
540 3337 627 3369 varia
654 3338 832 3380 potestate,
870 3340 1087 3384 describitque
1112 3353 1146 3375 ut

266 3396 424 3430 magnum
434 3385 656 3421 OEconomum
674 3387 878 3425 Graecorum.
905 3390 955 3424 At
981 3390 1058 3426 vero
1082 3390 1149 3433 ejus

90 3429 178 3471 Epist,
190 3441 234 3469 ²9·
269 3434 425 3473 successor
436 3436 637 3471 Hincmarus
657 3438 691 3471 in
714 3437 828 3473 litteris
841 3438 882 3474 ad
902 3440 1063 3474 Carolum
1076 3440 1149 3475 Cal-

367 3484 474 3527 Christ,
485 3489 562 3529 Lupi
572 3491 654 3529 Oper.
678 3490 754 3520 Tom.
765 3491 803 3523 11.

66 1335 191 1366 Lmen
202 1342 225 1362 ι.

67 1377 224 1408 Lis-040.

69 1757 106 1787 C.
122 1760 168 1787 16·

71 1990 106 2018 L.
120 1990 147 2017 8.
170 1996 194 2018 c.
206 1998 230 2017 2.

76 2037 123 2058 ιι..

1921 120 2015 165 107

1186 200 1265 224 vum
1278 189 1479 222 Francorum
1494 188 1621 233 Regem
1645 189 1820 235 distinguit
1839 190 2030 234 Praepofitum
2049 191 2070 222 ὰ

1188 243 1418 279 Vrec-Domino,
1454 236 1567 272 dicens
1594 240 1799 283 Praepofitum
1832 241 1947 281 Cleri,
1973 241 2069 275 Vice-

1188 290 1374 324 Dominum
1388 288 1487 323 solius
1498 287 1649 332 Episcopi
1662 290 1755 324 rebus
1768 291 1908 334 praeeffe.
1936 291 1981 324 Et
2004 290 2069 325 hoc

1187 340 1276 374 sensu
1289 340 1357 383 ipse
1369 338 1509 372 Carolus
1520 338 1598 372 Rex
1609 339 1757 374 Adriano
1769 339 1912 375 secundo
1928 339 2070 374 «Pontifi-

1186 390 1239 429 ci,
1264 389 1438 424 mandanti
1460 388 1638 422 Hincmari
1659 388 1880 425 Laudunenfis
1916 389 2070 433 Episcopi

1189 441 1335 474 Romam
1359 438 1530 483 profecturi
1554 449 1602 472 res
1614 437 1719 482 Regia
1731 441 1932 482 protectione
1954 439 2070 481 servari

1189 490 1318 530 illaesas,
1347 487 1512 533 respondit
1534 489 1566 523 se
1593 488 1657 522 effe
1688 489 1890 525 Francorum
1918 489 2071 534 Regem,

1188 551 1258 574 non
1271 540 1558 574 vice-Dominum
1571 539 1809 582 Episcoporum
1827 563 1834 570 .
1863 540 1992 574 Eodem
2004 540 2072 573 sen·

1188 592 1223 624 su
1246 601 1358 624 vocem
1376 614 1387 630 ,
1414 588 1593 632 Praepofitus
1606 613 1617 630 ,
1643 588 1762 631 accipit
1783 589 1816 621 in
1829 589 1942 625 litteris
1959 590 2000 624 ad
2012 588 2072 623 Pa-

1189 638 1329 674 schalem
1353 641 1531 674 secundum
1553 638 1772 679 Pontificem,
1800 639 1835 672 δε
1850 639 1883 671 in
1897 638 2012 673 litteris
2030 638 2072 673 ad

1188 689 1398 724 Ludovicum
1421 689 1576 724 Groffum
1598 690 1800 723 Francorum
1823 687 1947 731 Regem
1961 712 1970 727 ‚
1996 689 2073 723 San-

1188 741 1255 773 etus
1286 740 1345 773 lvo
1370 739 1578 775 Carnotenfis
1606 739 1806 783 Episcopus,
1836 738 1922 771 varia
1947 738 2074 780 questus

1190 790 1231 824 de
1243 790 1422 833 Praepofitis
1433 790 1494 823 suae
1506 789 1653 823 Ecclesia:
1666 803 1676 822 .-
1698 788 1800 836 Qod
1809 791 1902 822 enim
1924 787 1972 821 illi
1996 798 2074 821 tunc

1188 841 1288 875 solius
1312 840 1403 874 Cleri
1420 838 1630 873 substantiam
1651 838 1936 878 administrarent,
1964 837 2077 871 viden-

1191 901 1244 924 tur
1259 890 1421 934 Episcopo
1440 890 1474 923 in
1499 891 1556 923 suo
1569 900 1706 923 munere
1718 899 1786 923 non
1800 889 1894 932 plene
1904 887 2075 922 subfuist'e.

1190 940 1295 974 Porro
1314 941 1448 974 Sanstus
1472 939 1652 984 Gregorius
1677 940 1824 983 Magnus
1837 939 1871 972 in
1894 938 2010 972 litteris
2037 935 2078 970 ad
2100 949 2252 986 L.1.Ep.11

1191 990 1434 1024 Clementinam
1459 989 1635 1024 Patriciam
1650 1014 1661 1030 ‚
1685 990 1719 1023 ὃ(
1740 989 1775 1023 in
1800 988 1916 1024 litteris
1941 988 1983 1022 ad
2011 986 2080 1022 An·
2099 991 2258 1026 1‹›9·EP-⁶6

1191 1038 1352 1074 themium
1364 1039 1612 1074 Subdiaconum
1624 1038 1799 1085 distinguit
1810 1042 2049 1074 Vrec-Dominum
2060 1039 2080 1072 ἢ.

1195 1092 1308 1131 Majore
1322 1092 1423 1123 domus
1434 1115 1444 1130 ‚
1471 1103 1509 1126 ac
1524 1089 1793 1125 ViceDominus
1814 1089 1944 1125 videtur
1956 1088 2004 1123 illi
2017 1088 2080 1123 esse

1193 1139 1376 1174 substantiae
1387 1138 1427 1173 ad
1451 1140 1583 1174 Clerum
1606 1140 1798 1183 spectantis,
1825 1139 1938 1182 Major
1960 1139 2080 1173 domus

1193 1191 1255 1224 ess'e
1266 1189 1510 1224 administrator
1524 1189 1624 1222 solius
1637 1199 1756 1231 quartae
1767 1189 1928 1233 portionis
1947 1189 2082 1232 Episco-

1194 1239 1291 1284 palis:
1333 1238 1444 1284 Atque
1468 1240 1513 1273 ita
1539 1238 1581 1272 ab
1607 1237 1666 1272 illo
1691 1239 1832 1275 dissonat
1859 1240 2082 1273 Hincmarus.

1196 1288 1295 1334 Apud
1309 1290 1507 1323 Gratianum
1530 1300 1639 1323 autem
1655 1288 1816 1324 Urbanus
1835 1289 1994 1323 secundus
2009 1313 2019 1329 ‚
2046 1290 2083 1322 in

1197 1340 1314 1374 litteris
1326 1340 1366 1373 ad
1379 1339 1591 1383 Praepofitum
1603 1340 1711 1374 Sancti
1724 1339 1869 1383 Iuventii
1882 1339 2084 1378 Ticinenffi,

1198 1391 1313 1424 omnia
1324 1387 1390 1423 haec
1402 1390 1561 1424 vocabula
1587 1401 1644 1434 pro
1665 1387 1782 1423 eodem
1805 1390 1948 1432 accipit,
1973 1388 2085 1423 dicens

1197 1440 1239 1475 de
1260 1440 1372 1474 nostro
1384 1438 1450 1473 hoc
1464 1440 1625 1475 Canone:
1654 1444 1784 1473 Nomine
1809 1442 2013 1473 Procuratoris
2039 1444 2087 1472 ln-

1197 1492 1302 1534 telligit
1327 1489 1484 1532 quemlibet
1498 1490 1761 1532 Ecclcfiasttcarum
1782 1502 1881 1524 rerum
1899 1487 2089 1529 administra·

1198 1550 1307 1580 torem,
1333 1550 1366 1573 ut
1379 1540 1464 1574 verbe·
1481 1547 1610 1584 gratia,
1639 1538 1845 1582 Praepofitum‚
1874 1545 2086 1580 oeconomum,

1198 1595 1225 1623 V
1225 1597 1277 1623 ιτε-
1283 1595 1436 1623 Dominum
1449 1616 1456 1622 .
1486 1591 1598 1634 Rogat
1610 1590 1743 1624 Gloffa:
1766 1593 1871 1634 ‚Quam
1883 1589 2085 1630 differentiam

1193 1640 1276 1683 facit
1297 1647 1375 1674 inter
1396 1640 1450 1680 isla
1483 1641 1628 1674 nomina?
1665 1639 1827 1684 Resteque
1849 1638 2020 1684 respondet
2049 1651 2087 1674 ea

1199 1690 1397 1735 quandoque
1426 1689 1585 1724 confundi
1612 1714 1622 1729 ,
1663 1691 1859 1734 quandoque
1895 1690 2054 1734 distingui
2079 1713 2086 1719 .

1202 1742 1262 1775 Ait
1276 1741 1497 1775 OEiconomum
1523 1741 1698 1784 Capituli,
1723 1739 2012 1776 vice-Dominum
2039 1740 2088 1775 so-

1201 1791 1264 1825 lius
1292 1791 1444 1834 Episcopi
1470 1791 1564 1825 rebus
1589 1792 1729 1834 praeesse.
1757 1792 1979 1825 OEconomum
2007 1791 2087 1823 item

1201 1840 1334 1883 quidam
1346 1853 1421 1875 cum
1432 1842 1580 1875 Ecclesiae
1592 1841 1767 1875 Sacellario
1779 1840 2011 1876 confundunt:
2040 1838 2088 1873 At

1202 1891 1358 1936 distingui
1385 1892 1491 1935 palam
1506 1891 1627 1925 docent
1651 1892 1797 1934 Symeon
1817 1889 2090 1925 Thessalonicen·

1203 1942 1239 1976 fis
1251 1941 1432 1985 Episcopus
1444 1942 1476 1974 in
1491 1952 1589 1984 opere
1610 1941 1650 1975 de
1670 1941 1765 1974 sacris
1788 1939 2064 1975 ordinationibus
2079 1964 2089 1979 ‚

1201 1993 1236 2026 ἀ
1258 1992 1392 2035 antiqua
1413 1991 1591 2035 explicatio
1614 1990 1811 2028 Officiorum
1827 1990 1972 2024 Ecclefiae
2001 1990 2088 2023 Con·
2107 1992 2239 2029 Capig-

1204 2041 1519 2084 stantinopolitanae.
1548 2040 1772 2085 Distinguitur
1798 2043 1832 2074 ὅ(
1855 2040 1896 2074 ab
1918 2039 2090 2073 Ecclefiar-

1204 2090 1287 2132 cha,
1313 2092 1368 2135 qui
1396 2103 1463 2124 non
1488 2092 1708 2134 quicumque,
1734 2089 1787 2123 sed
1808 2090 2003 2124 Monasterii
2028 2091 2090 2123 suit

1205 2142 1425 2180 OEconomus‚
1452 2141 1555 2173 dietus
1567 2141 1600 2173 ὃς
1611 2140 1790 2179 cellarius,
1821 2150 1857 2173 ut
1874 2150 1961 2183 patet
1973 2150 2013 2172 ex
2026 2139 2091 2173 Eu-

1204 2189 1364 2234 chologio
1377 2190 1521 2234 superins
1536 2189 1668 2223 laudato
1682 2215 1691 2220 .

1255 2241 1352 2275 Sexta
1365 2241 1497 2284 quaestio
1518 2239 1562 2273 est
1581 2264 1589 2278 ‚
1618 2240 1701 2287 Qae
1722 2239 1818 2274 fuerit
1842 2239 2017 2274 OEconomi
2045 2239 2092 2272 di-

1205 2292 1314 2336 gnitas
1337 2302 1375 2324 ac
1398 2290 1536 2334 potestas
1560 2289 1575 2320 ,ἕ
1612 2290 1810 2333 Respondeo
1835 2290 1921 2333 apud
1960 2291 2091 2323 Graecos

1206 2343 1299 2376 fuisse
1310 2341 1490 2375 summam.
1520 2340 1653 2375 Etenim
1676 2339 1711 2373 iu
1735 2339 1876 2374 Ecclesia
1901 2340 2094 2375 Constanti-

1206 2392 1397 2435 nopolitana
1409 2401 1550 2435 magnus
1563 2389 1765 2427 OEconornus
1777 2401 1845 2424 erat
1869 2389 1990 2434 primus
2011 2390 2092 2424 Cru-

1206 2444 1411 2487 cigerorum.
1441 2441 1519 2484 Ejus
1542 2452 1660 2474 munus
1672 2440 1746 2475 audi
1762 2440 1780 2473 a
1802 2441 1967 2484 Symeone
1988 2437 2093 2473 Thes·

1206 2492 1411 2526 salonicensi.
1440 2490 1648 2535 Poffefflonibus
1675 2492 1928 2533 &provenit-bus,
1956 2492 1991 2525 (Ὗ
2000 2490 2090 2534 [ρονι.
2109 2488 2180 2527 Cap·
2201 2496 2245 2524 13-

1207 2544 1300 2583 tulis,
1326 2554 1392 2584 quae
1405 2546 1558 2584 unicuique
1588 2542 1780 2580 tribuuntur,
1802 2543 1964 2582 providere
1987 2541 2090 2573 debet.

1207 2597 1328 2635 Oportet
1339 2598 1417 2625 em'm
1439 2604 1504 2627 eum
1525 2593 1561 2623 de
1574 2590 1624 2623 lm
1639 2602 1738 2624 curam
1747 2602 1853 2634 gerere
1873 2597 1906 2623 in
1929 2594 2092 2623 utilitatem

1203 2643 1353 2686 publicam
1375 2644 1409 2676 <tt
1430 2639 1685 2681 Eccleſsasticorum
1707 2642 1963 2674 emolumentorum
1984 2639 2094 2682 conser-

1208 2698 1376 2727 vationem.
1406 2691 1510 2726 Addit
1532 2692 1666 2735 antiqua
1691 2690 1877 2734 Explicatio
1892 2690 2091 2724 officiorum

1208 2742 1358 2776 Ecclessae
1379 2741 1771 2785 Constantinopolitanae.
1808 2744 1939 2783 Magnus
1971 2744 2093 2773 oecono-

1207 2805 1274 2826 mus
1280 2791 1424 2833 stichario
1430 2790 1483 2835 seu
1496 2798 1595 2824 tunica
1601 2790 1659 2835 sua
1669 2793 1793 2824 indutus
1806 2788 1924 2830 confista't
1945 2792 1966 2822 a*
1983 2791 2092 2823 dextra

1204 2851 1295 2885 parte
1299 2840 1416 2885 sanllae
1426 2840 1514 2885 mens
1508 2854 1534 2875 ιε
1548 2867 1558 2881 ,
1584 2854 1648 2875 cum
1664 2840 1761 2885 sacris
1775 2840 1916 2882 Pontifex
1929 2848 2068 2882 operatur
2079 2865 2090 2880 ‚

1203 2891 1397 2936 fundumque
1414 2892 1566 2933 flabellum
1587 2904 1679 2925 manu
1703 2901 1800 2925 tenet.
1828 2894 1954 2933 Excipit
1979 2901 2091 2933 quoque

1208 2944 1326 2976 reditus
1336 2944 1380 2975 ad
1389 2941 1603 2985 Epifhopatum
1618 2941 1788 2985 spee‘Jantes
1802 2965 1812 2980 ‚
1840 2944 1873 2975 (v
1895 2939 2090 2983 expensarum

1208 3000 1413 3035 rationumque
1431 3004 1532 3025 curam
1554 2991 1642 3026 habet
1654 3018 1661 3024 .
1692 2994 1882 3033 Praeponitur
1892 2997 1981 3035 igitur
1992 2992 2090 3025 admi-

1211 3043 1374 3083 nistrationi
1402 3049 1531 3075 omnium
1557 3043 1770 3084 posseffionum‚
1796 3040 1938 3083 habetque
1965 3039 2022 3084 sub
2056 3038 2089 3082 se

1210 3092 1457 3132 chartularium,
1483 3098 1533 3133 qui
1543 3091 1682 3134 describit
1702 3103 1816 3125 annuos
1837 3090 1988 3134 Episcopi!
2011 3091 2091 3122 redi-

1209 3154 1278 3182 tus,
1304 3143 1387 3175 &de
1398 3147 1438 3175 tis
1463 3142 1509 3173 bIs
1530 3148 1692 3183 quotannis
1711 3144 1757 3174 ad
1775 3140 1952 3185 Episcopum
1978 3140 2087 3181 refert.

1211 3190 1378 3233 Praeficttur
1399 3197 1489 3225 etiam
1506 3193 1632 3232 Judicits
1654 3193 1792 3229 dicundis
1805 3215 1816 3230 ‚
1854 3194 1888 3226 (τ
1922 3201 1988 3226 eum
2002 3214 2012 3229 ‚
2038 3196 2089 3232 qui

1210 3242 1397 3274 ordinandus
1413 3240 1449 3281 cst
1462 3241 1614 3280 Presbyter
1625 3240 1768 3284 Episcopo
1774 3240 1957 3283 praesentat.
1987 3242 2090 3273 Admi-

1211 3291 1315 3332 nistrat
1325 3295 1395 3324 item
1415 3289 1624 3334 Episcopatum
1644 3292 1709 3333 post
1719 3290 1859 3333 Episcopi
1871 3299 1992 3323 mortem
2005 3313 2016 3329 ,
2043 3292 2092 3323 do-

1211 3353 1263 3374 nec
1271 3342 1347 3373 alius
1368 3342 1534 3374 adventat.
1564 3345 1686 3375 Primus
1702 3340 1768 3381 ft’rt
1784 3339 1960 3383 suffragium
1984 3347 2016 3372 in
2039 3343 2092 3374 ele·

1211 3392 1304 3424 Alione
1325 3389 1462 3435 Episcopi
1474 3417 1480 3428 .
1511 3395 1645 3432 Demque
1656 3397 1809 3431 unicuique
1819 3390 1956 3431 fratrum
1972 3387 2093 3432 suorum

1214 3442 1328 3475 debitos
1333 3439 1455 3482 fruc‘lus
1478 3452 1515 3474 ex
1538 3441 1704 3475 redditibus
1727 3438 1919 3484 Episcopatui
1937 3441 2096 3474 obvenien-

1661 3492 1696 3527 Ο
1745 3502 1767 3531 2
1966 3489 2044 3524 tibur

2091 488 2173 528 Epist.
2184 499 2229 524 ²7-

2096 535 2157 566 165.

2106 1251 2127 1270 1.
2136 1217 2262 1278 q.3·c.'8.
