2340 3736
329 186 390 234 27
400 189 436 226 ἓν

263 262 299 307 pi
319 258 578 295 confirmarunt.
605 257 651 290 Et
675 254 766 290 hunc
791 254 928 290 unicum
938 252 1172 287 excusationis·

265 311 377 346 sucum
390 309 483 345 scivit
495 308 676 342 Anatolius
689 316 861 350 praetexere
882 303 1007 338 Photius
1016 304 1156 345 quaedam

262 367 323 406 ,egit
342 360 420 394 nullo
445 370 522 391 more
544 366 635 398 atque
659 358 759 390 ordine
771 382 779 388 .
805 361 885 389 Hinc
905 355 1066 397 indignata
1077 354 1157 391 Syno-

265 414 347 452 dus,
374 413 409 444 ὦ·
423 412 522 450 ⁶iuxta
542 409 659 452 regulas
681 416 822 440 commota
847 429 858 445 ‚
884 409 1156 437 excommunicatio-

266 473 334 496 nem
358 467 384 494 ei
404 457 495 499 mifit.
514 457 687 501 *Reposuit
708 457 785 490 vero
797 454 982 488 Eunomius
995 453 1155 487 Nicome-

266 511 384 546 diensis
396 508 574 552 Episcopus
586 533 597 548 ,
623 505 791 550 Bythiniae
804 504 1021 547 Metropolita
1044 516 1054 536 .-
1082 506 1155 538 Non

266 562 306 603 est
325 565 471 593 Romanis
492 557 663 602 consuetudo
686 558 831 589 damnare
842 556 970 595 aliquem
982 553 1129 587 hominem
1142 577 1153 593 ,

263 610 442 654 priusquam
461 615 511 649 it,
535 615 586 651 qui
608 605 758 650 accusatur
770 630 781 646 ‚
803 603 969 648 praesentes
988 602 1097 636 habeat
1109 614 1154 635 ac-

268 660 416 706 cusatores
425 684 437 700 ,
464 661 611 700 locumque
633 655 806 698 defenfionis
819 660 947 697 accipiat
956 655 1000 691 ad
1011 654 1155 687 diluenda

267 717 408 746 crimina.
434 708 491 743 Ad
513 709 644 743 tertium
664 703 832 749 respondit
843 703 1012 749 Tryphon
1025 703 1155 739 Chiiin

267 760 445 797 insularum
457 758 633 794 Provincia
644 756 828 799 Episcopus
842 770 852 789 .·
878 756 1008 794 synodus
1025 753 1156 797 appella·

267 822 318 846 tur
330 837 340 852 ,
367 814 400 844 &⁶
419 813 599 843 conveniunt
613 805 776 850 Episcopi,
803 808 838 840 (5
863 806 1034 839 laborantes
1054 805 1158 846 aliqua

263 863 437 906 oppreffione
454 858 511 902 sua
526 861 602 900 jura
626 855 833 900 nanciscuntur
852 881 860 888 .
887 855 987 902 Qod
1009 853 1156 898 pluribus

266 910 478 948 confirmavit
504 907 683 944 Anatolius
709 930 720 947 ‚
755 907 820 941 sese
840 917 1024 949 expurgans
1049 903 1159 938 adver-

267 964 341 997 sum
364 962 462 1001 illos,
489 960 546 1003 qui
568 957 722 1002 Synodos
737 957 812 990 istas
822 954 1003 1000 arguebant
1028 953 1156 989 novita-

268 1013 328 1047 tis.
356 1009 713 1046 Earumaustoritatem
726 1006 803 1040 alibi
817 1006 956 1050 exposui
970 1030 977 1037 .
1000 1005 1157 1039 Poterant

269 1062 311 1097 de
334 1061 409 1095 solis
428 1059 469 1094 ad
480 1061 570 1093 suam
581 1056 733 1091 dioecesin
746 1055 960 1100 spectantibus
970 1053 1064 1089 rebus
1075 1053 1159 1099 judi-

269 1123 358 1147 care.
386 1110 497 1156 Qare
517 1109 644 1143 sextum
657 1106 832 1140 Nicaenum
849 1106 1023 1140 Canonern
1036 1130 1046 1146 ‚
1073 1115 1160 1148 pere·

254 1163 363 1208 »grina
385 1161 504 1203 judicia
531 1166 694 1193 vetantem
707 1167 857 1201 potuerat
871 1156 1009 1189 Photius
1021 1156 1158 1190 adduce-

268 1225 304 1247 re
332 1225 340 1246 :
378 1210 471 1259 Qid
492 1209 581 1243 enim
601 1206 772 1242 Thracicae
793 1206 930 1249 synodo
957 1216 1035 1239 cum
1054 1207 1156 1248 prima

270 1261 459 1302 Phaenicia,
485 1259 661 1294 Provincia
681 1258 857 1292 dioeceseos
875 1256 1083 1291 orientalis?
1111 1255 1158 1288 At

269 1312 460 1356 exceptioni
473 1308 694 1355 peremptoriae
706 1306 835 1343 obicem
851 1308 1001 1358 posuerat
1013 1305 1157 1340 Maximi

269 1361 464 1397 Patriarchae
473 1361 649 1396 consensus
661 1384 672 1392 .

321 1414 416 1446 Hinc
427 1422 577 1454 quartum
592 1411 768 1444 Nicaenum
780 1409 953 1444 Canonem
968 1430 978 1447 ‚
1004 1408 1062 1451 qui
1089 1406 1157 1440 uni·

270 1475 349 1499 curn
374 1464 407 1497 in
429 1462 542 1506 quavis
553 1460 731 1494 Provincia
746 1460 877 1493 mandat
888 1459 951 1493 effe
965 1457 1160 1500 Metropoli·

271 1523 337 1548 tarn
350 1539 360 1555 ‚
387 1514 422 1547 ὅ(
442 1512 483 1546 ab
503 1511 564 1545 illo
583 1509 832 1545 consecrariaut
845 1507 1160 1542 confirmariomnes

271 1562 495 1597 Provinciales
523 1561 704 1603 Episcopos
729 1583 740 1599 ,
776 1558 842 1602 legi
870 1557 1048 1600 postulavit
1073 1553 1160 1589 Pho-

270 1613 337 1647 tius
348 1637 359 1653 ,
386 1613 419 1646 &
431 1611 471 1645 ad
484 1610 703 1656 gloriosorum
713 1607 859 1651 judicum
871 1606 1158 1642 interlocutionem

271 1663 355 1709 legit
376 1662 509 1697 Atticus
529 1660 786 1703 Nicopolitanus
806 1658 987 1702 Episcopus
1002 1682 1013 1698 ‚
1036 1656 1160 1690 Metto-

271 1713 376 1758 polita
403 1711 519 1746 veteris
538 1710 649 1753 Epiri.
678 1707 837 1743 Photium
855 1705 1158 1751 Canoninligniter

271 1761 445 1807 adjuvabat
464 1775 472 1795 t
499 1760 676 1795 Praesertim
697 1758 786 1804 quod
815 1756 1015 1792 Phaeniciam
1037 1757 1181 1814 mariti-¹

272 1825 362 1851 mam
383 1814 417 1847 in
440 1811 520 1846 duas
541 1810 734 1844 Provincias
745 1808 899 1851 Princeps
913 1819 980 1842 non
993 1807 1159 1842 secuiffet.

272 1866 384 1912 Quare
409 1861 542 1907 gloriosi
570 1860 694 1903 judices
722 1859 791 1902 post
815 1859 924 1897 denuo
948 1858 1098 1892 auditum
1119 1855 1159 1890 de

271 1918 359 1949 avita
373 1915 433 1947 suae
445 1911 665 1954 metropoleos
678 1910 710 1942 in
724 1909 908 1952 judicandis
926 1908 959 1941 δε
970 1909 1161 1942 εοῃΐεεηιην

239 2005 245 2009 Ι
273 1964 325 1998 dis
348 1963 516 2009 Episcopis
538 1957 773 1995 consue-tudine
787 1958 948 1991 Photium
970 1959 1043 1991 sunt
1065 1958 1158 1991 inter-

273 2015 398 2050 locuti:
425 2012 535 2047 saneta
554 2011 682 2050 synodus
702 2010 778 2052 quid
794 2007 851 2050 fibi
871 2009 1011 2041 videatur
1036 2008 1138 2042 doceat
1150 2032 1160 2047 ‚

275 2067 375 2100 utrum
393 2065 511 2106 placeat
525 2063 623 2102 juxta
638 2063 772 2104 regulam
787 2056 956 2102 sanderum
966 2067 1160 2091 trecentorum

277 2118 375 2150 decem
397 2116 432 2148 (5
442 2113 501 2146 otilo
516 2115 644 2145 Patrum
653 2121 745 2143 unum
757 2109 972 2151 Metropolitam
982 2107 1162 2152 Episcopum

276 2167 348 2211 effe,
375 2170 426 2207 qui
449 2169 481 2197 in
503 2159 735 2195 ordinationibus
758 2159 970 2204 Episcoporum
988 2167 1021 2194 in
1031 2171 1161 2205 unaqua-

277 2228 333 2260 que
348 2219 516 2248 Provinciae
529 2217 653 2246 civitate
659 2210 833 2254 potestatem
851 2211 960 2247 habeat
973 2236 983 2252 ‚
1009 2223 1050 2244 an
1069 2213 1140 2244 duos
1153 2236 1162 2252 ,

277 2273 324 2300 ita
344 2274 377 2298 ut
397 2271 435 2298 iis
455 2266 542 2298 liceat
557 2261 723 2306 separation
736 2268 768 2295 in
779 2262 950 2295 civitatibus
962 2264 1162 2294 ordinationes

273 2317 406 2360 facere?
433 2315 474 2347 Et
498 2314 643 2347 universa
669 2312 822 2355 Synodus
843 2313 1012 2356 respondit
1033 2324 1040 2343 :
1068 2316 1163 2345 Unum

274 2370 372 2409 ‚ittarta
392 2366 508 2408 regulas
528 2362 697 2405 sandiorum
711 2366 838 2396 Parrum
849 2364 984 2396 volumus
995 2363 1046 2405 effe
1059 2365 1164 2395 Metro-

279 2418 423 2460 politum.
452 2417 586 2446 Petimus
610 2422 644 2445 ut
662 2413 771 2455 regulae
787 2411 959 2455 sanllorum
983 2416 1111 2445 Parrum
1123 2422 1163 2445 te·

280 2475 376 2500 mant
386 2491 394 2497 .
420 2464 552 2498 Atticus
564 2463 596 2495 N
601 2462 823 2505 icopolitanus
835 2462 1015 2505 Episcopus
1027 2460 1162 2495 addidit:

282 2520 488 2550 Trecentorum
504 2514 600 2546 decem
618 2514 652 2546 εἷς
667 2511 728 2544 οέἶο
742 2513 870 2544 Parrum
880 2513 982 2555 regula
992 2523 1084 2545 unum
1096 2513 1163 2544 vult

283 2568 503 2607 Metropolitum
516 2569 547 2595 tn
569 2572 745 2604 unaquaque
755 2563 921 2595 Provincia
933 2560 1110 2605 Episcopum
1126 2559 1163 2604 es-

279 2617 313 2660 s‘e
325 2641 335 2657 ‚
361 2614 604 2659 &supplicamus
619 2621 653 2645 ut
675 2617 766 2644 ettam
789 2623 867 2645 nunc
887 2618 987 2644 virtus
998 2612 1164 2655 regularum

283 2673 315 2700 in
326 2667 468 2700 omnia&
480 2670 512 2697 in
531 2674 629 2696 omnes
643 2665 819 2695 Provincias
841 2662 965 2702 valeat,
991 2660 1162 2705 cessantibus

281 2716 416 2750 omnibus
439 2719 640 2759 Pragmaticis
653 2737 663 2753 ,
690 2724 757 2756 qua
778 2724 816 2746 ex
828 2710 1041 2755 concursatione
1061 2713 1153 2745 &am

282 2768 390 2800 bitione
410 2766 490 2807 finnt
501 2790 510 2806 ,
534 2774 661 2806 quaeque
676 2772 817 2810 evertunt
827 2773 878 2801 ea,
893 2773 959 2804 quae
963 2760 1164 2805 spiritualiter

281 2819 316 2850 ζῆ·
333 2816 464 2860 secundis
475 2828 494 2846 n
520 2814 615 2848 Deum
635 2815 656 2845 ἃ
667 2812 782 2856 sanc‘lis
800 2813 940 2845 Patr-ibus
946 2810 1067 2854 sancita
1071 2809 1163 2854 suut.

282 2867 415 2910 Insigne
422 2866 569 2910 elogium
586 2886 596 2903 ‚
620 2874 687 2907 quo
701 2863 808 2907 Reges
819 2862 996 2895 doceantur
1010 2861 1164 2895 Ecclefia-

283 2916 371 2949 sticis
385 2916 523 2960 negotiis
536 2926 603 2948 non
614 2913 741 2948 misceri
755 2938 760 2943 .
790 2913 832 2945 Et
850 2910 929 2945 hinc
940 2912 1070 2956 gloriosi
1081 2910 1165 2953 judi-

284 2977 338 2999 ces
351 2967 422 2998 sunt
435 2966 549 2998 itersrm
563 2963 771 2998 interlocuti:
793 2963 902 3005 Juxta
923 2963 1041 3005 regulas
1060 2970 1183 3029 trecen-¹

285 3024 380 3052 torum
404 3016 498 3048 decem
516 3017 551 3048 (5
573 3015 632 3047 offilo
647 3012 817 3057 sanderum
839 3014 967 3045 Parrum
981 3036 991 3051 ‚
1016 3010 1166 3051 &justam

284 3065 465 3109 sententiam
486 3072 573 3098 totius
598 3065 705 3104 synodi
725 3087 736 3102 ,
765 3062 888 3095 Photius
912 3062 1070 3095 reverendi
1088 3071 1165 3094 imus

287 3114 450 3158 Episcopus
472 3117 617 3150 Tyriorum
636 3114 805 3155 metropolis
817 3123 931 3145 omnem
940 3110 1111 3154 potestatem
1121 3122 1166 3143 or-

289 3166 418 3202 dinandi
442 3170 476 3196 in
500 3163 640 3204 universis
669 3162 844 3197 civitatibus
866 3168 976 3204 primae
1009 3160 1165 3194 Pbaenices

291 3218 461 3252 Provinciae
482 3212 600 3246 habebit
612 3226 625 3253 ,-
653 3213 807 3252 Eustasius
830 3214 904 3245 veto
917 3209 1166 3251 reverendissimus

291 3263 455 3305 Episcopus
475 3262 492 3295 ἔ
511 3261 596 3305 sacro
619 3265 805 3305 pragmatico
816 3270 878 3303 typo
888 3262 968 3294 nihil
977 3262 1107 3303 amplius
1111 3260 1167 3302 fibi

292 3315 424 3346 vindicet
434 3338 443 3352 ,
469 3312 675 3355 quamreliqui
687 3310 823 3353 Episcopi
836 3311 964 3354 ejusdem
978 3315 1144 3346 Provincia·
1160 3335 1165 3341 .

293 3366 323 3395 :E
327 3372 338 3394 t
352 3373 391 3393 an
403 3361 449 3393 bis
459 3361 619 3405 consentiat
629 3387 639 3402 ,
651 3360 759 3404 sanc‘la
770 3363 896 3399 synodus
906 3364 1021 3395 edoceat
1033 3387 1040 3394 .
1056 3359 1169 3394 Theo-

291 3412 371 3445 dosii
392 3411 497 3454 legem
524 3410 646 3445 habent
666 3422 767 3445 ratam
788 3436 798 3451 ,
837 3412 989 3444 Anatolii
1013 3411 1170 3454 synodale

293 3462 458 3495 decretum
479 3461 637 3493 exusflant
664 3474 677 3502 ‚-
703 3461 736 3493 ὃ(
763 3462 872 3494 omnis
894 3461 1048 3503 Synodus
1070 3461 1170 3494 accla-

292 3512 395 3547 mavit
408 3524 419 3543 :
446 3514 504 3543 Hoc
515 3509 626 3551 justum
632 3512 798 3551 judicium!
827 3511 955 3549 Verba⁴
982 3513 1085 3559 ,Quam
1106 3512 1172 3545 reli--

1182 3546 1189 3620 l

1182 3621 1192 3660 l

954 164 1410 221 Appzn'nsx

1214 260 1264 296 qui
1287 252 1448 310 gpiscopi,
1474 255 1653 294 ostendunt
1675 257 1861 297 Eustatium
1884 262 2060 306 nequidem
2077 262 2098 297 ὲ

1214 304 1314 346 Tyrii
1336 303 1585 347 Metropolitica
1604 311 1761 351 potestate
1780 313 1874 347 fuisse
1884 324 2094 357 exemptum,

1215 353 1304 397 quod
1318 355 1502 389 nominales
1513 356 1698 396 Graecorum
1711 360 1930 406 Metropolitae
1940 387 1950 405 ,
1976 365 2009 397 <Sc
2027 364 2099 397 Pala

1215 404 1263 438 lio
1290 404 1435 449 insigniti
1463 405 1662 441 Latinorum
1689 408 1910 448 provinciales
1942 414 2097 459 Episcopi

1215 453 1413 499 quandoque
1424 467 1588 501 perperam
1599 457 1834 501 praetenderunt
1847 484 1856 493 .
2098 467 2100 469 ’

1265 504 1359 553 Qid
1373 505 1648 552 fitPragmaticus
1658 518 1755 553 typus
1768 533 1779 549 ,
1804 512 1941 553 exponit
1954 513 1990 547 in
2000 526 2100 559 opere

1215 553 1256 588 de
1276 554 1395 589 domus
1419 556 1574 602 Augussae
1594 559 1711 592 officiis
1733 559 1872 603 jacobus
1898 561 2097 598 Gutherius:

1218 607 1412 648 Pragmatica
1428 609 1511 647 juffio
1529 607 1580 651 seu
1596 607 1715 652 sanc‘lio
1736 621 1793 643 non
1805 612 1849 643 ad
1850 609 2025 654 singulorum
2033 622 2100 654 pre<
2122 627 2216 655 [ὡς.
2231 632 2275 653 r„

1216 666 1261 687 ces
1276 653 1368 698 super
1386 663 1524 697 privatis
1537 666 1660 703 negotiIs
1665 659 1841 701 profertur,
1862 659 1923 703 sed
1931 663 2050 695 tantum
2060 665 2104 696 ad
2229 646 2244 660 ³-

1211 716 1314 747 preces
1337 707 1462 748 alicujus
1482 715 1610 750 corporis
1632 735 1643 750 ,
1678 712 1787 754 collegii
1814 736 1825 752 ,
1851 716 1987 745 civitatis
2013 735 2023 750 ‚
2051 713 2106 746 vel

1219 758 1386 789 Provinciae
1413 783 1419 789 .
1460 760 1604 793 Breviter
1625 763 1827 804 Pragmaticae
1841 759 2008 804 fanc‘liones
2026 760 2103 805 sunt

1218 804 1374 848 Rescripta
1410 808 1580 852 diligentius
1606 833 1618 850 ‚
1652 810 1836 853 dfftfiusque
1861 811 1993 844 translata
2021 814 2106 854 apud

1220 858 1370 898 Principes
1391 863 1425 889 in
1441 857 1567 900 publicis
1589 865 1713 904 negotiis
1731 859 1869 904 cujusque
1891 861 2102 904 Univerfitatis

1218 908 1269 940 vel
1291 908 1485 949 Provinciae‚
1511 921 1579 951 quae
1602 916 1680 943 inter
1686 913 1840 956 generales
1849 913 1931 956 leges
1945 923 2104 947 numeran-

1218 966 1268 989 tur
1281 981 1289 989 .
1317 956 1410 991 Hinc
1423 957 1628 1004 Pragmatica
1639 961 1749 1004 paffim
1762 972 1799 994 ex
1812 960 2025 1005 concursatione
2035 989 2045 1004 ‚
2070 963 2105 996 &

1220 1006 1294 1041 licet
1318 1019 1388 1041 non
1410 1019 1452 1042 ex
1478 1009 1600 1051 privata
1620 1035 1631 1051 ,
1659 1021 1768 1045 tamen
1791 1011 1920 1054 publica
1943 1013 2105 1045 ambitione

1220 1057 1288 1091 fieri
1311 1056 1399 1091 dixit
1419 1059 1552 1093 Atticus
1577 1059 1876 1104 'Archi-Episcopus
1898 1062 2109 1106 Nicopolita-

1220 1118 1298 1140 nus.
1364 1110 1487 1142 uamvis
1513 1120 1581 1143 non
1609 1110 1676 1153 ipse
1703 1110 1867 1145 Eustatius
1890 1134 1901 1151 ‚
1925 1112 2011 1146 certe
2037 1112 2108 1156 ejus

1222 1157 1359 1201 populus
1373 1158 1537 1201 Berytenfi
1549 1160 1673 1194 civitati
1686 1161 1880 1204 supplicarat
1897 1159 1984 1196 han‘c
1997 1161 2108 1207 digni·¹

1221 1219 1343 1248 tatem,
1369 1208 1410 1242 ab
1438 1210 1511 1252 ipso
1536 1208 1622 1244 haud
1645 1210 1745 1244 dubie
1767 1211 1957 1256 instigatus.
1986 1212 2109 1255 Liquet

1223 1259 1300 1292 item
1310 1259 1394 1292 ratio
1407 1283 1418 1299 ‚
1444 1270 1501 1294 cur
1513 1258 1615 1294 hocce
1626 1260 1809 1295 Theodosii
1829 1262 2034 1304 Rescriptum
2048 1263 2109 1295 suo

1221 1309 1424 1353 generalium
1455 1310 1565 1354 legum
1597 1309 1704 1345 codici
1731 1311 1899 1346 inseruerit
1925 1311 2108 1357 Imperator

1223 1358 1441 1402 Justinianus.
2103 1374 2107 1378 ·

1270 1408 1428 1443 Restabat
1454 1409 1588 1455 quaess-io
1613 1411 1655 1446 de
1676 1412 1846 1456 Episcopis
1868 1424 1922 1456 per
1945 1411 2109 1447 Photium

1222 1458 1416 1494 consecratis
1429 1484 1439 1500 ,
1465 1461 1498 1495 &
1519 1472 1574 1503 per
1592 1461 1775 1496 Eustatium
1787 1464 1823 1497 in
1838 1462 2024 1507 Presbyteri
2037 1474 2111 1508 gra-

1222 1508 1302 1543 dum
1322 1509 1457 1562 rejeffls.
1486 1511 1620 1545 Etenim
1642 1512 1677 1545 in
1697 1513 1785 1556 supra
1795 1512 1889 1547 dictis
1898 1513 2111 1552 civitatibus,

1225 1561 1285 1593 suae
1304 1560 1553 1603 metropoliticae
1573 1561 1722 1604 potestati
1748 1562 1936 1603 subtractis,
1962 1574 2032 1597 non
2053 1562 2114 1598 de-

1223 1609 1272 1643 siit
1294 1610 1344 1643 uti
1368 1609 1585 1654 Metropolita
1606 1610 1788 1654 Episcopos
1813 1613 2000 1646 consecrare
2023 1611 2114 1646 Pho-

1224 1660 1308 1703 tius3
1336 1668 1369 1693 at
1390 1660 1479 1694 sacro
1504 1660 1713 1706 pragmatico
1735 1661 1770 1694 &
1794 1662 1944 1705 synodali
1968 1663 2113 1696 Decreto

1223 1710 1323 1744 fultus
1337 1709 1503 1744 Eustatius
1515 1735 1526 1753 ‚
1553 1710 1638 1754 ipsos
1651 1711 1684 1744 in
1697 1710 1907 1756 Presbyteros
1918 1713 2116 1757 regradavitc

1225 1762 1278 1794 De
1305 1759 1355 1795 his
1375 1771 1430 1804 per
1452 1760 1611 1804 gloriosos
1627 1760 1750 1804 judices
1761 1773 1875 1807 rogata
1887 1763 2039 1805 Synodus
2049 1763 2114 1797 res-

1226 1810 1364 1854 pondit:
1393 1808 1552 1852 Episcopos
1576 1822 1622 1844 eos
1645 1810 1790 1853 censemus
1812 1826 1822 1845 .·
1853 1816 1886 1856 J
1890 1811 1982 1851 ustum
2002 1812 2042 1852 est
2062 1822 2112 1844 eos

1223 1867 1347 1909 recipere
1371 1858 1581 1903 Episcopatum
1595 1861 1630 1894 ὁ·
1652 1866 1827 1901 civitatem,
1855 1873 2011 1904 tamquam
2033 1863 2112 1895 ordi·

1226 1910 1311 1944 natos
1324 1912 1344 1942 ᾶ
1355 1912 1544 1952 Metropolim
1557 1934 1564 1942 .
1591 1911 1748 1943 Ordinatio
1759 1914 1865 1943 Patris
1881 1911 1979 1944 Photis
1992 1920 2112 1944 teneat.

1225 1961 1328 2008 Qod
1349 1958 1507 2004 judicium
1531 1969 1640 1994 ratum
1652 1961 1714 1994 effe
1732 1961 1909 2003 postulanti
1920 1961 2112 1996 Sebastiano

1223 2009 1475 2046 Berrhaeenfiurn
1498 2010 1536 2044 iu
1556 2008 1704 2044 Thracia
1727 2010 1892 2054 Episcopo
1902 2008 2114 2046 reddiderunt:

1226 2061 1346 2096 laudati
1360 2060 1485 2104 judices
1500 2086 1508 2093 .
1534 2064 1578 2095 De
1592 2059 1641 2093 bis
1648 2060 1785 2103 finaliter
1797 2061 1951 2094 decernere
1966 2072 2000 2094 ac
2011 2059 2119 2102 defini-

1224 2124 1255 2147 re
1271 2137 1280 2153 ,
1304 2110 1417 2157 samffae
1430 2111 1467 2151 est
1477 2114 1496 2145 5
1493 2095 1599 2151 ynodik.
1628 2111 1762 2154 Exque
1773 2110 1858 2146 lucet
1869 2108 1955 2144 hisce
1969 2113 2003 2145 in
2015 2122 2116 2156 gene.-

1226 2164 1283 2198 rali
1306 2161 1443 2207 synodo
1462 2160 1624 2205 judicibus
1637 2158 1719 2195 nihil
1732 2162 1766 2196 in
1789 2160 2027 2196 Ecclefiasticas
2038 2172 2115 2194 cau-

1225 2217 1271 2249 sas
1292 2214 1386 2247 fliiffe
1410 2212 1595 2257 potestatis.
1624 2212 1668 2246 Et
1685 2209 1764 2246 hinc
1784 2212 1894 2245 datam
1919 2212 2114 2247 sententiam

1225 2275 1300 2299 cum
1322 2261 1711 2307 Episcopis·anatibus
1733 2262 1970 2296 confirmarunt
1995 2261 2114 2305 Legati

1227 2314 1411 2359 Apostolici
1438 2338 1449 2354 ‚
1477 2312 1634 2347 addentes
1661 2310 1881 2355 :Episcopum
1916 2317 1949 2345 in
1986 2312 2115 2355 gradum

1228 2364 1391 2404 Presbyteri
1404 2364 1537 2407 redigere
1553 2387 1564 2403 ‚
1583 2361 1809 2405 sacrilegumest
1821 2386 1828 2393 .
1854 2364 1887 2394 51
1899 2364 1970 2396 vero
1981 2363 2013 2394 (Ξ)
2025 2357 2114 2403 causa

1226 2416 1368 2458 quaedam
1377 2413 1460 2454 justa
1471 2414 1535 2445 illos
1553 2412 1592 2444 ab
1604 2411 1671 2444 ac‘lu
1685 2409 1883 2453 Episcopatus
1895 2419 2014 2444 amovet
2026 2436 2037 2452 ‚
2061 2421 2114 2444 nec

1227 2464 1388 2503 Presbyteri
1411 2465 1502 2496 locum
1522 2467 1648 2495 retinere
1661 2460 1768 2493 debent
1782 2485 1789 2492 .
1817 2464 1836 2493 5
1838 2466 1848 2492 i
1860 2470 1961 2494 autem
1968 2466 2047 2495 citra
2059 2462 2116 2493 ali-

1225 2516 1306 2558 quod
1320 2519 1430 2546 crimen
1455 2516 1546 2544 amoti
1563 2509 1636 2554 sunt
1658 2512 1828 2553 dignitate,
1854 2511 1898 2542 ad
1907 2509 2115 2553 Episcopalem

1227 2566 1405 2608 dignitatem
1422 2569 1614 2595 revertantur
1628 2586 1635 2592 .
1662 2559 1792 2605 Regula
1815 2559 1882 2594 haec
1903 2560 1948 2594 est
1971 2559 2118 2603 superins*

1226 2613 1417 2657 explanata.
1447 2611 1665 2658 Qiaeomnia
1686 2609 1721 2642 &
1744 2610 1876 2655 gloriofi
1904 2609 2027 2653 judices
2047 2621 2115 2644 amu

1228 2662 1364 2709 pliffime
1375 2662 1611 2696 confirmarunt
1625 2687 1632 2695 .
1974 2673 1976 2676 v

1278 2714 1321 2747 Et
1345 2712 1377 2746 hi
1385 2724 1423 2746 nc
1434 2711 1473 2746 ad
1486 2712 1572 2755 ipsos
1583 2710 1722 2754 perrexit
1735 2711 1913 2754 Cecropius
1924 2709 2116 2754 Sebastopo-

1228 2765 1347 2798 litanus
1369 2763 1403 2796 in
1432 2762 1534 2806 prima
1558 2761 1715 2795 Armenia
1734 2760 1934 2804 Episcopus:
1962 2765 2015 2794 Ne
2026 2764 2113 2793 Pote-

1220 2814 1285 2855 stas
1307 2813 1403 2854 vestra
1423 2810 1636 2854 accusationem
1646 2812 1680 2844 o·
1689 2816 1887 2853 querimonias
1900 2812 1920 2843 ἃ
1930 2822 2117 2853 quacumque·

1223 2863 1352 2907 persona
1379 2868 1524 2904 accipiat,
1550 2863 1584 2894 (a
1597 2861 1751 2905 fatigetur
1772 2885 1783 2901 ,
1810 2862 1887 2894 neve
1909 2872 1961 2893 nos
1982 2869 2119 2901 conteras

1227 2926 1294 2948 mur
1321 2939 1332 2955 ‚
1363 2919 1494 2955 petimus
1517 2920 1549 2945 ut
1564 2910 1626 2954 fine
1647 2910 1874 2944 contradiffione
1893 2911 1992 2954 cessent
2014 2916 2118 2943 omnia
2152 2936 2159 2941 s

1228 2968 1440 3007 Pragmatica‚
1466 2973 1533 3003 quae
1554 2966 1586 2994 in
1609 2963 1816 2994 detrimentum
1828 2966 1986 2994 Canonum
2006 2963 2026 2994 ᾶ
2048 2964 2124 3002 quiq

1226 3013 1350 3056 busdam
1362 3011 1456 3054 faela
1472 3010 1568 3054 sunt,
1595 3017 1627 3043 in
1651 3016 1728 3043 omni
1749 3015 1914 3044 Provincia
1934 3022 1944 3052 3
1971 3014 2116 3044 Canonet

1224 3073 1324 3097 autem
1344 3071 1400 3104 per
1419 3067 1519 3094 omnia
1542 3070 1663 3095 teneant
1675 3086 1682 3093 .
1708 3063 1756 3094 Sic
1776 3061 1900 3094 enim&
1907 3060 1987 3102 fides
1994 3058 2116 3099 custod}-

1224 3124 1273 3148 tur
1285 3138 1296 3154 ‚
1321 3114 1356 3147 o·
1377 3122 1563 3153 unaquaeque
1587 3109 1717 3153 Ecclesia
1737 3119 1834 3144 tutum
1849 3110 1961 3151 statum
1972 3107 2117 3142 babebit..

1229 3168 1266 3196 Ac
1288 3174 1323 3196 ne
1341 3162 1429 3195 liceat
1450 3162 1564 3203 aliquos
1578 3169 1694 3203 praeter
1706 3165 1843 3194 Canones
1855 3161 1993 3195 ordinare
2004 3181 2011 3190 .
2039 3154 2109 3190 Uti

1230 3213 1374 3257 Tyriam
1387 3211 1552 3248 Eustatius
1563 3235 1574 3251 ,
1601 3212 1645 3245 ita
1657 3210 1734 3245 alias
1746 3209 1950 3261 Metropoles
1961 3217 2015 3250 per
2024 3206 2111 3241 sacra

1228 3262 1432 3308 pragmatica
1453 3261 1642 3295 mutilarant
1666 3261 1722 3294 alii
1742 3259 1822 3294 hinc
1843 3258 1920 3292 iudo
1931 3254 2084 3298 Episcopi
2098 3280 2106 3289 .

1230 3311 1444 3357 Cappadociae
1464 3311 1695 3345 Caesareensem
1722 3306 1931 3352 Thyanenfis
1951 3328 1962 3345 ‚
1989 3303 2112 3338 Antio-

1229 3363 1369 3398 chenam
1391 3361 1719 3403 Hierosolymitanus
1736 3360 1770 3392 Sc
1800 3355 2000 3399 Cypriorum
2013 3354 2112 3388 ›Con-

1229 3412 1409 3447 stantienfis
1418 3436 1430 3452 ,
1456 3423 1494 3445 ac
1504 3418 1568 3444 tres
1579 3407 1804 3451 autocephalas
1814 3403 2015 3439 Primatiales
2033 3404 2112 3447 Epi-.

1229 3466 1342 3507 scopus
1368 3459 1775 3502 Constantinopolitanus.
1802 3455 1914 3490 Hascev
1937 3454 2113 3490 violentias

1228 3513 1392 3549 eliminari
1406 3511 1446 3552 ,ὃς
1465 3509 1583 3553 corrigi
1594 3517 1688 3551 rogat
1702 3505 1904 3548 Cecropius,
1932 3504 2118 3546 servarique,

1556 3555 1559 3558 ”
1646 3554 1651 3556 s
1980 3554 2063 3591 clau-
