2340 3736
726 91 814 143 An
847 85 1198 133 Epnesmum
1232 79 1693 133 LArnoctmum.

274 167 355 216 dum
375 166 529 229 Synodus
538 175 814 213 Chalcedonensis
825 191 837 210 .·
861 178 906 208 Et
927 174 990 210 baec
1006 173 1161 218 universa·
1174 178 1181 192 ’

254 231 313 277 ⁴{lis
332 230 458 269 synodus
475 228 515 271 fic
534 227 639 272 sapit.
666 228 803 262 Etenim
827 238 894 261 non
916 225 958 260 de
968 225 1098 260 seductae
1109 235 1163 259 ex-

272 276 499 318 clamationi„
525 278 578 313 sed
589 277 630 312 de
642 276 794 320 Episcopi
810 275 944 311 Eusebii
967 277 1058 311 sensu
1072 300 1083 316 ,
1109 286 1162 319 pa·

277 328 344 364 lam
354 325 546 364 orthodoxo
558 350 569 368 ,
595 327 722 362 locutus
734 327 796 362 fuit
809 323 975 371 Julianus.

324 378 363 413 Iu
378 376 515 421 synodo
527 379 580 413 sua
593 371 724 412 Sanctus
735 377 913 428 Flavianps
927 375 993 421 legi
1006 376 1092 409 inter
1103 387 1158 408 cae-

272 436 340 464 tera
350 428 482 471 jusserat
494 428 600 463 Sancti
613 428 733 472 Cyrilli
745 428 786 461 ad
799 427 960 470 Ioannem
971 424 1162 459 Antiochiae

257 476 499 566 fatriarcham
521 480 554 513 δε
575 479 645 522 ejus
655 477 828 521 synodum
839 474 984 516 litteras,
1010 477 1162 510 Orienta-

289 527 314 562 is
335 529 370 563 &
389 528 601 573 AEgyptiacae
610 528 784 563 dioeceseos
793 524 1051 570 pacificatorias‚
1081 524 1161 558 duas

273 579 311 612 iu
333 577 467 613 Christo
488 579 640 612 Domino
659 578 771 621 plenas
791 588 829 609 ac
841 577 994 619 perfectas
1007 586 1138 609 naturas
1152 598 1162 614 ‚

273 625 479 674 ipsarumque
501 630 598 663 causa
618 625 758 662 eundem
770 626 957 659 Dominum
969 626 1002 659 &
1015 626 1090 659 Deo
1103 625 1161 659 Pa-

274 679 359 713 tri&
372 677 503 713 homini
515 678 608 711 matri
622 675 750 720 integre
761 675 1069 709 consubstantialem
1089 687 1159 718 pro·

274 729 407 763 fitentes
426 754 434 762 .
472 726 578 762 Nullo
598 724 789 761 testimonio
810 725 979 768 Eutyches
1001 726 1162 759 efficacius

276 777 507 814 confutabatur
520 802 527 809 .
554 776 648 810 Hinc
669 776 711 810 ad
730 776 825 809 lestas
836 776 869 808 in
883 777 1023 819 praesenti
1035 776 1162 810 latroci-

276 829 339 866 nio
359 827 485 862 easdem
507 826 631 860 litteras
642 826 858 860 interlocutus
867 826 912 860 est
929 825 1092 859 Eustatius
1106 826 1163 859 Be·

277 878 411 921 rytensis
429 876 635 920 Episcopus,
660 877 748 920 ajens
771 876 880 910 Sanffi
906 874 1026 919 Cyrilli
1038 876 1162 918 Scripta

276 927 372 963 fuisse
390 929 408 961 a
430 927 527 961 variis
549 927 634 961 male
653 925 997 960 intellecta&detorta
1009 925 1042 958 in
1058 926 1164 959 sensus

275 987 414 1021 pravos,
439 978 534 1010 illum
556 977 597 1011 ad
617 977 732 1011 eadem
744 976 914 1010 adversum
925 971 1166 1009 calumniasin-

274 1027 479 1071 terpretanda
499 1027 725 1071 compulsum,
751 1027 784 1060 δε
808 1025 916 1060 feciffe
939 1026 1025 1060 istud
1043 1026 1164 1069 praeser·

274 1077 338 1112 tim
362 1078 398 1111 in
416 1076 533 1112 litteris
554 1077 595 1111 ad
617 1077 778 1111 Acacium
789 1076 1039 1110 Melitinenscm
1063 1100 1075 1115 ‚
1101 1075 1164 1109 Va·

275 1126 435 1162 lerianum
457 1127 662 1162 Iconiensem
680 1151 691 1167 ,
716 1138 754 1160 ac
776 1127 959 1161 Succeffum
983 1125 1164 1160 Dio-Caesa-

273 1179 418 1214 recusem
439 1178 476 1212 in
501 1178 621 1212 Isauria
644 1178 866 1221 Episcopum,
893 1176 950 1210 ubi
964 1174 1077 1210 diserte
1099 1174 1164 1209 hoec

274 1228 376 1264 habet
400 1228 514 1261 verba:
542 1231 615 1261 Non
626 1236 738 1269 oportet
754 1228 831 1259 auus
842 1227 1004 1269 intelligere
1015 1235 1141 1258 naturas
1155 1250 1164 1265 ,

270 1277 430 1324 sedunam
453 1286 596 1310 naturam
608 1281 665 1310 Dei
676 1277 764 1310 Verbi
775 1283 964 1309 incarnatam
977 1300 985 1306 .
1008 1276 1102 1322 Qin
1130 1275 1163 1308 δε

276 1327 362 1362 istud
386 1327 495 1361 Sancti
515 1325 688 1360 Athanafii
719 1326 910 1360 testimonio
933 1325 1138 1370 confirmavit
1156 1351 1163 1358 .

277 1379 390 1412 Hasce
412 1376 573 1420 Epistolas
595 1377 652 1410 uni
672 1374 712 1409 ad
734 1375 895 1418 Joannem
912 1373 1163 1409 Antiochenum

261 1422 455 1472 'Epistolae,
481 1437 595 1473 utpote
616 1426 853 1470 posteriores&
873 1426 989 1459 acri-ori
1009 1424 1164 1470 indagine

276 1478 410 1522 scriptas
421 1500 433 1517 ,
456 1477 664 1520 praeferendas
675 1476 801 1510 censuit
813 1476 979 1509 Eustatius
997 1499 1006 1514 ‚
1024 1474 1165 1518 ideoque

276 1527 448 1571 Eutyches
459 1526 499 1560 ad
512 1528 592 1561 duas
614 1528 647 1560 in
660 1526 813 1560 Domino
826 1535 955 1559 naturas
967 1527 1162 1569 profitendas

278 1579 374 1614 fuisse
388 1578 497 1621 inique
508 1577 526 1610 a
536 1578 655 1611 Saniio
668 1576 828 1610 Flaviano
839 1575 1053 1620 compulsum.
1063 1575 1167 1622 Qud

280 1630 376 1663 suum
399 1627 531 1662 devium
550 1626 710 1668 iudicium
730 1625 903 1660 defendere
918 1626 1164 1668 perrexitetiam

280 1680 318 1714 in
343 1677 481 1721 Synodo
504 1675 765 1712 Chalcedonenfi
780 1701 788 1709 .
816 1676 951 1709 Etenim
972 1675 1090 1709 librum
1114 1687 1166 1721 ge-

280 1724 390 1769 stans,
415 1738 452 1761 ac
476 1728 509 1760 in
530 1727 676 1761 medium
689 1725 843 1760 transiens
858 1725 964 1759 dixit:
992 1729 1024 1758 51'
1034 1727 1168 1759 maledi·

281 1784 318 1811 oti
330 1802 341 1818 ‚
366 1788 426 1810 ecce
446 1778 556 1817 codex,
585 1776 674 1810 Liber
686 1778 789 1815 cyrilli
807 1774 1082 1808 anathematizetur
1102 1802 1112 1817 ,
1133 1779 1168 1811 er

277 1826 520 1861 anathematizet
532 1850 540 1858 .
569 1826 706 1868 Epistola
719 1825 838 1869 sanc‘lae
857 1832 1004 1858 memoriae
1023 1827 1126 1864 cyrilli
1129 1826 1169 1868 fic

278 1877 371 1912 babet
381 1903 388 1910 .
416 1877 611 1911 Memoriter
621 1877 770 1910 recitavit
785 1886 933 1909 tenorem
946 1874 1101 1918 Epistolae
1112 1877 1167 1910 ha·

277 1928 390 1964 bentis
405 1926 499 1961 verba
511 1926 573 1969 jam
586 1925 721 1960 adducta
735 1951 746 1966 ‚
774 1926 808 1959 ἃ.
822 1927 958 1968 perrexit
973 1939 984 1958 .·
1011 1927 1076 1968 ,Qut
1096 1928 1168 1960 dicit

278 1989 372 2014 unam
383 1986 524 2010 naturam
536 1978 580 2008 ad
588 1983 769 2020 negationem
782 1982 881 2008 carnls
894 1974 1005 2015 Christi
1018 2000 1027 2015 ‚
1054 1988 1121 2018 quae
1134 1980 1168 2011 6·

280 2026 531 2071 consubstantialis
543 2026 580 2065 est
593 2026 676 2058 nobts
689 2049 699 2064 ,
724 2025 884 2058 anathema
889 2024 929 2066 fit
943 2038 952 2067 3
978 2026 1011 2058 (θ’
1029 2034 1082 2068 qui
1096 2029 1169 2060 dicit

281 2079 362 2111 duas
374 2085 497 2107 naturas
510 2077 552 2107 ad
561 2075 729 2116 divifionem
741 2077 815 2108 Filii
827 2079 884 2108 Dei
896 2098 906 2113 ,
931 2075 1092 2109 anathema
1108 2075 1148 2118 fit
1160 2103 1170 2111 .

280 2126 445 2162 Profestos
458 2125 502 2159 est
513 2126 627 2159 eadem
638 2125 668 2159 se
681 2125 798 2159 sentite
810 2149 821 2164 ‚
846 2137 884 2158 ac
894 2125 1017 2168 semper
1031 2126 1170 2168 sentisse,

279 2188 354 2221 quae
366 2177 500 2210 sanstus
511 2175 686 2209 Flavianus
700 2200 707 2208 .
736 2175 778 2208 Et
791 2173 876 2208 certe
888 2173 955 2208 hvaec
969 2175 1149 2218 propositio
1160 2202 1169 2218 ,

278 2226 416 2267 Christus
431 2229 575 2259 Dominus
586 2225 623 2265 est
635 2237 697 2258 una
710 2235 820 2258 natura
832 2228 888 2258 Dei
899 2225 989 2259 Verbi
1003 2232 1172 2266 incarnata,

279 2276 361 2312 licet
371 2277 537 2320 aequivoca
557 2287 654 2319 atque
666 2274 821 2310 versatilis
833 2277 889 2315 sit,
915 2275 949 2308 &
972 2287 1026 2319 per
1041 2277 1172 2321 Apolli-

279 2327 418 2363 naristas
439 2337 539 2369 atque
558 2324 824 2369 Eutychianistas
842 2323 967 2360 detorta
990 2325 1025 2359 in
1038 2338 1171 2370 pravum

279 2378 433 2416 sensum,
458 2373 558 2409 habet
578 2376 612 2409 &
634 2376 761 2410 sensum
786 2377 931 2415 rectum,
957 2377 1172 2420 germaneor·

277 2427 448 2463 thodoxa.
478 2426 560 2459 Non
583 2425 671 2469 quod
698 2425 795 2468 ipsam
812 2426 992 2465 asseruerit,
1018 2426 1072 2461 sed
1082 2427 1171 2471 quod

278 2477 388 2515 hanc,
413 2475 549 2516 chrissus
576 2478 718 2508 Dominus
740 2475 832 2508 habet
851 2477 930 2508 duas
941 2484 1087 2516 naturas,
1115 2489 1171 2512 ne-

276 2528 366 2574 garit
375 2549 386 2565 ,
413 2525 552 2569 deliquit
563 2525 745 2569 graviffime
760 2525 924 2559 Eustatius
935 2526 1116 2570 Berytensis
1127 2553 1136 2560 ,

329 2576 435 2613 San-sti
448 2574 568 2618 Cyrilli
578 2598 589 2614 ,
617 2572 753 2608 duarum
765 2574 799 2608 in
814 2573 967 2610 Domino
981 2588 1168 2612 naturarum

276 2625 532 2671 praedicatrices,
560 2623 709 2658 adversus
731 2623 923 2659 Nestorium
948 2626 1073 2660 litteras
1094 2653 1104 2668 ,
1133 2628 1166 2662 in

278 2676 387 2711 saneti
412 2674 562 2708 Flaviani
584 2674 722 2717 Synodo
746 2673 840 2708 lectas
854 2699 863 2715 ,
889 2674 1023 2718 quisque
1036 2679 1169 2720 praesens

278 2727 464 2770 Episcopus
474 2724 523 2758 sui
543 2724 811 2768 suffragiielogio
830 2725 1060 2759 confirmarat.
1087 2727 1168 2761 Basi-

278 2777 344 2811 lius
370 2773 588 2818 Metropolita
618 2774 829 2808 seleuciensis
851 2787 858 2806 :
890 2775 1056 2809 Adoramus
1075 2788 1168 2811 unum

279 2830 441 2860 Dominum
452 2823 569 2870 Jesum
590 2823 741 2866 Christum
760 2831 795 2857 in
817 2824 937 2858 duabus
956 2831 1071 2859 naturis
1083 2840 1168 2871 agno-

275 2875 419 2921 scendum
430 2900 437 2906 .
465 2875 519 2908 De
529 2886 596 2918 quo
608 2875 667 2908 suo
678 2875 834 2920 suffragio
847 2875 933 2909 dixit
953 2874 1039 2909 idem
1053 2878 1116 2920 ipse
1127 2878 1167 2912 ad

279 2925 458 2970 synodum*
476 2922 780 2959 chalcedonensem
800 2939 812 2959 .-
846 2927 927 2958 Diam
947 2930 982 2959 in
1004 2926 1167 2969 Ephefino

277 2976 457 3010 latrocinio
481 2976 646 3019 legerentur
668 2974 778 3015 Gesta,
806 2986 873 3018 quae
892 2981 925 3008 in
935 2976 1167 3015 Eutychenaet‘la

274 3025 349 3070 sunt
360 3050 373 3065 ,
397 3037 461 3058 mea
473 3026 653 3058 interlocutio
663 3025 737 3058 lella
750 3024 790 3066 est
801 3048 812 3064 ,
838 3027 873 3059 ὀ·
883 3031 916 3058 in
928 3028 1166 3068 mediovprolatffi

279 3086 373 3120 quam
383 3074 444 3116 fect
461 3073 586 3117 sequens
610 3077 738 3116 Patres,
767 3081 818 3117 qui
836 3081 873 3108 in
889 3075 1008 3118 prefh
1018 3079 1163 3118 primitus

278 3134 499 3165 convenerunt,
525 3125 659 3158 laudans
681 3125 845 3166 Epistolam
866 3126 1016 3166 beatiffimt
1039 3129 1162 3167 cyrilli,

1942 100 2035 148 235

1220 171 1431 208 DUABUS
1454 173 1679 208 NATURIS
1709 173 1986 212 CoGNlTUM
2011 202 2020 211 .
2058 178 2105 213 Ee

1221 223 1304 257 infra
1316 250 1323 256 .
1350 224 1444 268 ,Quod
1452 223 1585 255 dicebam
1598 249 1608 265 ‚
1634 229 1671 257 In
1685 224 1801 258 duabus
1812 231 1930 259 naturis
1940 226 2104 271 cognoscen-

1222 275 1292 306 dum
1311 275 1374 316 post
1396 274 1625 313 adunationem,
1652 276 1769 308 Deitate
1777 275 2105 317 perfet‘t'a&humani-

1221 331 1283 357 tate
1290 323 1447 367 perf'ec‘la.
1472 327 1615 365 Namque
1628 334 1718 356 unam
1728 324 1858 359 babebat
1867 336 1906 359 ex
1928 329 2020 360 Patre
2030 335 2103 361 ante

1217 372 1329 417 saecula
1340 399 1353 416 ‚
1378 376 1508 408 alteram
1531 385 1569 407 ex
1594 382 1690 405 matre
1703 372 1864 415 secundum
1883 386 2003 408 carnem
2013 375 2104 419 sufii-

1217 430 1326 466 piens,
1351 426 1431 458 idem
1450 422 1512 467 ipse
1533 428 1611 457 uniit
1626 420 1681 463 fibi
1697 421 2104 469 fecundumsubfistentiam‚

1221 476 1256 508 δ’
1279 476 1378 508 Filius
1399 478 1457 508 Dei
1475 483 1599 507 vocatus
1610 471 1646 512 est
1659 474 1756 505 Filius
1767 472 1910 508 hominis.
1938 483 2005 512 Hac
2026 475 2105 510 lec‘lae

1222 527 1458 565 interlocutione,
1485 535 1562 557 unm
1582 524 1706 565 quidam
1723 521 1890 566 nescioquis
1902 549 1912 564 ‚
1936 532 2044 559 etenim
2055 537 2105 559 ca·

1222 576 1280 619 ligo
1290 574 1445 618 causarum
1456 576 1490 609 &
1502 583 1616 607 aentmae
1626 575 1734 606 oculum
1743 573 1940 614 confundebat
1963 577 1997 609 (τ
2008 584 2106 618 corpo-

1222 631 1289 665 ris,
1312 628 1440 668 projecit
1454 622 1586 667 seipsum
1608 629 1640 655 in
1663 624 1812 663 medium,
1838 625 1873 657 (π
1895 625 1989 657 dicere
1998 632 2105 668 coepit,

1225 675 1311 718 ,Quia
1323 676 1386 708 haec
1402 687 1463 708 vox
1474 673 1632 716 Ecclesiam
1644 672 1837 707 conturbavit
1846 699 1853 706 .
1884 672 2017 716 Utique
2026 686 2107 716 vox,

1224 723 1511 759 SECUNDUM
1534 723 1843 758 HYPOSTASIN
1866 747 1873 755 .
1910 725 1957 756 Et
1973 722 2109 766 surrexe·-

1225 784 1296 808 rum
1312 774 1493 816 postmodam
1516 786 1613 807 omner
1626 777 1786 817 AEgyptiu
1812 773 2056 815 &monachiqui
2066 772 2110 816 Je-

1226 825 1391 867 quebantur
1421 823 1629 867 Barsitmam‚
1655 826 1689 857 ἐν
1709 830 1802 856 omnis
1825 823 1933 864 turba,
1962 825 1997 857 (θ
2021 831 2111 865 coepe-

1225 885 1298 908 runt
1309 877 1425 909 dicere:
1452 879 1556 914 Eum,
1583 880 1636 917 qui
1647 875 1720 907 dicit
1730 875 1806 906 duas
1817 883 1967 914 naturas,
1995 879 2028 906 in
2053 875 2111 907 duo

1225 926 1363 959 incidite.
1392 927 1457 968 ‚Qui
1480 926 1555 958 dicit
1575 926 1653 958 duas
1664 935 1815 965 naturas,
1844 922 2042 963 Nestorianus
2053 922 2109 963 est.

1226 975 1336 1009 Voces
1358 1000 1369 1016 ,
1396 980 1470 1008 Unio
1484 973 1646 1018 seeundum
1667 974 1822 1017 hypostafin
1844 998 1854 1015 ‚
1880 973 1921 1008 ad
1943 973 2114 1008 Nestoria-

1228 1037 1302 1058 nam
1325 1025 1518 1059 Dominicae
1537 1025 1776 1059 Incamationis
1798 1022 1993 1058 divisionem
2017 1023 2113 1067 pleni

1227 1075 1467 1109 excludendam
1500 1077 1666 1109 invenerat
1685 1075 1819 1109 sanetus
1840 1074 1989 1117 Cyrillus
2015 1087 2023 1106 :
2063 1073 2114 1109 Ea

1229 1137 1296 1159 non
1311 1127 1463 1159 contenti
1477 1123 1678 1168 Eutychiani
1692 1126 1864 1159 voluerunt
1877 1123 2013 1168 adjungi
2025 1122 2114 1158 hauc

1228 1179 1293 1207 Una
1313 1177 1368 1208 Dei
1392 1175 1481 1208 Verbi
1502 1184 1633 1208 natura.
1663 1175 1770 1211 Unde
1790 1176 1825 1208 &
1847 1173 1996 1208 adverstts
2018 1174 2114 1208 istam

1229 1225 1638 1259 Bafiliiinterlocutionem
1652 1226 1782 1259 fuerunt
1801 1225 1901 1259 etiam
1922 1225 1958 1258 in
1980 1223 2117 1259 Chalce-

1228 1275 1362 1308 donenfi
1375 1276 1514 1318 Synodo
1525 1275 1687 1309 durissime
1698 1275 1860 1309 altercati.

1278 1325 1413 1359 Sanctus
1433 1325 1587 1359 Seleucus
1607 1325 1824 1367 Metropolita
1847 1325 2030 1359 Amasenus
2049 1325 2116 1359 fue-

1230 1384 1277 1408 rat
1290 1376 1583 1418 Constantinopoli
1600 1375 1647 1408 ita
1659 1375 1892 1409 interlocutus:
1911 1376 2068 1408 Credimus
2082 1377 2117 1408 Θ

1228 1436 1281 1458 nos
1304 1438 1395 1460 unum
1418 1428 1577 1458 Dominum
1590 1423 1704 1469 Jesum
1728 1424 1877 1464 Christum
1894 1431 1926 1457 in
1936 1425 2052 1457 duabus
2065 1436 2119 1458 na·

1230 1482 1305 1508 turis
1313 1476 1376 1518 post
1389 1481 1630 1509 Imarnationem
1637 1477 1803 1517 praedicari
1813 1500 1820 1507 .
1848 1475 1903 1508 Ad
1916 1487 1984 1519 quae
1997 1475 2054 1509 fibi
2075 1474 2120 1508 le-

1229 1528 1277 1559 ἂι
1301 1526 1514 1559 vociferatum
1537 1526 1582 1559 est
1615 1525 1845 1559 latrocinium.
1874 1530 1971 1558 Nemo
1992 1527 2050 1559 duo
2073 1526 2119 1557 dt-

1229 1582 1268 1609 cit
1288 1581 1448 1609 Dominum
1468 1575 1531 1618 post
1561 1581 1719 1608 unitionem
1738 1602 1746 1609 .
1786 1580 1858 1608 Non
1879 1587 1946 1609 erat
1973 1572 2120 1618 Amasaeae

1230 1626 1416 1671 Episcopus,
1442 1637 1501 1658 non
1511 1634 1575 1658 erat
1598 1624 1762 1669 Amasaeae3
1787 1628 1905 1667 Sinopis
1916 1625 1954 1666 est
1980 1650 1986 1656 .
2015 1625 2122 1668 Expo-

1232 1679 1279 1711 nit
1304 1677 1417 1711 Svidas
1439 1676 1602 1710 scurrilem
1623 1676 1835 1709 sarcasmum:
1862 1679 1967 1717 sinope
1992 1675 2063 1708 urbs
2086 1677 2122 1709 Θ

1227 1733 1393 1766 meretrix,
1420 1738 1486 1769 quae
1510 1728 1614 1760 vetula
1628 1725 1716 1768 faci'a
1738 1751 1748 1765 ,
1777 1726 1892 1764 Abydus
1914 1751 1924 1767 ‚
1952 1726 2032 1766 quod
2050 1723 2122 1767 fitn-

1229 1779 1266 1810 do
1293 1787 1405 1811 careret
1425 1802 1436 1818 ‚
1462 1782 1585 1820 opinor,
1613 1777 1694 1809 dic‘la
1716 1776 1773 1816 est.
1800 1777 1886 1809 Unde
1904 1800 1914 1815 ‚
1942 1784 2122 1818 Σινοτιςςκι,

1229 1834 1357 1870 turpiter
1377 1828 1497 1870 facere,
1527 1829 1546 1858 ἃ
1571 1827 1697 1860 moribus
1720 1827 1801 1859 illius
1813 1828 2004 1860 mulierculae.
2038 1827 2122 1861 Erat

1230 1879 1354 1912 famosa
1365 1877 1602 1923 AEginenfium
1614 1877 1763 1911 meretrix
1776 1901 1786 1915 ,
1815 1887 1894 1910 nota
1919 1877 2020 1911 etiam
2034 1877 2122 1921 apud

1230 1926 1430 1962 Athenaeum
1441 1952 1451 1968 ‚
1480 1927 1601 1961 noxios
1624 1928 1656 1960 δε
1668 1925 1837 1960 morbidos
1849 1925 1972 1960 habens
1983 1928 2100 1961 oculos
2111 1952 2120 1959 .

1232 1978 1325 2011 Hinc
1346 1977 1532 2021 sinopissare
1545 1975 1752 2010 estlascivire
1764 2001 1774 2017 ,
1798 1975 1938 2019 ineptire
1950 2001 1959 2016 ,
1987 1988 2028 2011 ac
2043 1977 2122 2011 inde

1230 2028 1395 2062 caecutire.
1421 2027 1604 2061 sarcasmus
1628 2027 1792 2070 Episcopo
1814 2025 1859 2060 ab
1869 2027 2039 2070 Episcopis
2052 2027 2122 2061 dici

1232 2077 1406 2121 indignus.
1434 2077 1582 2110 Perrexit
1596 2077 1794 2110 Dioscorus:
1822 2080 1927 2109 Tacere
1951 2078 2121 2119 modicum,

1231 2129 1393 2160 audiamus
1415 2127 1494 2159 alias
1504 2125 1723 2169 blasphemias.
1752 2126 1843 2169 ‚Quid
1849 2127 2002 2167 culpamus
2018 2126 2122 2167 Nesto-

1231 2184 1309 2210 rium
1328 2175 1445 2221 solum?
1473 2177 1562 2210 Multi
1579 2175 1650 2218 sunt
1672 2174 1816 2214 Nestorii.
1845 2175 1924 2209 Hoc
1943 2177 1987 2210 est
2001 2200 2011 2216 ,
2038 2178 2135 2211 ulte-¹

1232 2228 1296 2261 rior
1331 2227 1538 2271 synodalium
1572 2226 1627 2260 sub
1649 2225 1990 2260 FlavianoAstorum
2019 2228 2118 2262 lectio

1230 2277 1351 2321 pandet
1374 2289 1509 2311 omnem
1531 2277 1626 2310 istam
1647 2274 1816 2319 Synod‘um
1837 2276 1931 2310 fuisse
1952 2277 2120 2312 Nestoria-

1232 2339 1327 2361 nam.
1356 2328 1604 2361 Naturamcum
1617 2326 1777 2370 hypostafi
1799 2324 2022 2361 confundebat
2033 2327 2121 2362 Dio-

1232 2379 1338 2412 scotus
1361 2402 1372 2418 ,
1400 2376 1540 2423 ideoque
1562 2376 1580 2410 ὲ
1598 2379 1722 2411 cunstis
1743 2377 1881 2411 duarum
1905 2377 1937 2409 in
1962 2376 2119 2411 Domino

1232 2436 1418 2461 naturarum
1440 2425 1656 2462 adsertoribus
1683 2426 1807 2470 putavit
1822 2427 2041 2470 solviJesum,
2069 2428 2117 2461 in-

1230 2478 1371 2522 ducique
1392 2478 1476 2512 duos
1498 2477 1562 2511 Dei
1575 2477 1681 2517 filios,
1710 2477 1790 2511 duas
1801 2476 2009 2520 hypostases,
2036 2477 2119 2512 duas

1230 2530 1381 2571 personas
1392 2553 1399 2560 .
1430 2527 1506 2570 Ejus
1528 2526 1703 2570 Presbyter
1720 2539 1756 2561 ac
1769 2528 1985 2561 Notariorum
2000 2527 2118 2562 Primi-

1229 2579 1333 2612 cerius
1343 2580 1488 2621 Joannes
1497 2578 1541 2611 est
1555 2578 1631 2611 hinc
1645 2578 1859 2611 interlocutus
1874 2589 1880 2608 :
1911 2576 2037 2615 Exhis,
2047 2589 2117 2619 quae

1228 2629 1305 2662 ledia
1325 2627 1420 2671 sunt,
1447 2629 1526 2662 illud
1544 2637 1723 2660 annotamus
1738 2649 1747 2665 ,
1774 2632 1846 2669 quia
1870 2627 1997 2659 alteram
2017 2626 2114 2668 fidem

1224 2686 1338 2720 praeter
1349 2690 1435 2716 eam,
1460 2689 1526 2721 quae
1536 2682 1568 2710 in
1581 2682 1689 2710 Nicaea
1702 2675 1849 2718 exposita,
1875 2677 1909 2710 (⁰5
1931 2675 1977 2708 hic
1997 2676 2115 2720 Ephesi

1223 2729 1309 2770 prius
1332 2728 1508 2769 confirmata
1518 2727 1554 2767 est
1564 2753 1574 2767 ,
1603 2726 1796 2770 exposuerunt
1812 2731 1862 2769 qui
1876 2725 1931 2765 ista
1943 2727 2088 2761 dixerunt
2101 2753 2112 2769 ,

1228 2779 1308 2812 Hoc
1330 2777 1374 2811 est
1387 2802 1398 2818 ,
1425 2779 1572 2811 Flaviani
1587 2777 1740 2820 Synodus
1753 2790 1818 2812 non
1834 2775 1929 2810 fidem
1942 2775 2116 2812 Nicaenam

1229 2829 1339 2862 secuta
1356 2829 1426 2868 est,
1450 2828 1503 2862 fed
1527 2827 1653 2870 Synodi
1668 2825 2045 2870 Constantinopolitanae
2058 2839 2115 2870 pet

1229 2877 1426 2922 Ephefinam
1437 2877 1588 2912 damnata
1601 2878 1831 2911 additamenta.
1845 2875 1985 2910 Addidit
1996 2877 2115 2920 Olym-

1228 2930 1298 2972 pius
1322 2929 1506 2962 Evazorum
1534 2928 1730 2972 Episcopus:
1757 2930 1787 2960 δι’
1807 2926 2118 2968 initiumfiderhaheo

1226 2990 1263 3012 ex
1274 2978 1368 3018 Gestis
1381 3002 1392 3019 ‚
1417 2985 1468 3022 qui
1492 2980 1639 3011 dederunt
1670 2984 1810 3019 initium,
1829 2976 1907 3021 sunt*
1928 2976 2111 3011 anathema.

1230 3029 1465 3063 Additamenta
1488 3028 1546 3063 ista
1559 3028 1604 3063 ait
1615 3028 1678 3064 effe
1689 3040 1803 3069 nova,
1825 3025 1964 3071 ideoque
1975 3027 2119 3068 anatho*

1226 3079 1411 3113 matizanda
1430 3104 1438 3112 .

1275 3126 1469 3162 AEthericus
1490 3130 1693 3172 smyrnensis
1711 3129 1889 3175 Episcopus
1912 3129 2015 3164 Sancti
2037 3128 2116 3164 Fla·

277 3178 360 3210 illius
383 3176 477 3209 beatae
499 3175 605 3214 synodi
628 3174 767 3216 Praesidis
781 3184 838 3217 per
849 3187 940 3218 quam
951 3175 1090 3219 insanum
1105 3183 1165 3211 Ne·
1205 3179 1310 3237 {viani
1333 3177 1474 3221 synodo
1492 3179 1671 3223 subscripsit
1685 3182 1718 3214 in
1731 3181 1819 3216 hunc
1831 3180 1968 3215 modum
1983 3191 1990 3211 :
2009 3180 2111 3223 Judl-

277 3225 397 3269 florium
412 3231 511 3269 arguit
525 3250 536 3265 ‚
563 3226 640 3257 male
651 3230 901 3266 interpretantem
914 3235 1108 3260 trecentorum
1119 3230 1166 3261 de·
1206 3247 1208 3270 t
1223 3239 1295 3262 cans
1302 3225 1461 3270 subscripsi
1470 3231 1504 3262 cb·
1515 3229 1657 3272 definivi.
1686 3233 1717 3263 51
1729 3238 1795 3274 quts
1808 3232 1892 3264 aliud
1897 3229 1982 3272 sapit
1992 3229 2029 3261 de
2034 3228 2101 3270 fide

279 3286 343 3310 cem
354 3278 388 3310 (τ
399 3276 457 3309 otio
478 3277 602 3308 Patrum
612 3273 720 3316 fidem.
750 3276 886 3308 Habebat
899 3287 998 3309 autem
1008 3279 1165 3310 interlocu-
1205 3274 1208 3315 ἶ,
1217 3287 1331 3320 praeter
1342 3289 1376 3311 ea
1384 3303 1395 3318 ‚
1422 3290 1490 3321 quae
1503 3286 1535 3312 in
1548 3284 1583 3313 N
1584 3286 1656 3313 icaea
1668 3281 1706 3314 ab
1719 3288 1803 3314 omni
1810 3280 1919 3324 sanila
1931 3279 2038 3318 synodo
2060 3281 2111 3315 dv·

279 3331 323 3358 eto
332 3324 487 3367 mea,ficut
500 3327 534 3359 (9⁶
546 3325 686 3358 hatiem'ts
699 3323 790 3358 habet
802 3337 809 3357 :
822 3324 995 3360 ADORO
1009 3326 1163 3360 UNUM
1206 3322 1207 3325 ’
1218 3326 1390 3371 finitasunt
1402 3353 1412 3371 ,
1437 3329 1600 3363 anathema
1606 3329 1645 3371 sit
1657 3355 1662 3361 .
1692 3332 1771 3365 Hoc
1786 3332 1819 3363 in
1834 3329 2009 3364 latrocinio
2022 3330 2109 3372 post-

279 3375 534 3410 DOMlNUM
575 3375 823 3410 NOSRTUM
849 3375 1006 3417 JESUM
1033 3377 1166 3410 CHRl-

1223 3376 1359 3412 modum
1382 3382 1507 3422 aperuit
1527 3382 1679 3414 causam:
1706 3380 1806 3414 subita
1827 3388 1861 3413 ut
1881 3379 2020 3424 ingroffus
2042 3377 2112 3422 fiam

280 3425 343 3460 ST
347 3425 428 3459 UM
454 3448 464 3464 ‚
498 3424 623 3460 POST
658 3424 1082 3460 INCARNATloNEM
1109 3427 1161 3461 ΙΝ
1212 3428 1523 3472 constantinopolim,
1551 3430 1730 3464 accedebant
1741 3431 1787 3465 ad
1795 3441 1841 3467 me
1854 3431 2026 3469 auditores,
2053 3432 2110 3465 dn·

384 3474 492 3513 Christ.
509 3478 588 3518 Lupi
598 3480 686 3517 oper.
700 3478 779 3507 Tom.
791 3479 831 3508 Π.

1177 3474 1220 3535 ¹l
1576 3479 1749 3524 ng„

1963 3487 2062 3514 censes
