2340 3736
387 129 476 178 340

313 195 536 246 synodalibus
545 195 762 243 actispmafit
773 207 855 235 mox
864 208 998 235 omnem
1007 197 1191 233 Orientem:

314 252 349 291 ὅς
369 254 388 289 ὰ,
410 247 524 285 multis
542 248 702 286 creditum
714 248 780 287 est,
803 249 867 286 effe
883 258 992 286 revera
1005 245 1190 293 synodales

314 301 393 339 Hos
403 298 560 339 interfuit
571 298 729 336 Paulinus
739 297 923 336 patriarcha
934 294 1165 333 Antiochenus
1182 322 1190 332 .

310 351 476 389 Lucere-x
495 350 600 386 Sancti
614 348 783 387 Athanafii
803 348 844 386 ad
861 342 1102 385 Antiochenses
1114 347 1193 393 Epi-

313 402 420 447 stola,
446 401 481 435 in
494 411 556 443 qua
575 398 831 437 omniaztandem
854 397 946 434 istius
954 396 1107 435 Ecclefiae
1118 397 1191 433 Dis-

312 450 568 496 fidia-extingui
589 476 600 495 ‚
625 462 664 489 ac
684 450 813 495 plenam
835 448 904 485 fieri
927 455 1040 492 pacem
1059 446 1192 489 suadet,

312 513 415 547 atque
425 499 595 548 adjungit:
621 505 770 539 Gaeterum
780 504 852 542 quia
871 509 938 533 cum
950 497 1118 533 volentibus
1141 506 1192 534 vo·

313 555 385 596 lupe
396 551 435 596 est
445 554 583 600 conjungi
594 576 606 593 ,
628 560 666 588 ut
677 552 795 595 quidem
805 547 939 585 lubenter
958 558 1023 583 cum
1033 547 1188 587 omnibus,

314 608 361 638 ita
382 604 498 638 veroin
513 605 625 646 prtmis
646 613 709 637 cum
729 605 773 637 eis
785 624 796 641 ‚
822 605 873 645 qur·
895 605 929 633 in
948 604 1044 634 veteri
1066 595 1192 639 Ecclefia

308 653 492 689 ‘conventus
511 653 639 699 agebant
657 662 667 694 ;
694 652 729 687 o·
749 655 822 694 quia
837 648 1009 692 pottffimum
1032 650 1191 684 Dominum

307 704 507 753 glorificamus
521 729 532 745 ‚
556 713 621 738 cum
640 702 677 735 de
699 699 836 736 omnibus
858 718 876 740 ,-
894 707 957 734 tum
979 701 1131 742 praecrpuc‘
1152 700 1190 735 de

304 754 365 789 boc
382 751 634 796 extmlopropofito
644 776 656 792 ‚
675 749 775 796 visum
793 747 831 793 est
841 750 925 786 nobis
947 760 1000 785 vos
1021 749 1188 791 cohortari,

308 804 407 848 utficb
423 803 491 845 ipsis
512 801 726 839 condicionibus
749 807 868 836 ineatur·
888 802 1061 841 concordia,
1088 805 1135 835 ita
1154 806 1190 835 ut

307 855 389 888 nibil
403 855 528 890 ulterius
546 864 639 897 quam
657 852 835 897 praedfflum
856 850 914 893 est,
939 851 991 886 vel
1008 851 1053 885 illi
1075 856 1127 894 qut
1144 861 1187 884 ex

304 910 407 939 veteri
418 902 547 946 Ecclefia
555 897 559 900 ’
561 901 634 948 sunt
647 926 657 943 ,
682 901 798 938 &vobis
815 900 955 947 flagitent
968 923 978 942 ,
1002 900 1107 936 velillt
1134 905 1188 942 qul

303 966 372 990 cum
385 955 510 990 Paulino
516 951 589 998 sunt
600 977 612 993 ,
637 953 736 992 allud,
743 952 1028 995 praeterquamquod
1039 955 1116 986 inter
1129 954 1165 985 N
1166 955 1187 985 ι’.

303 1010 381 1041 taent
391 1004 516 1039 concilii
525 1004 642 1040 decretu
652 1009 800 1046 reperitur·
809 1002 987 1045 ‚adjiciann
999 1002 1033 1037 Θ
1048 1000 1187 1037 Tabellas

302 1066 382 1101 quas
398 1053 529 1089 nonnum
543 1053 669 1095 jactant
693 1077 705 1094 ,
739 1049 874 1098 quasiin
896 1049 1062 1094 Sardicenfi
1079 1051 1187 1093 synoda

300 1106 341 1141 ‘de
347 1103 408 1146 fido
415 1101 619 1148 confir-ipra&
644 1105 682 1138 n?
692 1104 748 1149 legi
766 1102 886 1147 quidem
893 1100 987 1148 semel
1008 1110 1061 1136 aut
1070 1100 1188 1144 profer-

298 1153 450 1196 rifinatis.
477 1153 590 1190 Palam
602 1151 750 1189 adfirmat
762 1150 837 1188 istas
846 1149 1051 1189 sardicenses
1062 1149 1187 1187 Tabel-

299 1200 347 1238 las
356 1204 510 1248 placuisse
520 1203 663 1240 Paulino
671 1229 679 1237 .
707 1202 761 1239 Ex
771 1201 889 1248 quibus
902 1201 992 1238 lucet
1002 1200 1092 1249 quod
1103 1199 1185 1236 Pau-

296 1254 387 1290 linus
408 1264 472 1290 tres
494 1252 694 1303 Hypostases
724 1253 822 1290 fuerit
845 1252 971 1298 semper
999 1251 1182 1293 aversatus,

295 1310 474 1352 earumque
486 1303 675 1341 Adsertotes
683 1301 815 1339 duxerit
827 1300 971 1339 Arianos
982 1328 992 1339 .
1019 1301 1115 1337 Hinc
1125 1300 1181 1336 alii

298 1354 488 1392 orientales
503 1355 609 1401 ipsum
620 1353 778 1389 viceversa
789 1350 903 1387 dixere
913 1351 1135 1388 Sabellianum
1144 1362 1181 1385 ac

296 1403 555 1440 Marcellianum
576 1425 583 1437 .
623 1401 749 1438 Eadem
769 1400 811 1436 de
831 1402 928 1438 causa
949 1400 1182 1437 Alexandrinae

292 1450 404 1489 Sansti
429 1451 601 1489 Athanasii
613 1451 751 1495 Synodo
762 1451 818 1486 ille
834 1450 1017 1492 subscripfit
1029 1450 1063 1483 in
1090 1449 1180 1485 hunc

292 1502 452 1539 modum:
481 1501 616 1546 approbo
626 1505 910 1544 Interpretationem
933 1501 970 1533 de
981 1497 1075 1532 tribur
1088 1502 1179 1540 Hypo-

285 1552 407 1597 flafibus
422 1576 434 1594 ‚
460 1553 495 1586 Ca·
506 1563 568 1586 una
580 1548 738 1594 Hypostasr'.
766 1552 813 1584 Et
823 1560 886 1590 eos,
905 1554 956 1593 qui
985 1555 1029 1582 ita
1039 1546 1157 1591 censent
1167 1573 1178 1588 ,

287 1612 377 1637 veros
388 1601 498 1636 babeo.
527 1601 633 1637 Defiit
651 1599 800 1636 accusare
821 1608 885 1635 tres
897 1597 1121 1642 Hypostases,
1144 1599 1177 1632 ὄε

288 1663 461 1698 utramque
472 1651 738 1696 Propolitionern
758 1647 952 1688 admittere,
979 1658 1040 1683 nec
1062 1659 1173 1682 tamen

286 1701 381 1737 defiit
401 1701 494 1748 loqui
506 1711 584 1736 cum
595 1700 744 1737 Latinis.
772 1698 867 1735 Hinc
879 1698 1026 1742 Magnus
1039 1695 1174 1732 Basilius

288 1752 508 1789 zelofiffimus
527 1751 599 1787 tum
610 1748 1008 1796 Hypostaseondefensot
1037 1758 1108 1782 non
1121 1746 1174 1782 de-

246 1828 249 1829 r
285 1802 338 1837 siit
359 1802 394 1837 in
408 1803 513 1848 ipsum
534 1801 679 1836 offendi.
706 1799 779 1835 Nee
803 1799 890 1835 solus
909 1796 1092 1837 Paulinus,
1118 1796 1171 1832 sed

285 1850 614 1888 omnisAntiochena
627 1849 770 1886 Ecclesia
778 1849 910 1886 videtur
920 1847 995 1883 istas
1006 1846 1172 1882 sardicen

285 1906 335 1938 ses
345 1902 502 1938 Tabellas
512 1899 657 1937 habuisse
684 1911 743 1945 pro
754 1898 986 1937 Anthenticis.
1012 1897 1101 1932 Nam
1125 1896 1169 1932 ita

284 1954 386 1992 ctiam
408 1951 465 1987 diu
480 1950 553 1996 post
572 1950 711 1987 credidit
722 1949 869 1993 Magnus
881 1949 1006 1983 Doctor
1017 1971 1028 1986 ,
1055 1957 1093 1981 ac
1105 1956 1168 1981 tna·

284 2013 371 2048 gnus
391 2001 472 2037 itemv
490 1999 625 2035 Paulini
647 1997 842 2034 adversarius
853 1996 1112 2039 Theodoretus,
1136 1996 1170 2030 ὅ(

284 2053 342 2087 'uti
361 2050 525 2096 legitimas
537 2049 669 2085 inseruit
689 2049 749 2082 suae
761 2046 988 2084 Ecclefiasticae
998 2044 1170 2080 Historiae.

282 2100 378 2136 Hinc
398 2101 515 2136 turbae.
544 2099 680 2136 Etenim
691 2097 796 2133 Graeci
818 2097 964 2131 videntes
975 2096 1008 2130 se
1031 2093 1078 2130 ob
1089 2094 1171 2139 legi-

282 2152 380 2188 rimas
400 2162 439 2187 ac
460 2148 662 2186 orthodoxas
682 2146 954 2183 vocesaLatinis
974 2144 1168 2181 damnarint

281 2202 447 2243 Arianos,
473 2199 552 2236 dure
562 2207 756 2242 acceperunt
770 2221 782 2238 ‚
806 2197 938 2239 &ipsos
960 2194 1096 2231 viciffim
1107 2204 1170 2230 coe·

281 2259 398 2297 petunt
410 2261 524 2286 notare
542 2260 579 2286 ac
593 2248 762 2285 traducere
772 2257 809 2282 ut
823 2245 1037 2282 Sabellianos.
1049 2244 1093 2280 Et
1102 2243 1168 2280 haec

281 2302 326 2337 cst
338 2302 507 2336 causarum
522 2312 589 2336 una
600 2324 611 2342 ,
632 2311 676 2334 ex
686 2310 749 2343 qua
762 2297 883 2333 Graec'rs
902 2303 977 2333 nata
987 2296 1031 2331 est
1046 2294 1168 2330 averfio

281 2352 300 2387 a
321 2350 500 2386 sardicensi
522 2347 676 2395 synodo.
703 2348 786 2384 Haee
807 2346 855 2383 est
880 2345 1058 2391 periculosa
1085 2346 1169 2381 inter

280 2400 501 2438 Occidentem
514 2422 525 2441 ,
549 2400 582 2433 &
593 2400 765 2436 Orientem
774 2396 816 2431 de
828 2395 965 2432 vocibus
985 2393 1145 2430 discordia
1156 2419 1167 2436 ,

281 2463 381 2496 quam
403 2453 495 2495 supra
517 2447 680 2491 descripsit
699 2471 711 2488 ‚
737 2448 771 2481 &
789 2446 806 2478 a
832 2447 964 2491 Magno
979 2443 1163 2480 Athanafio

278 2501 491 2546 compositam
500 2498 686 2534 adfirmavit
694 2497 827 2533 SanClus
837 2496 1015 2543 Gregorius
1026 2494 1168 2530 Nazian-

278 2562 396 2587 zenus.

330 2598 478 2635 Proinde
502 2600 537 2634 in
559 2599 613 2633 sua
633 2596 850 2643 pacificatrice
861 2594 1000 2639 synodo
1019 2594 1167 2639 Magnus

282 2650 484 2687 Athanafius
510 2649 580 2696 egit
607 2650 694 2684 varia
719 2660 734 2691 ;
769 2646 884 2683 Primo
919 2644 1166 2688 circumscripsit

281 2702 378 2741 istas,
404 2699 529 2746 grande
552 2701 735 2734 fomentum
747 2696 938 2736 discordiae,
965 2694 1165 2731 Sardicenses

282 2751 439 2786 Tabellas
453 2775 460 2783 .
488 2751 595 2786 Lucet
615 2759 656 2783 ex
669 2747 829 2793 Synodali
850 2746 890 2782 ad
902 2743 1166 2782 Antiochense-na

282 2801 457 2837 Ecclesiam
481 2800 660 2835 relatione:
686 2799 837 2839 Tabellas,
862 2809 941 2840 quas
967 2795 1099 2830 nonnulli
1113 2796 1165 2837 ja·

281 2851 364 2885 c‘lant
375 2877 386 2892 ,
412 2848 534 2896 quafiin
546 2846 825 2890 sardicenfisynodo
849 2849 887 2882 de
894 2846 957 2891 fide
967 2844 1143 2889 conscriptas
1154 2867 1165 2884 ,

280 2913 333 2935 nec
352 2904 407 2945 legi
431 2902 549 2945 quidem
565 2898 659 2945 semel
683 2907 737 2933 aut
756 2898 891 2941 proferri
904 2895 1013 2940 finatis
1035 2920 1042 2928 .
1068 2899 1104 2930 N
1109 2894 1166 2929 aba

282 2957 363 2986 enim
388 2953 448 2985 tale
458 2952 620 2985 Concilium
641 2949 782 2994 definivit
795 2973 803 2982 .
828 2949 984 2991 ,Quamvis
1005 2950 1082 2979 enim
1092 2950 1164 2979 certi

282 3001 414 3035 homines
446 3003 585 3035 nonnulla
597 3024 608 3042 ,
634 2998 719 3044 quasi
736 3010 803 3041 quae
817 2998 942 3042 deeffent
953 3001 1078 3031 Nicaeno
1088 2999 1164 3038 Con-

281 3052 346 3087 cilio
355 3076 365 3090 ,
387 3048 549 3093 adscribere
562 3051 677 3084 vellent
690 3074 701 3090 ,
714 3052 807 3092 idque
815 3054 924 3082 acriter
933 3046 1143 3082 contenderent
1153 3068 1164 3086 ‚

278 3100 386 3147 sancia
408 3109 510 3134 tamen
529 3102 675 3141 synodus,
699 3111 766 3144 quae
785 3099 917 3133 sardtcae
937 3101 1094 3137 convenit,
1121 3101 1165 3129 in-

284 3153 374 3195 digne
397 3151 432 3184 ld
453 3151 545 3189 tuln,
571 3153 739 3193 decretoque
755 3147 890 3193 sancivit
903 3171 913 3188 ,
940 3158 976 3181 ne
995 3148 1071 3191 quid
1089 3147 1165 3179 ulte·

283 3209 345 3234 rius
359 3202 396 3234 de
411 3199 474 3242 fide
481 3198 656 3244 scriberetur
669 3224 679 3239 ,
705 3203 739 3234 (⁸1
746 3198 780 3242 se
787 3197 821 3244 se
833 3205 980 3232 contentos
1001 3196 1054 3240 effe
1066 3200 1164 3231 Nicae·

285 3262 327 3283 na
352 3250 413 3292 fide
435 3250 679 3284 declaraverunt.
706 3247 870 3283 Adfirmat
892 3247 1025 3282 istarum
1041 3245 1164 3282 Tabel-

287 3300 392 3333 larum
404 3301 560 3334 Aueiores
570 3299 663 3334 fuisse
674 3297 692 3332 a
703 3297 839 3343 Synodo
850 3298 992 3342 graviter
1003 3297 1165 3340 compres-

286 3350 341 3383 sos
365 3372 376 3389 ,
401 3349 435 3382 δε
455 3349 625 3384 concludit
647 3361 655 3381 t
682 3350 876 3393 ,Quapropter
891 3344 921 3388 fi
937 3351 1004 3390 quis
1031 3345 1094 3381 haec
1111 3355 1163 3379 aut

285 3398 373 3435 aliud
383 3399 539 3443 quidpiam
550 3399 744 3435 cavillabitur
753 3422 766 3441 ,
791 3395 957 3441 compescm
966 3397 1029 3432 illos
1039 3419 1052 3438 ‚
1077 3398 1111 3433 <¹5
1120 3398 1164 3430 ad

820 99 1240 161 Dlssturarlo
1274 108 1601 165 Postuerta

1255 197 1477 240 paslsstudl'um
1497 200 1624 237 inludit?
1635 226 1647 238 ι
1668 202 1762 239 Nihil
1768 206 1847 241 ent'm
1857 207 1889 241 r'n
1906 206 1969 247 istis
1978 208 2130 256 agnose-m

1253 247 1404 290 pqffumus
1424 273 1436 289 ι
1461 248 1518 291 nist
1533 247 1629 294 fidam
1651 255 1773 300 rixandi
1790 263 1991 300 pertinaciam
2011 284 2019 294 .
2043 261 2128 296 Haec

1256 298 1373 333 omnia
1392 296 1586 339 Athanasius
1603 298 1738 337 adducit
1751 325 1765 342 ,
1785 314 1825 342 ug
1839 307 2043 346 dmonstret
2063 299 2129 346 greg

1254 347 1458 394 Hypostases
1478 360 1548 387 non
1565 348 1662 387 fuiffe
1681 350 2063 396 damnatasasardicenfi
2072 361 2130 406 sy.

1255 399 1350 437 nodo
1366 423 1378 440 ,
1404 408 1503 446 arque
1524 400 1571 437 ita
1586 402 1767 446 extinguat
1785 402 1959 443 odiumjn
1979 410 2130 447 Orienta-

1253 449 1337 487 lium
1350 450 1471 487 animis
1482 460 1597 487 natum
1608 463 1651 488 ex
1672 451 1739 487 ista
1750 453 1838 489 fama
1848 477 1856 486 .
1870 453 2044 495 Mflmtat
2055 460 2131 495 istas

1253 500 1415 538 Tabellas
1436 501 1531 538 fuiffe
1564 502 1786 546 quorumdam
1805 514 2048 551 conceptum-²
2072 510 2130 557 qui

1251 550 1391 596 synodo
1404 551 1581 596 plurimum
1591 552 1757 596 displicuit
1769 578 1776 588 .
2089 585 2093 588 .

1298 598 1382 637 Alia
1403 602 1465 637 suae
1474 602 1602 646 Synodi
1615 601 1695 640 Aeta
1715 602 1890 646 audiamus
1905 603 1947 642 ab
1957 604 2077 641 eisdem
2091 606 2133 645 aa

1254 644 1505 687 Antiochenam
1518 651 1693 690 Ecclesiam
1703 653 1839 692 litteris:
1864 650 1957 696 lllis,
1977 656 2039 701 qni
2051 668 2136 692 non·

1253 701 1363 738 nullos
1386 702 1581 738 accusabant
1600 713 1637 739 ut
1659 705 1759 740 trium
1769 705 2004 751 Hypostaseon
2019 700 2136 743 Adfir-

1252 759 1394 787 matores
1406 775 1418 793 ,
1440 763 1518 788 cum
1527 752 1715 797 hujusmodi
1726 767 1823 795 voces
1831 755 1867 790 in
1878 755 2043 800 scripturis
2062 767 2133 792 non

1251 802 1487 851 reperirentur,
1512 813 1550 838 ac
1562 803 1698 848 proinde
1719 805 1982 850 suspectavideri
1994 808 2133 851 possent,

1251 851 1414 889 Auctores
1433 854 1544 890 sumus
1557 877 1568 895 ,
1581 865 1641 896 ne,
1658 855 1799 899 amplius
1819 856 1854 892 in
1866 856 2036 893 Nioeenam
2054 867 2135 892 con-
2151 876 2162 889 .

1250 902 1420 941 senionem
1439 904 1664 950 inquirerent3
1689 905 1742 941 sed
1760 916 1877 941 tamen.
1891 906 1933 943 de
1952 906 2027 953 ipsis
2038 906 2083 943 ob
2092 906 2135 941 ti·

1249 952 1351 990 xandi
1363 954 1577 999 pertinaciam
1587 954 1722 999 quaestio
1732 956 1777 990 est
1796 954 1908 991 habita
1917 979 1930 997 ‚
1951 957 2135 1000 interroga·

1248 1003 1342 1049 tique
1361 1005 1460 1046 sunu
1482 1015 1564 1042 num
1584 1016 1645 1050 pro
1656 1002 1861 1042 Atrianorum
1880 1007 2039 1043 sententia
2059 1005 2134 1043 alie·

1247 1062 1307 1089 nas
1319 1076 1329 1094 ‚
1355 1054 1541 1101 peregrinas
1553 1070 1571 1096 ,·
1590 1067 1630 1091 ac
1648 1054 1805 1092 diversaea
1819 1057 1851 1093 se
1871 1056 2016 1092 invicem
2035 1056 2135 1092 effen·

1248 1105 1303 1141 tiae
1313 1104 1471 1142 Personas
1490 1105 1696 1143 effe'velint:
1722 1117 1761 1141 ac
1774 1117 2039 1152 unamquamque
2059 1105 2134 1151 Hy-

1249 1155 1387 1199 postasin
1402 1167 1458 1200 per
1468 1156 1501 1191 se
1515 1167 1554 1191 ac
1563 1156 1693 1193 seorfim
1702 1156 1838 1192 divium
1850 1157 1913 1191 effe
1931 1168 1991 1202 pro
2003 1156 2134 1192 ratione

1247 1215 1431 1241 caeterarum
1453 1207 1709 1251 Creaturarum,
1735 1217 1916 1254 eorumque
1927 1207 1985 1251 qui
2005 1218 2049 1242 ex
2071 1205 2137 1242 ho·

1246 1254 1392 1290 minibus
1402 1258 1600 1299 nascuntur,
1612 1257 1823 1294 existiment.
1851 1257 1910 1293 An
1931 1254 1987 1293 hic
2007 1255 2132 1293 intelli-

1244 1314 1326 1349 gant
1338 1305 1475 1342 diversas
1491 1317 1560 1348 res,
1581 1306 1679 1350 quale
1695 1307 1743 1344 est
1767 1318 1882 1342 aurum
1892 1332 1904 1348 ,
1931 1316 2105 1353 argentum
2116 1328 2130 1347 ,

1242 1360 1282 1390 aes'
1294 1359 1308 1395 ,’
1331 1355 1432 1390 utalii
1446 1357 1604 1392 Haeretici
1624 1357 1685 1392 sub
1696 1357 1765 1391 istis
1781 1357 1921 1393 vocibus
1932 1357 1994 1392 tria
2011 1355 2132 1401 princi-

1243 1402 1318 1446 pia,
1340 1405 1376 1440 δε
1395 1415 1458 1440 tres
1470 1405 1562 1447 Deos
1582 1406 1804 1441 constituant.
1830 1404 2131 1442 Caeterumilliad-

1241 1451 1435 1495 firmabant3
1462 1455 1551 1489 scita
1569 1459 1633 1489 nec
1654 1455 1792 1497 dixiffe,
1818 1467 1880 1491 nec
1891 1455 2029 1491 senfiffi.
2055 1454 2131 1490 Per»

1241 1501 1472 1538 cunctantibus
1496 1512 1607 1539 autem
1620 1504 1740 1546 nobis,
1759 1515 1824 1550 qua
1844 1506 1973 1542 ratione
1991 1504 2129 1541 tandem

1243 1551 1299 1587 ista
1324 1552 1473 1587 dicerent
1485 1576 1497 1593 ,
1523 1560 1579 1587 aut
1592 1555 1652 1587 cur'
1663 1555 1808 1589 omnino(
1824 1554 2011 1592 istiusmodi
2034 1565 2131 1589 voca-

1239 1601 1325 1638 bulis
1346 1611 1536 1645 uterentur,
1563 1601 1799 1647 responderunt
1823 1606 1856 1638 se
1876 1605 1909 1640 se
1928 1604 2129 1646 iinrinita‘·

1237 1662 1303 1685 tem
1325 1651 1455 1687 credere
1468 1675 1478 1691 ,
1504 1654 1574 1685 non
1598 1663 1668 1696 quae
1689 1651 1932 1687 nominetenus
1953 1653 2128 1693 Trinitas

1236 1699 1290 1736 sed
1309 1710 1379 1745 quae
1399 1699 1474 1735 vere
1493 1700 1646 1736 Trinitas
1667 1702 1763 1742 effer,
1793 1703 1827 1737 δε
1849 1700 2029 1738 subsisteret
2047 1727 2056 1735 .
2081 1702 2128 1740 Et

1236 1750 1367 1786 Patrem
1375 1759 1412 1785 ut
1422 1751 1479 1795 qui
1490 1750 1565 1786 vere
1575 1751 1677 1792 effer,
1689 1753 1722 1786 δε
1735 1750 1929 1795 subsisteret,
1944 1752 1989 1789 ··&
2002 1751 2128 1788 Filium

1235 1808 1270 1834 ut
1291 1799 1327 1835 in
1352 1799 1548 1837 existentem
1575 1802 1608 1835 δε
1626 1800 1850 1838 subsistentem
1868 1816 1883 1842 ¹,
1907 1802 1942 1838 &
1967 1802 2126 1846 Spiritum

1234 1851 1387 1885 Sanctum
1401 1873 1414 1891 ,
1438 1860 1475 1885 ut
1488 1850 1959 1887 subfistentem&existentem
1970 1852 2125 1894 agnosce-
2163 1852 2166 1855 '

1233 1911 1288 1939 re,
1303 1898 1383 1935 'non
1408 1908 1518 1935 tamen
1548 1901 1580 1935 se
1600 1898 1715 1935 dixiffe
1734 1909 1799 1935 tres
1833 1899 1956 1940 Deos,
1979 1908 2037 1935 aut
2059 1899 2124 1937 tria

1232 1950 1397 1993 Principia
1409 1972 1420 1990 ‚
1446 1947 1552 1985 immo
1565 1961 1606 1986 ne
1625 1949 1821 1984 toleraturos
1831 1949 1987 1992 quidem,
2013 1949 2123 1994 liquis

1231 1999 1294 2034 tale
1305 1997 1382 2042 quid
1394 2007 1450 2034 aut
1469 1997 1556 2033 dicat
1569 2007 1627 2032 aut
1648 1999 1766 2035 sentiat
1778 2023 1786 2030 .
1814 1997 2008 2041 Approbata
2017 1999 2122 2043 igitur

1230 2048 1412 2084 istiusmodi
1437 2048 1750 2092 &interpretatione
1770 2047 2046 2096 &excusationm
2074 2047 2124 2083 vi·

1230 2099 1333 2134 ‘ciffim
1346 2109 1476 2144 quoque
1496 2098 1530 2134 &
1543 2110 1600 2133 eos
1608 2097 1894 2139 examinavimus,
1911 2097 1976 2144 nui
1988 2097 2031 2134 ab
2049 2097 2120 2134 istis

1230 2149 1264 2184 in
1276 2148 1407 2191 cuipam
1427 2147 1694 2189 devocabantur‚
1718 2148 1804 2192 quali
1814 2148 1871 2194 qui
1890 2146 2037 2184 dicerent
2052 2149 2118 2186 effe

1228 2209 1327 2235 unarn
1338 2198 1537 2242 Hypostafin
1551 2223 1562 2239 ,
1587 2199 1787 2234 sciscitantes
1802 2198 1845 2233 ab
1854 2197 1903 2233 eis
1913 2221 1927 2238 ,
1951 2203 2032 2233 num
2053 2208 2117 2242 pro

1229 2248 1417 2284 Sabelliano
1430 2248 1600 2293 Dogmate
1619 2259 1656 2282 ea
1667 2257 1779 2284 mente
1789 2246 2023 2293 loquerentur,
2046 2246 2116 2284 ute

1229 2298 1400 2334 Trinitate
1422 2298 1567 2334 sublatos
1588 2297 1711 2332 vellent
1722 2298 1845 2333 Filium
1864 2322 1877 2341 ,
1902 2298 1937 2333 &
1955 2296 2114 2341 Spiritum

1229 2349 1403 2389 Sanctum,
1429 2349 1517 2392 quali
1543 2349 1630 2383 filius
1641 2349 1784 2384 Effentia
1810 2357 1938 2389 careat,
1964 2350 2021 2381 au't
2042 2348 2112 2391 Spi-

1229 2400 1451 2435 ritusSandlus
1472 2410 1541 2433 non
1553 2397 1748 2434 subsisteret.
1776 2398 1846 2443 Qi
1866 2396 1970 2439 &ipri
1979 2407 2112 2440 quoque

1228 2449 1459 2488 adfirmarunt,
1485 2459 1593 2490 neque
1615 2448 1705 2482 scita
1727 2447 1852 2482 senstsse
1861 2457 2034 2489 unquam,
2056 2445 2112 2482 sed

1226 2499 1244 2532 a
1267 2500 1298 2532 se
1319 2496 1518 2540 Hypostafin
1541 2496 1686 2540 intelligi
1707 2498 1770 2530 efl'e
1789 2496 1881 2531 idem
1902 2506 1980 2531 eum
2003 2494 2112 2537 Ufia,

1227 2547 1302 2582 ideo
1325 2557 1433 2582 autem
1454 2545 1599 2590 intelligi
1621 2556 1720 2581 unam
1738 2545 1962 2590 Hypostafin,
1990 2545 2112 2590 partim

1226 2597 1303 2640 quia
1313 2597 1400 2633 filius
1426 2596 1466 2631 fit
1476 2606 1517 2630 ex
1529 2595 1634 2630 Patris
1653 2595 1819 2636 Effentia,
1845 2595 1963 2639 partim
1985 2595 2062 2640 quia
2072 2595 2110 2629 in

1225 2647 1328 2684 tribus
1338 2647 1374 2681 fit
1387 2655 1507 2681 naturae
1519 2646 1677 2682 identitas
1691 2669 1702 2686 ‚
1726 2656 1825 2681 unam
1837 2645 1928 2682 enim
1951 2646 1983 2680 se
1994 2645 2111 2680 Deita-

1226 2708 1292 2732 rem
1304 2722 1315 2739 ‚
1340 2707 1442 2732 unam
1456 2706 1603 2731 naturam
1625 2695 1755 2731 credere
1767 2719 1778 2735 ,
1803 2706 1912 2740 neque
1931 2694 2033 2731 aliam
2046 2694 2110 2730 Pa·

1225 2748 1304 2788 tris,
1329 2747 1427 2782 aliam
1449 2747 1547 2788 Filii,
1574 2746 1674 2782 aliam
1695 2745 1830 2789 Spiritus
1850 2746 1979 2780 saneti.
2007 2745 2108 2793 Qu

1224 2796 1328 2834 immo
1351 2798 1386 2833 &
1406 2796 1455 2832 illi
1476 2821 1488 2837 ‚
1513 2797 1571 2841 qui
1592 2808 1634 2831 eo
1655 2796 1792 2831 crimine
1814 2792 1968 2840 postulati
1991 2804 2108 2836 erant,

1223 2846 1313 2892 quod
1322 2857 1385 2884 tres
1397 2846 1584 2892 hypostases
1595 2844 1785 2881 inducerent
1797 2869 1808 2886 ‚
1834 2846 1869 2879 in
1879 2844 2018 2879 eandem
2027 2855 2106 2880 cum

1224 2899 1288 2934 illis
1298 2897 1491 2933 sententiam
1503 2905 1738 2939 convenerunt;
1752 2895 1953 2939 viciffimque
1962 2894 2011 2930 illi
2022 2919 2034 2936 ,
2045 2893 2106 2938 qui

1223 2960 1324 2984 unam
1345 2947 1545 2991 Hypostafin
1563 2947 1750 2981 adseverant
1761 2969 1773 2986 ,
1798 2945 1936 2981 istorum
1954 2945 2107 2989 interpre-

1223 2999 1343 3033 tationi
1369 2997 1618 3042 acquieverunt:
1645 2996 1690 3031 Et
1709 2995 1811 3032 ambae
1833 2994 2004 3031 Factiones
2024 2994 2106 3039 pari·

1224 3059 1271 3083 ter
1291 3047 1408 3083 Arium
1433 3057 1588 3081 execratae
1611 3048 1686 3081 sunt
1707 3070 1718 3086 ‚
1743 3057 1781 3080 ut
1805 3043 1931 3080 Christi
1951 3044 2103 3083 hostem,

1223 3097 1465 3142 sabelliumque
1491 3098 1525 3131 &
1544 3096 1682 3132 Paulum
1705 3096 1965 3131 Samosatensem
1984 3104 2021 3129 ut
2043 3094 2103 3127 im·

1222 3151 1312 3194 pios.
1340 3148 1467 3182 Omnes
1502 3147 1645 3190 denique
1680 3146 1745 3182 Dei
1771 3145 1877 3190 gratia
1905 3145 1978 3191 post
2000 3140 2100 3178 istiuss

1224 3198 1315 3234 modi
1340 3196 1528 3233 Verborum
1554 3196 1858 3242 interpretationem
1881 3195 2042 3239 optimam
2061 3189 2099 3224 δε

1221 3247 1450 3284 exactissimam
1468 3246 1545 3282 fidei
1558 3248 1622 3281 effe
1635 3271 1646 3287 ‚
1673 3257 1743 3290 quae
1754 3245 1871 3281 Nicaeae
1880 3244 1989 3281 Partes
2007 3239 2099 3272 insti‘

1222 3299 1354 3335 tuiffent
1365 3321 1376 3338 ,
1388 3296 1606 3342 approbarunt
1619 3321 1631 3338 ,
1650 3296 1782 3340 ejusque
1792 3294 1918 3337 synodi
1933 3289 2026 3325 verba
2037 3289 2100 3324 suf·

1225 3351 1319 3384 ficere
1332 3373 1342 3389 ,
1370 3359 1408 3382 ac
1418 3357 1495 3382 ante
1516 3348 1629 3384 omnia
1649 3346 1684 3383 in
1693 3347 1788 3381 usum
1808 3345 1870 3381 effe
1888 3339 2099 3395 deducenda»

1223 3400 1462 3435 constituerunt
1475 3422 1483 3431 .
1977 3438 2013 3474 N

2014 3447 2050 3473 ο.
