2340 3736
62 1029 137 1067 Cap.
151 1037 204 1066 13.⁴

62 1217 159 1247 Cone..

59 1254 146 1285 chal.

59 1294 125 1326 Λᾶ.
149 1306 184 1326 Γ..

456 110 593 160 Ἶ3ε
665 115 1135 160 LATROCIN

242 251 397 289 :innitare
407 274 417 290 ,
443 250 477 283 &
488 245 655 291 Cyrillum
665 243 960 280 eas'admittentem
975 245 1116 281 credide-

1168 108 1252 157 io
1322 111 1792 160 EPHE81.N0.

1928 116 1998 177 ‘2‘7

230 206 305 247 'pos
315 201 451 237 duarum
464 207 654 232 naturarum
679 195 859 230 adsertores
869 194 985 230 dolose
1007 195 1123 230 Nesto·
1141 208 1144 211 ⁴
1162 192 1299 257 {chenus
1312 216 1322 233 ‚
1349 192 1486 236 loquens
1507 194 1547 229 de
1570 196 1827 240 Eutychianistis
1852 200 2032 235 Severianis
2046 226 2054 233 .

1986 259 2056 292 per·
2074 282 2092 310 L

1165 259 1167 270 ι
1179 247 1289 276 Dicunt
1300 243 1435 278 DU-As
1449 244 1482 276 N
1490 243 1596 280 ATU
1604 247 1631 280 R
1639 248 1691 281 As
1705 254 1736 279 in
1759 247 1872 287 christo
1886 251 1963 283 duas

1163 277 1168 296 i

242 310 320 336 runt
340 296 572 343 dispensatori&
593 294 799 330 diffimulaffe
819 319 829 335 ,
859 306 915 330 aut
942 296 1034 330 fuisse
1056 296 1113 330 cir·
1164 291 1262 337 'sonas
1283 289 1449 334 constItuere
1479 296 1514 326 (θ’
1537 294 1692 339 hypostases
1706 311 1716 330 :
1743 302 1871 330 Natura
1899 305 1978 332 enim
1994 300 2057 342 fine

241 350 472 392 cumscriptum
485 373 492 380 .
521 345 651 385 Eodem
673 356 777 379 errore
795 371 806 387 ‚
833 346 880 379 uti
901 344 942 379 ad
956 345 1117 379 Sanctum

238 399 391 434 Leonem
404 398 526 441 Papam
537 396 669 432 Sanetus
682 395 855 429 Flavianus
867 393 976 428 scribit
989 418 1000 433 ,
1028 393 1118 427 labo-

238 449 323 483 ravit
350 441 538 490 Eutyches,
565 445 705 488 ideoque
719 454 828 488 pacem
840 442 929 476 illam
951 453 1117 487 tamquam

236 497 402 533 haereticas
426 497 583 536 technas,
611 496 757 538 ipsosque
781 493 963 527 Orientales
986 493 1117 535 Episco-

236 558 299 591 pos
319 557 484 592 tamquam
498 546 709 580 Nestorianos
735 543 947 575 aversatusrest
961 566 971 581 ‚
998 544 1117 585 praeser-

235 598 302 631 tim
314 598 406 631 Ibam
433 596 648 632 Edeffeuum,
673 590 968 625 &Theodoretum
992 593 1116 635 Cyren-

234 647 305 680 :sem
319 669 327 678 .
354 646 479 683 Verum
498 644 587 677 enirn
611 640 688 674 vero
700 641 920 675 Ecclesxarum
948 653 1061 684 pacem
1074 641 1115 675 ab

235 697 333 729 omni
354 694 597 730 Christianitate
617 689 781 725 laudatam
795 691 836 724 ·&
850 691 1038 725 firmitatam
1058 692 1104 725 cri

234 745 356 780 minari
380 754 446 779 erat
468 741 631 786 paradoxa
651 740 816 775 calumnia
840 765 851 780 ‚
878 741 1020 782 ideoque
1042 741 1111 775 vela

238 805 367 829 vertens
385 791 551 835 Eutyches
573 789 784 834 postmodum
808 791 906 834 coepit
931 792 1115 825 Orientales

237 842 485 887 Episcoposde
496 842 563 885 ipsa
586 840 707 874 violata
719 864 730 880 ‚
755 841 796 874 de
809 841 921 883 spretis
933 841 1040 875 Sancti
1052 841 1115 883 Cy-

237 893 303 928 xiiii
314 892 495 935 Capitulis,
519 891 554 924 ὅς
566 890 606 924 de
616 891 777 932 resumpta
791 889 987 924 Nestoriana
1010 890 1114 923 haerefi

236 943 388 976 accusare
410 963 420 974 .»
445 942 634 980 Barsumam
654 965 664 980 ,
692 938 937 973 Monachorum
969 941 1111 983 nequissi-

232 1001 351 1030 mum,
377 991 480 1025 adeffe
493 990 676 1033 impetravit
687 988 1053 1033 EphesinolatrociniO,
1078 992 1112 1023 (5

238 1046 343 1081 vices,
369 1041 477 1084 inquit
487 1040 683 1083 Liberatus,
709 1050 795 1082 agere
806 1047 934 1072 omnium
962 1039 1115 1073 Monacho-

234 1102 304 1124 :um
314 1093 481 1124 Orientales
504 1089 660 1133 Episcopos
676 1087 894 1130 accusantium.

289 1140 370 1182 Ejus
390 1142 499 1184 itaque
508 1139 659 1183 palmaris
671 1150 758 1172 error
778 1139 960 1173 adseruitin
983 1139 1114 1174 Christo

230 1191 394 1224 Domino
414 1202 482 1224 non
492 1192 554 1224 esse
575 1189 654 1223 duas
667 1199 794 1222 naturas
806 1213 817 1229 ‚
844 1189 896 1223 sed
910 1200 1009 1223 unam
1026 1189 1114 1222 dum-

230 1250 327 1273 taxat
351 1239 509 1273 Divinam
527 1263 539 1279 ,
567 1250 634 1272 non
655 1238 831 1281 simplicem
854 1263 866 1278 ,
892 1238 945 1273 sed
970 1239 1113 1272 incarna-

231 1299 306 1323 1am
328 1313 337 1321 .
364 1289 458 1322 Hinc
480 1291 516 1322 in
537 1287 704 1332 Ephefino
726 1288 898 1323 latrocinio
915 1287 1113 1331 surrexerunt

228 1349 339 1376 omnes
362 1339 445 1382 AEgy
467 1344 502 1370 tii
526 1337 688 1381 Episcopi,
714 1339 748 1371 ὠ·
774 1337 933 1378 Monacbi,
958 1337 1114 1381 quiseque-

234 1388 349 1422 bantur
369 1391 435 1421 Bar
449 1400 547 1420 umam
573 1412 583 1428 ,
608 1389 643 1422 Θ
663 1393 758 1420 omnis
779 1387 869 1420 turba
890 1411 900 1427 ‚
927 1390 1113 1429 &coeperunt

232 1439 353 1471 .dicere.·
378 1438 491 1472 EUM
505 1462 515 1477 ,
541 1437 635 1485 QUI
645 1437 784 1471 D1C1T
796 1436 931 1471 DUAS
952 1438 1115 1472 NATU-

235 1487 350 1527 RAS,
377 1487 598 1523 INCIDITE
610 1487 662 1520 IN
689 1487 826 1529 DUo;
853 1488 947 1534 QJI
975 1488 1111 1521 DlClT

234 1538 272 1571 D
286 1536 325 1572 U
341 1536 409 1570 AS
446 1535 688 1572 NATURAS
712 1562 723 1578 ‚
760 1537 1110 1572 NESTORl'ANUS

233 1585 344 1620 EST.
376 1587 419 1621 Et
439 1587 586 1622 adversus
597 1587 773 1621 Eusebium
800 1587 1026 1621 Dorileensem
1038 1587 1109 1630 Epi-

231 1637 369 1678 scopum
390 1662 401 1677 ‚
439 1637 666 1679 praedicantem
687 1637 821 1671 DUAS
844 1637 1108 1673 NATURAS.

229 1686 337 1722 Tolle,
361 1688 482 1719 incende
491 1685 671 1728 Eusebium,
695 1686 745 1725 iste
756 1693 848 1719 vivus
862 1689 990 1726 ardeat,
1015 1687 1064 1727 iste
1079 1694 1111 1719 in

230 1733 377 1775 duofiat;
397 1733 469 1775 ficut
482 1741 616 1776 partitus
627 1735 665 1775 est
678 1760 688 1775 ‚
708 1742 862 1777 partiatur
876 1761 883 1767 .
909 1739 940 1769 51*
951 1743 1017 1778 quis
1038 1737 1111 1769 dicit

233 1784 304 1823 duo,
315 1782 477 1817 anathema
482 1784 527 1825 fit.
557 1785 598 1817 Et
610 1785 777 1818 adversum
789 1796 904 1818 omnes
922 1789 1111 1829 generaliter

233 1831 414 1866 orthoxos:
442 1834 617 1877 ,Quidicunt
632 1834 766 1868 DUAS
778 1834 1021 1874 NATURAS
1035 1860 1045 1875 ‚
1068 1837 1106 1868 di-

233 1883 332 1915 vidite
346 1907 356 1923 ,
382 1882 535 1925 interficite
547 1908 558 1924 ,
573 1887 678 1925 ejicite
693 1908 700 1914 .
731 1884 771 1917 Et
794 1884 861 1927 ipse
882 1884 1048 1928 Eutyches
1069 1886 1109 1919 ad

233 1930 464 1976 Theophilum
493 1934 527 1966 δε
550 1934 755 1967 Mam-amem
780 1958 790 1973 ‚
826 1935 931 1970 Sanfii
962 1936 1108 1968 Flaviani

228 1976 446 2025 Presbyte‘ros
471 1984 503 2016 &
530 1983 688 2027 Legatos.
717 1989 753 2016 In
765 1996 824 2026 qua
848 1986 999 2026 Scriptura
1005 1988 1110 2027 jacent

229 2031 366 2066 DUAE
387 2030 626 2067 NATURAE
652 2036 663 2067 ?
692 2036 773 2077 ,Quis
791 2033 961 2077 sanc‘lorum
985 2038 1110 2068 Patrum

201 2109 203 2111 ,
228 2080 368 2122 exposuit
393 2086 482 2114 Deum
505 2086 632 2125 Verbum
655 2083 761 2117 habere
789 2085 922 2119 DUAS
949 2085 1129 2146 NATUel

54 2157 120 2191 A&-
147 2169 169 2189 τι

47 3016 82 3047 ,Ε
105 3023 174 3052 153..

232 2128 326 2163 RAS
349 2130 365 2160 ?
390 2133 455 2173 Ego
478 2132 513 2162 de
536 2135 652 2164 Deitate
672 2144 728 2164 non
752 2132 869 2174 disputo
892 2155 906 2175 ,-
929 2145 1020 2177 neque
1047 2137 1128 2202 dicei

228 2178 370 2212 DUAS
381 2179 643 2215 NATURAS.
673 2180 750 2221 Absit
798 2183 839 2215 Et
859 2183 1019 2216 latrocinii
1033 2184 1127 2227 pra-3

231 2229 282 2262 :ses
292 2228 471 2262 Dioscorus
483 2230 627 2271 perfricta
640 2231 746 2263 fronte
758 2232 874 2265 effutiit
889 2234 928 2265 ad
938 2234 1109 2276 Synodum

229 2277 556 2312 Chalce-lonensem.
586 2279 816 2320 Manifi’stcideo
828 2280 868 2314 ab
894 2281 1109 2324 Ephefinola-

232 2326 376 2360 trocinio
389 2330 549 2361 damnatus
559 2328 597 2368 est
612 2330 783 2362 Flavianus
806 2330 927 2363 Consta
934 2333 1109 2374 ntinopoli-

231 2387 330 2412 tanus
369 2378 545 2421 Episcopus
576 2403 585 2418 ‚
623 2386 759 2421 quoniam
803 2379 865 2420 pist
900 2382 1107 2414 adunationem

230 2427 369 2461 DUAS
393 2430 474 2460 dixit
496 2426 752 2463 NATURAS.
780 2433 846 2473 Ego
867 2440 967 2464 autem
989 2431 1108 2471 testimo-

232 2482 287 2510 κὶα
298 2476 560 2520 habeosanc'lorum
573 2481 699 2511 Parrum
714 2503 725 2519 ,
752 2479 900 2521 Athanasii
913 2505 923 2519 ,
951 2485 1084 2524 Gregorii
1097 2506 1106 2521 ‚

232 2527 334 2565 cyrilli
363 2533 395 2559 in
405 2530 506 2560 multis
531 2529 622 2568 locis,
647 2535 717 2571 quia
731 2541 787 2562 non
808 2538 916 2571 oportet
938 2532 1030 2563 dicere
1046 2531 1107 2572 post

233 2578 445 2611 adunationem
457 2577 591 2613 DUAS
603 2578 638 2612 N
641 2579 846 2613 ATURAS
857 2604 867 2620 ,
889 2579 946 2623 sed
954 2593 1043 2613 unam
1055 2593 1107 2613 na-

230 2634 331 2658 turam
343 2630 398 2659 Dei
411 2628 498 2660 Verbi
509 2633 696 2661 incarnatam
712 2654 719 2661 .
747 2632 815 2672 Ego
826 2641 891 2663 cum
904 2631 1043 2663 Patribus
1055 2635 1106 2672 eji-

231 2679 290 2708 cior
300 2699 311 2715 ,
342 2687 390 2719 ego
401 2676 527 2718 defendo
553 2681 676 2710 Parrum
687 2680 827 2722 dogmata
839 2703 849 2719 ‚
876 2691 932 2712 non
959 2679 1106 2724 transgre-

231 2725 298 2757 dior
318 2731 350 2758 in
365 2729 462 2768 aliquo
474 2751 484 2766 ‚
511 2730 546 2761 (θ’
567 2727 670 2761 horum
682 2729 842 2768 testimonia
855 2740 913 2762 non
927 2729 1105 2772 fimpliciter,

230 2786 325 2816 neque
346 2775 507 2817 transitorie*
520 2801 530 2817 ,
552 2776 609 2821 sed
628 2784 660 2809 in
688 2778 772 2810 libris
795 2777 885 2811 habeo
908 2804 914 2810 .
945 2780 1050 2814 Unde
1071 2782 1104 2815 ὅ(

229 2823 385 2858 Basiliam
409 2826 642 2862 Seleuciensem
669 2828 885 2871 Episcopum,
911 2829 1105 2871 Metropoli-

229 2882 298 2906 tam
322 2875 533 2916 isauriorum,
557 2878 658 2921 quiin
687 2879 793 2912 Sanffi
805 2878 951 2912 Flaviani
967 2880 1103 2922 Synodo

229 2923 454 2966 Eutychetem
472 2927 638 2961 damnarat
662 2928 707 2962 ob
719 2938 849 2972 negatas
868 2929 1002 2964 DUAS
1023 2929 1101 2963 NA-

229 2972 424 3014 TURAS,
452 2975 570 3018 Ephefi
592 2978 699 3021 coegit
711 2978 749 3012 ad
769 2978 860 3023 lianc
878 2978 1078 3021 palinodiam
1095 3004 1101 3011 .

230 3022 335 3065 Accuso
358 3025 392 3057 Θ
419 3025 595 3066 roprehendo
617 3034 768 3069 propriam
791 3039 889 3061 vocem
909 3053 920 3068 ,
954 3040 1045 3070 quam
1066 3031 1103 3063 de

230 3073 442 3109 DUABUS
453 3075 675 3111 NATURIS
683 3077 823 3120 proffeffus
831 3077 898 3121 sum
912 3084 945 3112 in
956 3078 1041 3122 gestis
1053 3079 1100 3111 ba·

228 3122 301 3155 bitis
326 3123 410 3163 apud
418 3127 540 3167 Regiam
565 3133 718 3160 civitatem
730 3150 740 3165 ‚
766 3129 800 3160 (θ’
811 3129 899 3160 adoro
910 3140 1002 3161 unam
1015 3139 1101 3162 natu-

228 3184 297 3205 ram
330 3175 459 3207 Deitatis
486 3181 625 3217 unigeniti
657 3176 845 3210 inhumanati
872 3180 906 3212 (ς’
933 3184 1099 3213 incarnati.

229 3221 333 3269 Qod
344 3222 362 3254 a
375 3223 489 3266 quovis
499 3224 634 3259 duarum
648 3238 831 3261 naturarum
841 3227 1000 3261 adsertore
1015 3229 1100 3262 adse-

228 3272 257 3306 ri
269 3271 431 3306 crederent
443 3272 475 3306 <Sc
486 3272 568 3307 duos
577 3275 641 3308 Dei
653 3277 738 3310 filios
752 3301 762 3317 ‚
789 3278 895 3311 scribit
909 3276 1100 3312 Theodore-

228 3331 281 3356 tus
291 3322 331 3355 ad
343 3321 530 3357 Monachos
541 3323 593 3357 Co
599 3324 929 3369 nstantinopolitanos
941 3352 948 3359 .

1172 341 1300 386 persiana
1310 354 1366 376 non
1379 343 1416 384 ist
1427 367 1438 384 ‚
1463 355 1558 385 neque
1572 355 1626 376 non
1647 346 1799 388 subfistens
1815 371 1831 385 .,
1848 348 2011 386 Naturam
2022 351 2057 384 &

1178 392 1360 436 hypostafin
1384 418 1395 433 ‚
1417 393 1542 436 dogma
1569 396 1743 436 gentilium
1770 397 1868 430 secuti
1893 421 1905 437 ,
1931 410 1999 432 non
2011 399 2059 432 di—

1177 442 1297 487 stingui
1320 443 1480 477 affirmant
1502 467 1508 474 .
1537 443 1610 476 Effe
1638 443 1670 476 id
1694 444 1756 478 illis
1778 446 1917 489 palmare
1943 448 2058 481 funda-

1177 502 1324 526 mentum
1359 494 1404 526 ait
1424 491 1542 526 affidue
1563 493 1596 524 in
1625 493 1776 537 Dialogis
1802 494 2055 531 Theodoretus.

1177 543 1269 576 Hinc
1282 541 1315 575 in
1329 540 1491 585 Ephefino
1506 542 1677 576 latrocinio
1690 543 1870 579 clamarunt
1888 545 2056 584 adversum

1174 591 1400 626 orthodoxos:
1428 591 1597 625 anathema
1621 594 1796 626 dizidenti.
1825 594 1917 629 Duas
1943 597 2056 630 distin-

1175 643 1239 675 ctas
1251 652 1380 675 naturas
1391 641 1579 675 existimant
1593 653 1660 676 non
1671 642 1760 684 posse
1774 654 1841 675 non
1855 646 1917 677 effe
1940 647 2057 680 divisas

1145 723 1147 725 .
1176 692 1209 723 in
1221 692 1300 724 duas
1315 690 1502 734 hypostases
1515 716 1522 723 .
1548 692 1641 724 Hinc
1655 693 1734 726 item
1746 692 1785 726 ad
1799 693 1945 726 reiectam
1963 697 2056 730 inter-

1175 740 1375 774 locutionem
1390 766 1399 780 ,
1427 752 1491 783 qua
1508 742 1542 774 in
1569 743 1676 775 Sancti
1690 742 1834 776 Flaviani
1847 742 1984 784 Synodo
1996 746 2055 779 Ba-

1175 790 1260 823 silius
1273 788 1481 824 Seleucien'fis
1492 791 1532 824 ab
1545 790 1730 835 Eutychcte
1746 803 1897 835 exegerat
1920 791 2057 828 duarum

1176 841 1207 872 in
1222 839 1354 873 Christo
1368 841 1520 873 Domino
1534 851 1719 875 naturarum
1742 842 1980 876 UNlONEM
1995 839 2057 877 SE-

1175 889 1407 924 CUNDUM
1420 890 1731 924 HYPOSTASIN
1743 916 1753 931 ,
1780 893 1815 925 in
1830 891 1998 935 Ephelino
2016 894 2057 926 la-

1175 940 1316 973 trocinio
1323 951 1400 972 unus
1413 941 1530 981 quidem
1542 963 1552 980 ‚
1579 939 1670 983 neftio
1680 947 1747 983 quis
1761 965 1771 980 ,
1790 944 1916 983 projecit
1920 940 2058 984 seipsum

1175 995 1205 1021 in
1218 991 1345 1022 medium
1358 1015 1368 1029 ‚
1394 991 1428 1023 (9⁹
1439 991 1533 1022 dicere
1544 996 1629 1031 coepit
1643 1004 1649 1023 z
1677 991 1803 1037 QJIA
1820 992 1856 1024 H
1862 991 1942 1025 AEC
1955 991 2057 1026 VOX

1178 1039 1444 1074 ECCLESIAM
1482 1040 1879 1076 CONTURBAVIT.
1928 1043 1973 1075 Et
1994 1043 2058 1084 ipse

1176 1088 1340 1131 Eutyches
1352 1090 1391 1122 ad
1404 1090 1563 1131 Joannem
1579 1089 1806 1133 Presbyterum
1830 1091 1863 1125 &
1886 1089 2058 1126 Andream

1175 1139 1365 1172 Diaconum
1379 1162 1389 1177 ,
1416 1139 1522 1171 Sansti
1545 1140 1738 1182 Flaviani&
1756 1141 1976 1183 *Synodiejus
1997 1142 2058 1175 Le-

1175 1198 1266 1231 gatos
1278 1211 1287 1226 ,
1314 1186 1417 1220 dixit:
1444 1190 1498 1219 Ex
1512 1189 1629 1220 duabus
1648 1196 1764 1222 naturis
1775 1197 1867 1223 unitis
1880 1190 2058 1225 SECUN-

1177 1237 1294 1271 DUM
1317 1236 1839 1282 SU'BSISTEQNTlAMfac‘ium
1856 1240 1941 1283 fuisse
1955 1244 2056 1273 Domi-

1174 1299 1244 1320 num
1267 1298 1358 1328 neque
1371 1287 1462 1319 didici
1485 1292 1518 1318 in
1542 1287 1762 1329 cxpofitionibus
1791 1292 1941 1329 Parrum,
1968 1302 2059 1332 neque

1169 1335 1314 1379 suscipio,
1333 1335 1364 1378 fi
1379 1342 1532 1380 contigerit
1544 1337 1583 1369 ab
1607 1339 1705 1380 aliquo
1715 1338 1787 1370 mibi
1807 1339 1869 1371 tale
1893 1341 2012 1381 aliquid
2019 1342 2058 1377 le-

1169 1392 1225 1430 gi,
1251 1399 1323 1429 quia
1346 1390 1471 1419 Divinae
1493 1389 1657 1428 Scriptura*
1679 1389 1809 1421 meliores
1824 1388 1897 1431 siim
1926 1392 2056 1422 Patrum

1174 1436 1314 1469 doblrints
1327 1461 1334 1468 .
1363 1435 1540 1471 Unionem
1553 1439 1586 1470 in
1611 1436 1771 1481 hypostasi
1784 1438 1923 1473 credidit
1941 1438 2057 1473 distin-

1174 1488 1228 1531 gui
1244 1498 1309 1520 non
1325 1486 1411 1528 poffe
1423 1486 1464 1520 ab
1476 1487 1599 1521 unione
1612 1488 1644 1520 in
1659 1498 1771 1522 natura
1783 1513 1790 1521 .

1224 1535 1380 1569 Notanda
1402 1538 1475 1570 sunt
1498 1537 1592 1571 verba
1614 1538 1768 1572 Dioscori
1791 1563 1804 1578 ‚
1829 1539 1948 1582 quibus
1973 1538 2056 1573 dicit

1173 1584 1363 1619 damnatum
1388 1585 1605 1626 Flavianum,
1631 1589 1719 1630 quod
1740 1589 1775 1622 in
1789 1590 1940 1623 Domino
1963 1590 2056 1623 adtir-

1173 1636 1268 1669 marit
1290 1634 1370 1669 duas
1381 1645 1510 1669 naturas
1533 1636 1595 1676 Post
1617 1639 1845 1671 adunationem.
1876 1640 1925 1673 lbi
1946 1641 2055 1682 posuit

1173 1685 1239 1719 vim
1263 1710 1271 1717 .
1296 1686 1400 1730 Qod
1437 1697 1577 1729 namque
1610 1686 1807 1729 Ephefinum
1843 1688 2055 1723 latrocinium

1173 1737 1317 1769 everterit
1331 1746 1516 1769 naturarum
1543 1737 1797 1778 proprietates&
1817 1737 2029 1773 differentiam
2044 1764 2055 1779 ,

1173 1795 1345 1827 earumque
1356 1785 1776 1827 confufioneminduxerit,
1803 1788 1913 1822 dicens
1925 1814 1936 1828 ‚
1963 1790 2052 1832 quod

1176 1847 1271 1869 nemo
1293 1834 1463 1876 hactenus,
1489 1835 1551 1868 effe
1564 1847 1662 1871 unam
1690 1837 2056 1872 Divinitatis&huma-

1175 1886 1286 1918 nitatis
1310 1896 1478 1925 naturam,
1505 1885 1614 1919 scribit
1637 1886 1870 1921 Theodoretus
1897 1889 1938 1922 ad
1959 1888 2055 1922 Euso-

1174 1935 1265 1968 bium
1287 1935 1525 1969 Scholasticum
1545 1936 1578 1969 &
1602 1936 1801 1979 Episcopum
1815 1937 2031 1973 Sabinianum
2044 1962 2054 1970 .

1174 1985 1379 2025 Damnatus,
1405 1985 1558 2027 inquam,
1583 1986 1627 2019 est
1651 1987 1784 2020 Sanctus
1808 1988 1985 2025 Flavianus
2009 1987 2055 2022 ob

1172 2034 1362 2070 damnatum
1384 2033 1468 2067 hanc
1482 2034 1676 2076 Eutychetis
1700 2036 1732 2069 in
1744 2037 1797 2070 sua
1824 2038 1961 2079 synodo
1974 2037 2056 2072 blas-

1174 2083 1321 2126 phemam
1341 2079 1568 2127 profeilionem
1581 2099 1592 2117 :
1620 2085 1809 2126 Confiteor-ex
1824 2088 1939 2120 duabus
1963 2095 2053 2120 natu-

1171 2140 1214 2166 ris
1237 2133 1329 2176 fuiffe
1362 2138 1517 2166 Dominum
1551 2133 1676 2171 nostrum
1708 2145 1780 2168 ante
1818 2138 2053 2177 adunationem,

1174 2183 1295 2215 POST
1327 2182 1706 2217 ADUNATioN-EM
1718 2187 1789 2217 vero
1812 2197 1901 2219 unam
1912 2196 2054 2220 naturam

1171 2231 1324 2273 confiteor.
1352 2232 1453 2264 Aliud
1475 2231 1516 2265 ab
1536 2233 1596 2266 illo
1619 2244 1720 2276 neque
1733 2236 1929 2274 Flavianus,
1951 2248 2054 2280 neq-ue

1168 2281 1326 2314 finiebius
1348 2282 1547 2315 Dorileenfis
1569 2283 1676 2324 potuit
1697 2294 1911 2328 extorquere.
1960 2286 2053 2332 Qin

1170 2330 1312 2364 Patricio
1340 2331 1529 2370 Florentio,
1553 2332 1682 2375 urgenti
1711 2334 1751 2367 ad
1763 2336 1900 2368 duarum
1926 2347 2055 2370 natura-

1170 2392 1240 2413 rum
1263 2381 1497 2414 conseffionem
1520 2407 1530 2421 ,
1555 2382 1722 2424 respondit
1741 2396 1748 2415 ε
1777 2388 1844 2428 Ego
1863 2387 1920 2428 legi
1936 2384 2052 2428 scripta

1169 2430 1247 2462 beati
1260 2432 1383 2472 Cyrilli,
1410 2430 1620 2473 &sauciorum
1631 2436 1758 2466 Patrum
1772 2458 1781 2473 ,
1803 2435 1949 2468 &Sanc‘li
1961 2436 2052 2468 Athm-

1168 2479 1259 2521 nafii,
1287 2487 1424 2522 quoniam
1434 2493 1471 2514 ex
1496 2482 1612 2514 duabus
1635 2485 1754 2524 quidem
1768 2491 1884 2517 naturis
1912 2484 2050 2522 ANTE

1172 2530 1476 2565 ADUNATiON
1484 2531 1571 2571 EM,
1594 2532 1655 2573 post
1667 2534 1874 2568 adunationem
1885 2543 1985 2567 autem
2013 2537 2047 2568 (5

1167 2585 1402 2623 incarnationem
1410 2583 1541 2621 nonjam
1552 2583 1629 2614 duas
1654 2591 1782 2615 naturas
1795 2607 1805 2623 ,
1825 2583 1985 2626 sedunam
1997 2597 2051 2616 na·

1167 2638 1268 2661 turam
1287 2632 1449 2663 dixerunt.
1478 2629 1532 2663 Ad
1560 2632 1730 2674 quaerecie
1751 2634 1892 2675 reposuit
1914 2633 2048 2669 Basilius

1167 2679 1388 2712 Seleucienfi‘s.
1414 2683 1444 2711 5i
1466 2682 1579 2713 dixerit
1604 2705 1614 2720 ‚
1643 2681 1705 2714 EX
1732 2681 1946 2722 DUABUS>
1962 2682 2048 2723 NA-

1170 2728 1321 2762 TURIS
1334 2755 1344 2770 ‚
1370 2729 1491 2763 POST
1504 2730 1888 2765 ADUNATIONEM
1904 2732 2045 2770 NERO

1170 2777 1346 2819 UNAM,
1373 2781 1474 2812 &non
1499 2781 1680 2820 addideris,
1706 2780 2045 2816 INCARNATAM

1166 2827 1232 2861 ET
1245 2829 1295 2862 IN
1300 2828 1492 2862 HUMAN
1497 2830 1641 2863 ATAM
1654 2855 1664 2869 ,
1686 2832 1841 2872 putaberis
1859 2831 2045 2873 confufioncm

1165 2879 1258 2911 dicere
1283 2880 1315 2912 <a
1341 2886 1592 2921 commixtionem3
1613 2879 1644 2921 fi
1658 2891 1757 2914 autem
1775 2882 1930 2915 addideris
1943 2906 1952 2921 ‚
1978 2882 2047 2914 IN-

1167 2928 1454 2971 CARNATAM
1466 2929 1533 2963 ET
1554 2929 1968 2971 INHUMANATAM‚
1994 2943 2042 2964 ea-

1163 2979 1230 3010 dem
1241 2989 1307 3011 cum
1319 2979 1463 3011 Patribus
1476 2981 1551 3012 dicis
1562 3004 1569 3011 .
1597 2978 1792 3014 Athanalius
1800 2980 1958 3024 quippe&
1976 2982 2044 3023 Cy-

1163 3028 1253 3060 rillus
1273 3039 1478 3071 nequaquam
1502 3029 1685 3072 iimpliciter
1708 3041 1805 3066 unam
1828 3031 1861 3064 in
1890 3031 2043 3064 Domino

1165 3088 1332 3121 naturam,
1361 3078 1412 3112 sed
1435 3078 1588 3112 dixerunt
1601 3091 1699 3113 unam
1722 3090 1870 3115 naturam
1898 3081 2041 3114 incarna-

1161 3138 1244 3160 tam.
1273 3127 1514 3168 Patrumverba
1537 3128 1735 3163 truncareest
1748 3133 1918 3174 antiquum
1945 3130 2041 3172 privi-

1161 3178 1283 3220 legium
1306 3176 1545 3210 haereticorum.
1574 3178 1682 3212 Etiam
1709 3180 1888 3214 Dioscorus
1913 3178 1953 3211 ad
1977 3178 2041 3221 ple-

1161 3237 1237 3259 nam
1261 3226 1433 3267 synodum
1466 3225 1766 3262 Chalcedonensem
1796 3239 1943 3262 evomere
1967 3239 2042 3262 non.

1159 3274 1286 3308 erubuit
1297 3288 1308 3308 .·
1335 3279 1389 3308 Ex
1403 3276 1517 3309 duabus
1531 3285 1645 3309 naturis
1658 3277 1782 3321 suscipio
1795 3302 1805 3317 ‚
1832 3278 1908 3310 duas
1922 3276 2037 3319 nonsu-

1154 3323 1265 3368 J'cipio,
1293 3325 1484 3368 utiquepost
1506 3327 1759 3362 adunationem.
1788 3327 1832 3361 Et
1843 3326 1883 3360 ad
1910 3327 2039 3361 reiectas

281 3371 407 3404 Erroris
428 3373 675 3407 fundamentum
700 3374 755 3407 dat
782 3377 864 3418 apud
891 3376 1049 3411 Photiutn
1063 3377 1097 3410 in
1159 3374 1252 3408 hasce
1273 3373 1394 3408 laudati
1419 3375 1522 3409 Bafilii
1552 3387 1671 3415 voceS‚
1697 3378 1789 3408 Adoro
1802 3380 1958 3410 Dominum
1975 3375 2039 3417 post

229 3418 434 3456 Bibliotheca
456 3423 588 3457 sanstus
600 3424 760 3457 Efremius
772 3423 956 3461 patriarcha
978 3425 1096 3460 Antio-

328 3470 434 3512 christ.
453 3475 533 3517 Lupi
544 3478 631 3517 oper.
644 3477 722 3511 Tem,
736 3478 773 3507 Π.

1160 3430 1391 3460 incarnationem
1401 3431 1434 3459 in
1448 3426 1561 3459 duabus
1576 3431 1694 3458 naturis
1720 3432 1863 3470 cognitum
1875 3451 1886 3467 ,
1913 3425 2040 3468 Ephesi-

1581 3476 1614 3510 D
1664 3488 1688 3515 2
1910 3486 1991 3510 num

2116 290 2179 315 229.
