2340 3736
493 191 566 235 DE
602 197 783 232 vocnws
820 183 1107 241 Sues-mmm,
1141 182 1348 230 Esse-Nm
1360 215 1374 240 ,
1410 183 1613 234 PssasoNA
1629 189 1738 246 ,δια

219 285 287 309 non
302 274 504 311 admitteret.
531 274 576 308 Et
590 271 684 316 hujus
695 270 847 316 Synodus
859 272 922 308 fuit
932 270 983 305 illi
995 271 1100 306 offen-

220 325 422 370 sagraviter,
442 335 482 359 ae
491 321 569 357 dure.
578 323 727 357 monuit.
755 323 850 357 Hinc
873 322 930 356 ille
947 333 1016 356 non
1029 320 1097 355 sola

219 385 302 409 voce
319 377 351 411 se
360 375 507 419 purgavit
517 397 527 413 ‚
555 374 608 408 sed
620 374 720 408 etiam
743 384 798 416 per
809 371 935 408 editum
955 372 1075 406 librum
1086 395 1096 411 ,

218 426 275 459 cui
294 424 383 459 dedit
402 423 561 458 Titulum
584 424 810 458 Refutationis
835 434 872 456 ac
898 422 1094 465 Apologiae.

221 474 432 509 Demonstrat
452 476 484 508 se
494 474 700 508 constantem
723 483 760 506 ac
783 482 928 515 apertum
941 470 1100 505 Profeffo·

220 536 289 559 rem
298 524 388 558 istius
399 524 571 559 vocabuli.
598 520 693 558 Hinc
705 520 901 556 Athanasius
926 522 1023 555 infert
1038 520 1074 556 N
1078 520 1101 554 i-

218 587 341 610 mmam
363 573 536 619 synodum
558 583 764 617 nequaquam
785 570 947 606 induxisse
968 571 1103 605 damna-

220 635 271 660 tas
291 636 411 660 vocum
421 624 584 659 novitates
596 647 608 664 ,
635 623 689 656 sed
711 633 807 656 voces
829 621 978 665 probatas
998 621 1017 655 a
1042 621 1102 654 Pa-

221 676 323 710 tribus
340 702 347 708 .
375 675 520 708 Infinuat
541 682 638 716 atque
655 671 807 706 adfirmat
828 670 890 705 hos
913 670 997 706 duos
1025 680 1100 705 cum

222 727 287 760 fluis
300 723 440 769 synodis
450 724 632 766 Dionyfios
652 732 722 756 non
734 721 827 755 fuiffe
849 720 907 761 ista
919 719 1103 755 Antioche-

222 788 264 810 na
286 774 424 820 Synodo
443 774 632 811 inferiores,
653 782 835 815 eorumque
860 771 1101 807 Austoritatem

219 837 289 861 non
312 825 423 859 minus
446 821 700 866 irrefragabilem
721 847 728 853 .
754 821 912 857 Etecerte
936 821 1103 864 utriusque

219 875 374 920 synodus
385 872 447 908 fuit
458 872 711 907 numerofiffima
723 897 729 904 .

269 940 408 986 Largius
428 937 497 973 haec
517 938 734 974 declaraturus
753 936 951 973 Athanasius
971 937 1103 972 adducit

218 1002 262 1026 ex
283 989 505 1035 Apologetica
536 988 756 1024 Alexandrini
777 989 930 1032 Dionyfii
956 988 1103 1033 Epistola

218 1040 344 1087 infigne
363 1041 604 1086 fragmentum,
632 1050 728 1083 atque
740 1039 967 1083 prosequitur:
995 1041 1027 1074 si
1043 1040 1102 1084 igi-

219 1100 274 1126 tur
293 1091 409 1137 aliquis
429 1090 542 1136 carpsit
560 1091 732 1135 Nicaeum,
769 1091 852 1134 quod
882 1100 941 1123 non
966 1088 1103 1124 dixerint

219 1140 327 1173 omnia
337 1162 350 1181 ‚
373 1150 441 1185 quae
461 1138 598 1183 ipsbrum
618 1134 870 1181 ,Anteceffiiribus
892 1137 1104 1181 placuerunt,

220 1187 306 1221 idem
325 1197 447 1231 quoque
466 1184 577 1221 merite
595 1185 744 1230 carpserit
756 1184 962 1229 septuaginta
980 1183 1101 1228 Episco-

214 1243 274 1280 pos
283 1257 296 1274 ,
319 1233 419 1269 ‘Pauli
429 1232 652 1277 Samosatensis
661 1233 910 1268 condemnatores
919 1255 938 1273 ,‚
953 1232 1033 1277 quod
1043 1241 1080 1265 ea
1092 1252 1104 1270 ,

218 1292 288 1327 qua
298 1280 543 1322 ¹Anteceslrorurn
558 1288 666 1321 erant,
676 1290 736 1313 non
745 1277 989 1322 observaverint
998 1301 1007 1312 .
1030 1283 1103 1315 ‚An-

218 1325 373 1371 tecessbres
383 1335 495 1361 autem
501 1337 605 1361 eorum
617 1327 697 1369 sunt
706 1327 766 1360 duo
775 1325 911 1370 Dionysii
918 1349 933 1367 ‚
943 1325 1104 1368 caeterique

215 1377 276 1421 qui
293 1381 396 1413 Romae
415 1383 491 1408 tune
499 1374 678 1420 congregati
689 1372 843 1418 suerunt.
869 1378 986 1408 Verum
1005 1382 1103 1416 neque

215 1424 273 1457 hos
285 1446 297 1463 ,
335 1432 435 1467 neque
453 1420 525 1458 illos
546 1420 603 1465 fas
623 1419 665 1463 effi
695 1419 842 1464 culpare:
883 1425 998 1454 Omnes
1021 1420 1103 1453 enim

218 1468 332 1510 christi
361 1480 468 1506 curam
489 1466 669 1515 gefferunt‚
688 1468 812 1513 suaque
831 1476 940 1502 contra
973 1467 1101 1502 Hareti·

217 1516 378 1559 cosftudia
389 1517 614 1553 intenderunt.
639 1523 682 1552 Et
706 1514 741 1549 hi
755 1516 882 1561 quidem
903 1514 1102 1557 samosaten-

214 1564 286 1609 sem
295 1588 308 1605 ,
340 1563 392 1599 illi
410 1563 486 1598 verb
506 1564 671 1600 ,Ar-ianam
700 1561 833 1607 Haerefin
878 1563 1103 1597 condemnave-

221 1620 317 1646 runt.
345 1609 424 1647 Beni?
434 1609 626 1647 verb&illi
638 1634 651 1652 ,
675 1611 719 1647 ά*
738 1610 771 1645 hi
789 1612 828 1645 de
841 1608 986 1653 subJec‘la
1004 1616 1102 1643 mate-

220 1661 271 1693 ria
276 1657 440 1702 scribunt.
465 1664 507 1694 Et
520 1659 781 1704 quomadmodum
802 1659 918 1693 Beatus
937 1655 1107 1702 ,Apostolus

218 1710 254 1741 in
266 1704 400 1751 Epistola
411 1705 473 1749 sua
491 1708 532 1741 ad
543 1712 696 1745 Romanos
718 1706 822 1743 dixit:
847 1712 912 1743 Lex
931 1703 1108 1750 spiritualis

217 1753 261 1797 eli
271 1779 281 1789 .
305 1759 370 1791 Eex
377 1753 494 1791 Sancta
504 1752 558 1796 est,
570 1760 762 1813 Praeceptum
773 1754 922 1789 sant‘t'um
931 1751 1047 1798 julium
1063 1753 1105 1787 (θ’

217 1800 337 1837 honum
351 1826 359 1837 .
385 1805 445 1837 Ad
455 1799 597 1837 Hebraeos
608 1813 685 1837 vero
705 1801 798 1836 aliter
802 1800 926 1846 scripsit
938 1826 946 1835 .
970 1807 1033 1836 Lex
1054 1809 1105 1833 ne-

216 1846 487 1894 minemperficit.
512 1855 555 1885 Et
566 1851 606 1884 ad
617 1848 767 1884 Galatas':
793 1852 831 1882 ln
854 1854 932 1893 Lege
951 1859 1038 1883 nemo
1049 1848 1105 1889 Ju—

213 1894 390 1939 stificatur.
414 1900 530 1942 ‘Neque
540 1905 644 1931 tamen
656 1898 726 1942 quis
738 1893 776 1931 ob
786 1897 818 1930 id
827 1897 977 1932 santium
997 1901 1107 1931 Virum

220 1942 468 1988 reprehenderit,
501 1943 589 1988 quasi
608 1946 662 1988 qui
682 1945 839 1979 contraria
863 1946 905 1979 &⁴
923 1944 1103 1989 pugnantia

214 1989 361 2035 scribat,
390 1991 447 2034 sed
460 1992 568 2035 potius
591 1991 693 2035 ipsum
717 1992 923 2027 admiratione
936 1990 1101 2036 prosbqua-

219 2047 296 2079 tur,
321 2040 403 2082 quod
422 2045 492 2072 tam
502 2039 704 2083 congruentia
722 2047 779 2082 pro
799 2050 831 2073 re
846 2047 924 2073 nata
942 2040 982 2073 ad
996 2039 1101 2083 singu-

219 2085 268 2119 los
272 2085 392 2129 scripta
405 2086 539 2127 mittat,
563 2093 601 2120 ut
620 2086 663 2121 (θ’
685 2087 840 2127 Romani,
864 2091 907 2122 ey*
926 2086 984 2120 alii
1001 2087 1103 2120 condi-

213 2132 488 2176 scerentcilittera
498 2133 540 2167 ad
547 2134 699 2177 Spiritum
716 2135 860 2168 converti
870 2157 883 2174 ,
908 2134 1028 2169 Hebraei
1045 2144 1098 2167 ve·

218 2178 255 2214 τὸ
281 2181 325 2215 &⁴
345 2179 468 2215 Galatae
488 2179 741 2222 instituerentur,
766 2191 825 2215 non
845 2182 878 2215 in
897 2186 1029 2226 Legem,
1046 2179 1103 2218 sed

218 2230 253 2261 in
274 2224 413 2262 datorem
435 2230 524 2273 Legis
535 2228 624 2272 spem
641 2228 736 2272 suam
755 2226 887 2264 habere:
911 2230 960 2262 ita
980 2238 1102 2273 quoque

219 2277 278 2319 etsi
296 2272 459 2309 amborum
470 2276 681 2311 conciliorum
705 2282 821 2311 Patres
843 2275 1049 2320 diversimode
1067 2276 1103 2310 de

219 2319 481 2365 consubstantiali
491 2325 676 2357 mentionem
686 2323 847 2370 fecerunt,
871 2333 1047 2358 &atamen
1066 2334 1101 2356 ea

221 2372 258 2404 de
282 2369 379 2411 causa
402 2367 442 2404 ab
467 2369 534 2405 iliis
557 2369 691 2414 diffidere
710 2368 876 2413 debemus,
895 2372 953 2415 sed
978 2371 1102 2405 illorum

220 2423 342 2450 mentes
354 2416 492 2459 scrutari
502 2441 511 2448 ·
535 2417 659 2466 „Quodfi
671 2417 840 2461 fecerimus
851 2442 863 2458 ‚
875 2418 998 2453 omnin&
1010 2420 1098 2452 inve-

221 2464 347 2498 niemus
367 2461 478 2497 ambas
500 2466 631 2503 synodos
655 2467 736 2499 inter
755 2465 792 2508 se
816 2465 984 2508 consentire
1004 2491 1012 2499 .
1039 2467 1104 2512 Qi

221 2512 305 2545 enim
337 2510 584 2555 samosatensem
609 2510 803 2554 sustulerunt
821 2536 835 2554 ,
867 2512 948 2548 hanc
971 2523 1081 2547 vocem
1092 2535 1105 2552 ‚

222 2563 285 2593 Con
284 2556 312 2601 s
306 2555 494 2599 ubstantiale
506 2583 518 2600 ,
531 2558 730 2601 corporaliter
741 2568 881 2603 accepere
891 2571 903 2592 s
928 2565 1006 2595 Cum
1017 2566 1105 2595 Pau-

221 2605 276 2640 lus
279 2603 473 2648 fhphisticari
483 2605 585 2641 vellet
597 2629 610 2646 ‚
631 2606 815 2642 &dicerem
840 2608 875 2642 si
893 2605 1028 2648 chrislus
1046 2617 1105 2640 non

222 2650 398 2691 exhomine
407 2659 493 2688 Deus
506 2651 614 2699 factus
632 2651 672 2693 esi
683 2677 695 2693 ‚
719 2652 819 2699 igitur
837 2652 1106 2697 consubstantialis

222 2698 264 2741 esi
278 2701 396 2742 Patri,
420 2701 463 2736 Θ*
482 2698 644 2745 neceffarib
649 2700 797 2746 sequitur
816 2709 878 2736 tres
896 2698 953 2744 effe
958 2699 1104 2745 substan-

222 2748 312 2787 tias,
337 2758 434 2781 unam
454 2751 581 2796 quidem
599 2760 668 2794 quae
685 2749 772 2792 prior
787 2745 853 2794 sit,
877 2757 914 2783 ut
932 2751 1104 2794 Princeps,

220 2794 363 2840 reliquas
373 2793 450 2830 vera
462 2798 539 2831 duas
557 2808 598 2832 ex
608 2808 644 2831 ea
654 2796 819 2831 oriundas.
843 2798 974 2842 Ideoque
992 2796 1102 2832 meritb

221 2843 370 2876 vitantes
379 2841 459 2878 illud
468 2842 630 2888 sophisma
640 2842 762 2886 Pauli,
781 2844 929 2880 dixerunt
949 2843 1102 2887 Christum

220 2899 282 2923 non
300 2886 356 2934 effi:
364 2890 655 2935 consubstantiale.
680 2896 759 2936 Non
784 2893 867 2926 enim
890 2893 938 2925 ita
944 2892 980 2935 se
1003 2890 1099 2928 habet

220 2935 324 2973 Filius
342 2938 383 2972 ad
410 2945 564 2981 Patrem,
588 2947 626 2974 ut
653 2938 707 2974 ille
727 2937 886 2986 cogitabat
905 2964 914 2972 .
940 2938 994 2975 Illi
1023 2938 1103 2974 vero

221 2985 278 3028 qui
308 2986 471 3021 arianam
497 2987 630 3032 Haeresin
670 2986 892 3024 anathemate
931 2994 1102 3030 notarunt,

221 3032 431 3077 cognoscentes
451 3045 509 3068 non
528 3040 714 3070 creaturam
723 3058 736 3077 ,
755 3035 812 3077 sed
840 3036 989 3070 Genitum
1010 3036 1102 3079 quid-

220 3080 296 3113 dam
315 3092 356 3116 ex
381 3080 561 3124 substantia
592 3084 701 3117 Patris
721 3080 777 3127 effe
806 3082 943 3124 Filium,
967 3084 1011 3118 ά*
1024 3081 1100 3126 fub-

215 3125 370 3168 stantiam
388 3131 499 3164 'Patris
518 3127 573 3174 effe
592 3131 741 3176 originem
751 3155 765 3173 ,
788 3131 947 3171 radicem,
972 3132 1016 3167 Θ
1029 3131 1101 3176 son—

221 3182 287 3209 tem
297 3175 391 3217 filii,
416 3180 460 3213 (y
488 3188 600 3214 ‘veram
616 3179 828 3223 undecumque
845 3178 900 3220 effe
919 3175 1101 3222 similitudi—

221 3231 294 3256 nem
314 3225 419 3258 Geniti
437 3234 509 3260 cum
529 3226 693 3267 Genitore,
719 3228 761 3263 &¹
784 3235 989 3273 nequaquam
1007 3237 1078 3261 eum
1091 3249 1103 3267 ,

222 3269 274 3303 uti
292 3281 346 3304 nos
355 3293 368 3311 ,
391 3273 526 3317 diversa
540 3280 660 3307 naturae
677 3271 756 3317 effe,
780 3285 817 3308 ac
830 3273 960 3318 proinde
973 3271 1102 3317 separa-

222 3317 252 3350 νὶ
271 3317 290 3351 ἁ
308 3323 430 3361 Patre,
450 3321 506 3363 sed
527 3320 620 3364 ipfius
644 3332 714 3355 eum
743 3318 799 3365 effe
817 3320 960 3361 Filium,
985 3331 1039 3355 nec
1064 3317 1104 3355 ab

223 3372 256 3397 eo
279 3365 386 3399 dividi
401 3364 483 3411 poffie
493 3391 506 3409 ‚
530 3377 569 3402 ut
588 3379 649 3403 nec
668 3368 818 3413 Splendor
833 3369 852 3403 ἁ
873 3374 974 3410 Luce,
999 3369 1041 3404 (φ’
1046 3376 1104 3412 pro

217 3411 256 3456 se
285 3408 432 3448 babentes
461 3415 598 3459 Dionysii
630 3416 798 3459 exempla,
816 3415 938 3460 fontem
958 3414 1080 3459 scilicet
1092 3438 1104 3456 ,

223 3459 267 3499 φ·
294 3459 624 3501 consubstantialitatis
653 3463 846 3509 ⁸Apologiam
858 3488 871 3505 ‚
895 3468 938 3500 (φ’
952 3470 1103 3508 praterea

329 3505 431 3550 christ.
443 3512 520 3555 Lupi
528 3515 612 3555 oper.
624 3515 742 3547 TomJI.

1885 204 1906 249 3
1919 205 1980 246 29

1166 270 1331 305 unitricem
1352 267 1531 305 salvatoris
1542 281 1647 306 vocem
1658 298 1671 315 ‚
1694 280 1761 321 Ego
1779 275 1824 311 Θ·
1839 280 1940 310 ‘Pater
1951 287 2052 312 unum

1161 318 1293 359 sumus,
1316 315 1367 352 his
1396 318 1432 352 de
1461 317 1561 362 causis
1584 319 1693 355 meritc)
1721 323 1851 359 adducti
1876 324 1956 367 sunt
1976 347 1989 365 ,
2012 332 2050 358 ut

1168 365 1283 400 Filium
1312 363 1615 408 consubstantialem
1641 368 1793 403 dicerent.
1830 376 1872 406 Et
1897 373 2048 417 quemad-

1167 411 1290 454 modum
1307 424 1469 458 nunquam
1488 414 1656 458 quisquam
1683 415 1870 459 ,Apostolum
1894 416 2053 462 culpave-

1166 463 1232 503 rit,
1255 462 1336 506 quod
1356 462 1393 495 de
1412 460 1478 506 lege
1498 463 1539 495 ad
1554 459 1644 501 istum
1664 464 1790 498 modum
1812 466 1988 507 Romanis,
2010 465 2053 498 ad

1167 508 1258 542 illum
1277 506 1355 542 verb
1377 507 1514 543 Hebraeis
1538 506 1681 552 scribat,
1714 511 1761 543 ita
1782 507 1945 555 Neoterici
1976 513 2053 548 ‘Pr-i·-

1161 556 1228 599 scos
1247 554 1383 590 homines
1411 567 1573 602 nunquam
1593 555 1796 601 culpaverint
1824 581 1836 599 ‚
1866 559 1894 603 si
1916 561 2052 595 videant

1167 614 1269 637 eorum
1294 611 1428 638 mentem
1448 605 1491 639 ὅθ’
1510 605 1813 648 interpretationem.
1837 611 1957 651 Neque
1982 619 2053 642 rur-

1162 651 1218 694 sus
1239 650 1341 693 'Prisci
1370 654 1554 693 Neotericos
1577 651 1824 695 reprehenderint
1850 677 1862 695 ,
1882 654 1910 697 fi
1933 654 2055 699 conspi-

1165 700 1252 733 ciant
1270 709 1329 742 quo
1349 701 1454 732 animo
1467 700 1483 740 ‚'
1504 700 1547 734 &¹
1566 701 1598 732 in
1619 710 1711 744 quem
1732 700 1824 743 usum
1850 703 1887 736 de
1916 703 2051 735 Domino

1162 744 1305 790 scribant
1315 756 1326 787 ς
1351 757 1426 779 nam
1446 756 1579 791 utraque
1600 749 1737 785 synodus
1756 747 1870 790 justam
1888 746 1985 783 habet
2008 749 2052 783 &⁶

1168 791 1384 827 rationabilem
1412 794 1564 837 causam,
1597 805 1653 827 cur
1683 795 1743 829 illa
1771 797 1813 830 ad
1842 796 1958 837 illum,
1996 793 2054 836 isla

1168 840 1245 875 verb
1266 842 1307 875 ad
1325 838 1417 881 isium
1436 844 1563 876 modum
1582 841 1645 884 sua
1674 840 1775 876 verba
1805 843 2055 888 temperaverit.

1167 889 1427 938 ‚Qandoquidem
1446 890 1554 930 enim,
1588 889 1632 924 (θ’
1655 891 1877 935 samosatensis
1892 887 2054 934 sentiebat

1169 938 1285 971 Filium
1305 944 1377 970 ante
1395 938 1534 971 Mariam
1562 947 1620 971 non
1643 933 1763 982 fuiffe,
1786 939 1844 983 sed
1871 937 1911 973 ab
1930 949 1969 972 ea
1987 937 2055 980 suae

1170 982 1309 1027 Effintiae
1347 985 1475 1018 initium
1509 981 1671 1029 accepiffe,
1705 984 1773 1020 ideb
1805 987 1948 1030 Episcopi
1979 993 2056 1020 tunc

1169 1033 1345 1076 congregati
1363 1031 1518 1066 hominem
1539 1033 1692 1076 Har-eseos
1710 1034 1947 1068 condemnatum
1964 1030 2056 1067 abdi-

1172 1088 1283 1113 carunt
1295 1103 1308 1120 ‚
1332 1080 1375 1115 (9⁸
1395 1081 1433 1114 de
1450 1079 1526 1116 Filii
1547 1081 1722 1116 divinitate
1725 1080 1897 1126 fimplicius
1912 1079 2055 1125 scriben-

1169 1135 1238 1167 tes,
1263 1137 1323 1160 non
1341 1126 1528 1171 exquifitam
1548 1127 1746 1172 diligentiam
1769 1130 1802 1163 in
1821 1130 1975 1165 Trat'tatu
1994 1127 2054 1163 hu·

1169 1174 1221 1218 jus
1241 1175 1352 1216 vocis,
1376 1173 1635 1218 consubstantiale
1646 1199 1660 1217 ,
1683 1173 1917 1218 adhibuerunt,
1936 1175 1993 1220 sed
2010 1184 2047 1211 uc

1167 1234 1183 1255 a
1197 1229 1358 1266 cceperant
1376 1223 1415 1257 de
1433 1220 1718 1266 consubstantiali,
1753 1227 1801 1259 ita
1826 1224 1924 1260 locuti
1950 1224 2052 1267 sunt.

1172 1268 1207 1303 In
1226 1281 1258 1303 eo
1277 1272 1360 1304 enim
1378 1280 1498 1306 omnem
1517 1281 1624 1307 curam
1643 1268 1802 1308 habebant
1813 1295 1826 1314 ‚
1849 1280 1888 1306 ut
1906 1272 1987 1319 quod
1996 1277 2058 1308 Sa-

1171 1315 1348 1360 mosatenfis
1376 1321 1638 1364 excogitaverat,
1661 1318 1827 1361 tollerent,
1851 1320 1894 1357 &
1918 1321 2055 1354 docerent

1172 1371 1244 1397 ante
1262 1365 1367 1398 omnia
1385 1366 1503 1399 Filium
1517 1363 1633 1409 fuisse,
1657 1376 1788 1411 eumque
1810 1378 1870 1401 non
1890 1378 1932 1401 ex
1950 1366 2057 1402 bomi-

1172 1422 1209 1445 ne
1227 1417 1329 1446 Deum
1350 1408 1405 1455 effe
1416 1411 1544 1457 saltum
1559 1436 1572 1454 ,
1592 1413 1650 1456 sed
1668 1423 1739 1446 cum
1758 1419 1845 1448 Deus
1854 1411 1925 1457 efflet
1936 1414 2056 1458 induis·
2084 1429 2099 1440 <-

1166 1458 1204 1501 se
1215 1459 1306 1501 servi
1328 1459 1484 1502 speciem:
1520 1470 1592 1494 cum
1624 1457 1762 1495 Verbum
1792 1458 1866 1504 esJi‘t
1875 1484 1888 1502 ‚
1922 1465 2055 1496 Carnem

1173 1506 1225 1550 <sse
1237 1506 1386 1550 fufium,
1411 1508 1672 1552 quemadmodum
1691 1506 1816 1543 locutus
1828 1506 1869 1549 est
1890 1509 2030 1551 Joannes
2047 1520 2056 1543 ε

1173 1566 1265 1601 atque
1293 1557 1342 1589 ita
1373 1554 1545 1598 adversum
1573 1553 1674 1590 Pauli
1700 1552 1914 1600 blasphemias
1950 1557 2057 1593 allum

1168 1603 1260 1648 suit.
1678 1639 1680 1643 ,

1220 1657 1334 1686 Verum
1354 1652 1429 1697 quia
1446 1649 1598 1696 Eusebius
1629 1654 1673 1690 eff
1693 1654 1798 1690 Arius
1821 1659 1898 1687 ante
1915 1661 2056 1698 tempora

1167 1696 1260 1744 fuisse
1281 1698 1399 1734 Filium
1420 1701 1544 1745 quidem
1565 1702 1721 1742 dicerent,
1740 1701 1798 1744 sed
1815 1701 2058 1746 tamenfat'ium

1173 1744 1247 1790 effe,
1275 1750 1317 1782 Θ*
1336 1758 1432 1781 unum
1454 1746 1470 1782 ι)
1487 1750 1644 1782 creaturis
1662 1745 1720 1792 esse
1739 1750 1840 1783 docere
1849 1756 2053 1790 conarentur,

1174 1798 1215 1831 (θ’
1234 1795 1352 1829 dic‘tum
1373 1794 1455 1829 illud
1466 1819 1479 1837 ‚
1502 1802 1556 1831 Ex·
1565 1802 1627 1830 Deo
1639 1820 1651 1838 ,
1675 1807 1735 1831 non
1748 1799 1796 1830 ita
1815 1799 2057 1841 interpretaren-

1172 1851 1246 1883 tur,
1270 1850 1306 1876 ιιι
1325 1842 1440 1877 Filium
1455 1845 1628 1888 genuinum
1657 1855 1698 1879 ex
1721 1849 1820 1878 ‘Patre
1845 1855 1923 1880 vero
1941 1847 2058 1878 natum

1172 1891 1344 1929 crederent,
1364 1890 1421 1932 sed
1448 1901 1519 1925 eum
1548 1893 1595 1925 ita
1625 1903 1665 1927 ex
1689 1898 1754 1926 Deo
1782 1889 1861 1935 effic,
1886 1899 1923 1926 ut
1948 1898 2058 1925 caetera

1171 1946 1276 1972 creata
1287 1960 1299 1978 ‚
1323 1935 1549 1979 adfirmarent,
1583 1939 1625 1974 (sy
1649 1937 1869 1981 fimilitudinis
1898 1941 2056 1973 unitatem

1173 1985 1246 2021 Filii
1265 1994 1335 2019 cum
1363 1989 1462 2019 Patre
1491 1993 1663 2031 negarent,
1699 1983 1824 2028 essentia
1854 1994 1912 2021 aut
1941 1994 2062 2020 natura.

1171 2030 1304 2074 constare
1315 2055 1327 2072 ,
1353 2039 1391 2065 ut
1404 2032 1505 2075 solide
1524 2032 1624 2067 Filius
1645 2035 1741 2067 ‘Patri
1754 2034 1813 2076 suo
1828 2033 1942 2075 fimilis
1957 2031 2053 2068 habe-

1171 2082 1198 2114 ri
1216 2076 1304 2125 poffit
1314 2103 1326 2121 ‚
1345 2078 1402 2121 sed
1419 2079 1566 2123 consensu
1587 2080 1770 2125 dogmatum
1800 2084 1842 2117 &-
1859 2083 1982 2116 ratione
2001 2082 2061 2115 do-

1171 2129 1275 2164 ctrina
1292 2138 1362 2161 eam
1377 2125 1616 2170 similitudinem
1635 2127 1808 2171 conflatam
1820 2127 1876 2174 effe
1886 2154 1899 2171 ,
1918 2131 1961 2165 Θ
1981 2130 2059 2174 quia

1172 2173 1410 2219 intersepiebant
1425 2197 1438 2216 ,
1464 2177 1506 2211 (sy
1523 2173 1666 2209 omnibus
1686 2178 1784 2211 modis
1803 2174 1989 2212 alienabant
2000 2175 2050 2219 Es
2045 2197 2059 2203 -

1166 2223 1304 2267 sentiam
1326 2222 1399 2259 Filii
1415 2221 1434 2255 a
1456 2229 1573 2262 Patre,
1598 2222 1684 2257 aliud
1703 2225 1732 2257 ei
1752 2224 1901 2268 existendi
1929 2226 2059 2258 initium

1172 2267 1394 2316 adfingente52‚
1419 2271 1460 2304 ad
1478 2271 1699 2305 creaturarum
1719 2273 1843 2316 censum
1863 2283 1934 2308 eum
1953 2273 2059 2307 detra·

1170 2317 1308 2353 bebantz
1333 2318 1404 2352 Ideo
1420 2319 1537 2362 Nicaeae
1554 2321 1732 2364 congregati
1750 2320 1916 2365 Episcopi,
1936 2319 2056 2363 conspi-

1171 2367 1235 2401 cati
1253 2376 1356 2406 eorum
1375 2364 1535 2400 hominum
1545 2389 1558 2407 ,
1583 2367 1639 2409 qui
1656 2369 1704 2399 ita
1720 2366 1900 2411 sentiebant
1913 2391 1925 2409 ‚
1948 2366 2057 2411 vafri-

1170 2416 1270 2454 ciem,
1295 2412 1431 2448 collectis
1449 2414 1481 2446 in
1503 2424 1599 2447 unum
1618 2425 1685 2458 quae
1705 2427 1744 2451 ex
1759 2415 1861 2458 sacris
1878 2415 1995 2450 litteris
2015 2415 2058 2448 ad

1170 2461 1320 2495 tuendam
1351 2460 1543 2503 sententiam
1566 2461 1661 2504 suam
1686 2461 1830 2506 facerent
1858 2488 1872 2506 ‚
1905 2462 2059 2509 liquidius

1170 2519 1233 2543 rem
1265 2515 1449 2552 exponentes
1467 2531 1480 2549 ,
1513 2507 1633 2544 Filium
1660 2507 1967 2554 consubstantialem
2000 2505 2057 2552 effe

1171 2556 1443 2601 adseveraverunt
1453 2579 1466 2597 ,
1490 2562 1527 2589 ut
1548 2557 1750 2602 ingenuitas,
1775 2560 1818 2592 Θ
1838 2569 1919 2592 vera
1941 2564 2057 2591 natura

1171 2603 1245 2639 Filii
1263 2604 1332 2637 inde
1347 2601 1596 2647 significaretur,
1621 2601 1761 2649 nihilque
1781 2616 1850 2640 cum
1863 2616 1896 2640 eo
1914 2616 1961 2639 res
1970 2615 2059 2638 crea-

1169 2661 1220 2686 tas
1240 2661 1400 2685 commune
1418 2648 1529 2685 habere
1547 2652 1725 2687 edocerent.
1751 2653 1840 2696 Istius
1861 2654 1944 2688 enim
1965 2653 2056 2686 vocis

1170 2697 1325 2744 exquifita
1343 2698 1424 2731 ratio
1444 2708 1549 2732 eorum
1564 2697 1797 2742 fimulationem
1809 2725 1822 2743 ‚
1845 2711 1916 2736 cum
1944 2701 2055 2734 dicunt

1171 2757 1240 2781 eum
1259 2757 1300 2781 ex
1315 2751 1380 2781 Deo
1401 2740 1458 2788 effe
1472 2769 1484 2786 ,
1503 2745 1679 2790 patefecit,
1702 2750 1746 2785 (9⁹
1764 2761 1867 2783 omnes
1885 2758 1988 2784 eorum
2001 2758 2058 2780 αν..

1165 2794 1277 2840 gutias
1295 2816 1309 2834 ,
1341 2790 1456 2840 quibus
1478 2792 1682 2838 fimpliciores
1705 2796 1855 2840 fallunt,
1888 2795 2055 2832 excludit.

1171 2839 1260 2877 certe
1277 2851 1350 2875 cum
1369 2848 1486 2886 queant
1512 2843 1618 2876 omnia
1639 2842 1727 2887 fucis
1754 2847 1798 2882 ό*
1819 2844 2054 2889 sophismatum

1170 2889 1338 2925 Lenociniis
1361 2887 1560 2931 adulterare,
1594 2892 1636 2927 (²9⁴
1661 2901 1718 2936 pro
1747 2891 1877 2927 libidine
1910 2899 2053 2930 mutare,

1169 2936 1251 2971 hanc
1263 2935 1369 2980 solam
1396 2947 1506 2972 vocem
1518 2961 1532 2979 ,
1560 2938 1790 2983 adaperientem
1810 2940 1945 2986 ipsbrum
1979 2945 2053 2974 Hae-

1169 2983 1266 3028 refin‚
1288 2984 1515 3030 reformidant,
1538 2997 1635 3031 quam
1653 2993 1768 3023 ‘Patres
1782 2997 1840 3033 pro
1860 2988 2053 3023 munimento

1170 3034 1211 3068 &¹
1230 3042 1299 3066 arce
1325 3041 1435 3068 contra
1454 3033 1581 3068 illorum
1596 3035 1710 3079 impias
1728 3037 1999 3071 commentationes
2017 3035 2051 3067 in

1163 3080 1284 3123 scripta
1302 3080 1498 3115 retulerunt.
1521 3081 1652 3125 Desinat
1677 3085 1778 3129 igitur
1794 3085 1894 3118 omnis
1925 3090 2050 3117 conten-

1169 3129 1211 3160 tio
1221 3150 1235 3168 ,
1259 3137 1356 3171 neque
1376 3129 1410 3161 in
1434 3138 1487 3163 nos
1515 3137 1625 3165 mutuo
1656 3134 1823 3166 arietemus
1835 3156 1849 3174 ,
1867 3130 1896 3175 fi
1923 3127 2050 3171 diverso

1169 3173 1258 3208 modo
1286 3174 1415 3209 concilia
1443 3184 1624 3220 acceperunt
1665 3189 1776 3214 vocem
1795 3203 1809 3222 ,
1843 3174 2050 3220 consubstan-

1168 3221 1264 3255 tiale.
1288 3219 1449 3257 Habemus
1476 3225 1561 3258 enim
1581 3233 1641 3268 pro
1665 3227 1863 3272 excusatione
1888 3224 2050 3275 legitimas

1169 3278 1271 3303 eorum
1282 3269 1415 3313 causas,
1438 3282 1519 3316 quas
1529 3272 1621 3307 dixi.

1218 3315 1377 3352 Notanda
1396 3319 1471 3353 sunt
1485 3317 1597 3355 Verba
1609 3344 1617 3353 .
1677 3324 1711 3356 ui
1729 3319 1974 3366 samosatensem
1989 3319 2048 3364 su-

1165 3364 1319 3407 stulerunt
1327 3366 1429 3409 ,hanc
1438 3380 1550 3405 vocem
1559 3393 1572 3411 ,
1591 3326 1857 3413 Conffibliantiale
1867 3394 1881 3412 ,
1906 3375 2049 3412 corpora-

1170 3413 1242 3448 liter
1260 3424 1462 3460 acceperunt.
1490 3422 1569 3452 cum
1590 3415 1715 3452 Paulus
1727 3415 1927 3462 sbpbisticari
1948 3413 2049 3452 vellet

1171 3465 1213 3497 (β’
1231 3462 1370 3505 diceret,
1388 3462 1416 3508 fi
1434 3463 1569 3506 cbristus
1586 3475 1646 3497 non
1671 3462 1713 3507 estv
1741 3476 1782 3502 ex
1813 3464 1935 3501 homine
1969 3467 2049 3499 Deus

1576 3510 1614 3546 T
1639 3520 1656 3547 t
1948 3507 2002 3552 fa-
