2340 3736
60 2296 107 2380 {p
108 2302 219 2371 1650?-
236 2303 367 2345 solyma-
391 2329 397 2334 .
433 2307 596 2336 Romanam
619 2305 769 2347 Ecclesiam
790 2312 822 2339 in
837 2305 924 2349 suam
941 2305 1113 2350 sententiam

69 2392 114 2417 ²⁴·
137 2392 180 2417 ¹9⁶
238 2401 366 2445 Ecclefiae
385 2402 558 2447 Epiftopum
581 2405 780 2446 Coelestinuma
803 2405 898 2449 eisque
923 2408 1027 2439 hm'i'
1049 2409 1114 2450 ‘²⁰3‘

69 2575 105 2603 C.

128 2584 180 2603 41.

537 127 1732 184 DE‘···=C0NC12*¹0EPHESINO'
1945 148 1974 190 ’3

223 221 336 262 βόνῢῖο
361 243 372 260 ‚
398 223 472 263 quia
495 216 693 259 Deasfatlus
718 213 755 255 est
779 237 790 253 ‚
817 218 951 255 quoniam
968 210 999 255 fi
1018 210 1103 250 volo,

221 272 260 351 ᾗ
278 273 458 364 (ἔζιιῗοζίἒὲηῑΔ
476 318 643 354 Nestorius
678 315 838 360 Iulianum
876 312 1025 347 inducere
1060 308 1100 344 ad

225 369 430 413 Principem,
454 378 487 403 at
512 367 598 401 haefit
624 367 671 401 illi
696 377 776 410 aqua
801 364 845 398 ob
870 370 991 396 metum
1015 360 1102 392 Pon-

225 420 322 454 tificis
348 419 513 454 Coelestini
535 443 544 451 ..
583 418 684 451 Hunc
708 413 785 458 ergo*
810 410 895 456 prius
918 409 1101 447 consuluit,

224 479 391 514 exponens
414 468 571 503 ditiorum
597 468 846 511 Episcopomm,
870 460 955 504 quafi
980 469 1101 501 tetnpo-
1138 502 1140 504 Ι

220 518 313 554 ribus
338 519 527 554 Christianis
552 514 797 561 persecutionem
834 510 993 554 pafforum
1017 532 1028 548 ‚
1062 507 1102 541 ad

226 570 258 603 se
291 569 325 603 &
348 568 389 603 ad
415 568 594 610 Principem
618 561 810 601 miserabiles
836 573 873 594 ac
898 560 1102 604 importunos

225 618 399 657 clamores,
424 618 546 659 unaque
570 613 710 657 proprias
727 610 943 655 querimonias
969 608 1008 643 de
1021 609 1102 653 gras-

224 668 367 704 santibus
386 663 570 701 ,inEcclesia
594 663 647 697 sua
657 661 915 706 ApollinaristiS,
938 658 1100 703 quifidem

225 718 402 755 Nicaenam*
423 713 614 758 praevaricati
649 713 794 749 Sanstam
828 710 1001 755 Virginem
1024 732 1034 748 ,
1064 708 1102 741 <sc

229 764 442 812 quidemfine
460 762 593 797 horrore
617 783 628 801 ,
662 761 804 796 dicerent
825 758 1103 794 DEIPARAM.

224 818 299 851 Sese
315 813 398 848 dixit
419 812 459 847 ab
481 813 544 847 illis
565 811 740 851 admodfim
762 812 889 845 vexari.
917 810 1018 843 Erant
1038 807 1103 850 ejus

223 864 381 910 impietati
404 863 575 898 resistentes
591 860 772 898 ,orthodoxi
806 860 924 895 Clerici
946 857 1104 893 Constan-

224 913 432 957 sinopoutmi
444 937 455 953 ,
480 925 560 957 quos
583 912 673 957 supra
692 924 747 956 per
767 912 870 955 ipsum
884 909 955 948 dixi
975 916 1103 944 excom-

224 963 427 1003 municatos,
450 962 636 1008 degradatos
647 986 658 1003 ‚
681 962 811 1001 civitate
827 960 957 1003 ejeeios.

221 1046 226 1050 .
273 1011 400 1050 Affliffl
421 1012 457 1047 hi
479 1014 635 1048 auxilium
667 1013 702 1046 ὃς
727 1009 874 1046 solatium
896 1008 1040 1053 quaefiere
1063 1008 1104 1041 ab

223 1063 296 1098 aliis
320 1063 489 1107 Episcopis
507 1087 518 1102 ‚
542 1064 657 1097 Sancto
677 1061 846 1105 praesertim
865 1058 993 1102 Cyrillo
1005 1082 1015 1097 ‚
1040 1052 1099 1091 Pa-

226 1111 366 1147 marcha
384 1112 628 1152 Alexandrino,
653 1112 723 1145 viro
743 1118 873 1155 potente
897 1109 932 1143 in
949 1119 1044 1152 opere
1068 1108 1101 1141 &

224 1164 386 1201 sermone..
411 1163 490 1197 Huc
507 1164 604 1206 usque
624 1163 712 1196 enim
742 1159 954 1197 Alexandrini
977 1159 1106 1201 Episco-

226 1214 261 1257 pi
283 1213 390 1246 nescio
407 1211 484 1254 quid
506 1212 668 1255 potestatis
678 1210 859 1251 ambierunt
882 1206 1105 1247 &habuerunt

225 1264 263 1296 in
285 1261 458 1295 Ecclesiam
467 1261 578 1307 Regia:
599 1261 737 1298 civitatis
750 1281 761 1300 ,
785 1258 865 1295 adeo
876 1268 913 1293 ut
935 1269 1034 1302 nuper
1043 1257 1107 1293 Ar-

224 1309 338 1346 cadius
358 1309 523 1356 Augustus
552 1311 592 1346 ad
611 1309 861 1347 consecrandum
893 1310 1042 1343 SanCtum
1055 1309 1106 1351 Jo-

226 1371 349 1396 annem
364 1359 654 1404 Chrylbstomum,
679 1363 766 1396 sexto
780 1361 918 1398 Nicaeno
941 1359 976 1397 <Sc
1001 1360 1107 1397 secun·
1129 1377 1135 1383 ι

223 1410 277 1445 »do
297 1411 659 1455 Constantinopolitano
683 1411 818 1446 Canone
848 1420 916 1443 non
937 1407 1084 1443 obstante
1097 1431 1107 1447 ‚

227 1461 369 1500 evocarit
391 1459 613 1505 Theophilum
627 1486 638 1502 ‚
662 1462 767 1500 Sanffi
793 1460 911 1504 Cyrilli
932 1459 1108 1498 patruum,

227 1511 266 1546 &
289 1511 473 1555 proximum
492 1512 526 1546 in
556 1510 676 1547 throno
711 1509 935 1548 Alexandrino
960 1511 1109 1545 Anteces-

225 1561 350 1595 sorem.
376 1562 486 1596 Etiam
507 1563 578 1596 suos
601 1563 786 1598 Emiffirios
807 1562 919 1597 habuit
932 1561 1110 1599 Nestorius>

227 1612 400 1654 -praesertim
419 1612 461 1646 ad
481 1613 637 1656 Joannem
650 1613 912 1653 Antiochenum,
938 1614 1029 1646 suum
1049 1622 1110 1645 vnu-

227 1671 288 1703 ‹per
321 1658 516 1704 Episcopum
545 1686 556 1701 ‚
589 1663 645 1696 sub
668 1663 849 1697 Theodoro
882 1662 1109 1706 Mopsuesteno

233 1708 486 1753 condiscipulum
498 1734 508 1749 ‚
532 1711 566 1744 ὅς
585 1710 628 1749 ad
651 1711 763 1757 Regiae
781 1713 920 1747 civitatis
944 1713 1111 1755 Episcopa-

230 1767 304 1791 tum
328 1768 546 1801 promotorem
565 1782 575 1798 ‚
608 1772 668 1794 nec
692 1772 760 1795 non
795 1761 835 1795 ad
860 1762 1018 1795 Acacium
1040 1761 1112 1794 Ber-

230 1806 402 1843 rhaeensem
436 1808 631 1852 Episcopum
658 1833 668 1850 ‚
704 1812 832 1844 summae
854 1810 1048 1845 auctoritatis
1068 1811 1112 1843 se-

231 1868 309 1891 nem
329 1880 340 1896 ‚
363 1858 397 1892 &
420 1858 453 1891 in
474 1858 685 1894 Antiocheno
706 1859 925 1895 patriarchatu
944 1860 1029 1905 quasi
1054 1859 1113 1893 Pa—

226 1915 315 1941 trem
340 1908 374 1941 &
398 1908 591 1952 Magistrum
607 1910 759 1944 omnium
770 1911 1019 1954 Episcoporum.
1045 1909 1112 1943 Ad-

224 1956 318 1991 ‚didit
351 1958 418 1991 suas
451 1959 486 1993 ὅ(
509 1957 618 1993 Photii
653 1959 833 2003 Presbyteri
863 1961 909 1995 sui
936 1961 1090 2005 Exegeses
1104 1983 1113 1998 ‚

235 2007 400 2051 variosque
420 2007 546 2042 libellos
559 2032 570 2049 ,
593 2021 673 2053 quos
697 2011 802 2054 sparsit
826 2022 880 2054 per
898 2021 1010 2045 omnes
1022 2010 1113 2044 Dioe-

235 2058 316 2090 ceses
343 2080 353 2095 ,
388 2059 486 2091 etiam
520 2059 601 2094 inter
619 2060 723 2094 saneti
759 2061 876 2103 Cyrilli
906 2058 1091 2094 Monachos
1104 2083 1113 2098 ‚

239 2106 400 2147 ipsamque
419 2107 595 2141 Ecclesiam
614 2109 817 2146 Romanam,
844 2109 1025 2146 Audiamus
1047 2119 1113 2143 rem

236 2164 277 2187 ex
299 2153 412 2186 litteris
433 2156 541 2188 Sanffl
553 2156 721 2194 Coelestini
740 2158 906 2192 Pontificis
929 2160 969 2194 ad
981 2160 1113 2194 Clerum

234 2203 270 2236 ἀ
294 2203 448 2246 populum
482 2204 878 2250 Constantinopolitanum
904 2231 914 2246 ‚
949 2209 984 2242 δε
1005 2209 1114 2242 litteris

236 2253 343 2286 Sancti
366 2253 482 2296 Cyrilli
508 2253 547 2288 ad
567 2255 750 2297 Iuvenalem
783 2257 976 2300 Episcopum
996 2258 1114 2292 Hiero-

237 2350 412 2396 pertrahere
436 2355 466 2387 se
487 2355 572 2397 poste
594 2355 760 2390 arbitratus
783 2356 900 2400 scripfit
919 2356 959 2390 ad
977 2356 1114 2398 ejufflem

237 2461 348 2486 matum
362 2451 477 2495 suorum
517 2454 729 2497 perzverfitatcm
748 2455 864 2499 inseruit
883 2481 889 2488 .
926 2454 1000 2497 Mtfit
1024 2458 1114 2490 eidem

237 2504 272 2537 o·
290 2503 397 2536 multas
419 2515 528 2546 quoqus’
548 2505 687 2549 Exegeses
711 2527 722 2545 ‚
757 2507 808 2540 seu
834 2505 940 2548 potius
962 2505 1114 2549 quostiam

238 2564 347 2587 eamm
368 2555 589 2600 quaterniones
607 2565 662 2588 aut
681 2555 890 2599 compendia,
915 2554 1115 2599 blasphemiis

240 2603 332 2646 piena
345 2626 355 2641 ,
375 2610 548 2646 propriaque
560 2603 761 2648 subscriptione
785 2605 924 2649 fignata.
949 2606 997 2639 Ita
1017 2606 1115 2650 Papa-

242 2653 286 2686 les
309 2663 397 2691 aures
409 2677 419 2692 ‚
443 2653 520 2686 dum
532 2663 650 2694 caecus,
674 2655 797 2689 vetusto
817 2654 1036 2692 haereticorum
1046 2667 1115 2689 mo-

241 2708 298 2741 re,
321 2704 488 2746 praevenire
513 2703 547 2737 δε
566 2704 816 2739 circumscribere
839 2706 924 2748 posse
943 2707 1116 2748 pra’fiimit‚

238 2751 482 2795 -implacabiliter
500 2754 656 2793 offendit,
681 2755 813 2798 seipsum
834 2754 995 2798 prodidit,
1019 2755 1117 2789 ditio—

243 2813 315 2836 rum
334 2801 574 2838 Monachorum
592 2804 750 2838 mentium
774 2806 909 2838 mutavit
944 2805 977 2838 in
999 2805 1117 2839 clamo-

240 2863 310 2886 rem
333 2852 515 2890 ‚Sanstum
536 2854 698 2896 Cyrillum
718 2854 759 2889 ad
778 2866 920 2899 pugnam
943 2856 1068 2900 coegite

293 2902 449 2935 Hominis
468 2912 572 2938 tamen
595 2902 712 2941 honori
738 2916 865 2948 parcens
902 2917 954 2948 per
983 2906 1117 2939 familia-

243 2963 291 2987 tes
310 2951 427 2984 litteras
450 2953 550 2987 amice
572 2954 711 2997 primum
733 2956 868 2989 tentavit
888 2954 1050 2998 Cyrillus,
1074 2956 1120 2989 vi—

246 3002 354 3045 susque
365 3001 409 3035 est
424 3002 577 3048 Erronem
589 3004 743 3039 reduxisse
755 3004 795 3039 ad
805 3015 962 3040 mentem.
989 3005 1119 3039 Etenim

245 3051 312 3093 ejus
325 3050 490 3093 Presbyter
513 3053 547 3086 &
569 3054 708 3098 Legatus
718 3055 843 3099 Lampo
865 3056 970 3089 retulit
992 3056 1119 3098 parifor-

248 3111 316 3135 mes
337 3121 346 3139 ,
383 3101 457 3134 licet
478 3102 548 3136 salis
572 3104 605 3137 ὅ(
631 3103 734 3138 dentis
754 3117 821 3138 non
844 3106 968 3149 penitus
988 3117 1120 3145 vacuas,

249 3151 477 3193 responsorias,
502 3163 538 3184 ac
558 3154 620 3195 ipse
637 3154 712 3187 mali
725 3157 833 3189 audior
842 3154 1024 3190 Anastafius
1036 3156 1120 3189 Pres—

250 3200 343 3243 byter
367 3200 558 3242 protestatus.
572 3203 615 3236 est
634 3203 743 3238 eadem
767 3206 797 3239 se
814 3217 889 3239 cum
911 3205 1038 3248 Cyrillo
1059 3217 1121 3239 cre-

240 3250 323 3286 dere
346 3250 383 3282 &
405 3249 516 3284 docere
536 3276 542 3282 -
581 3250 628 3284 At
645 3254 718 3289 ficta
738 3265 829 3289 erant
849 3256 958 3289 omnia
978 3279 988 3295 ‚
1024 3256 1058 3289 <Sc
1081 3254 1120 3289 ad

251 3298 414 3342 Cyrillum
438 3320 449 3339 ,
472 3311 566 3343 quem
590 3302 770 3338 metuebant
791 3298 922 3339 unicum
942 3330 951 3344 ,
976 3315 1029 3348 per
1050 3306 1122 3339 ›insl-

250 3349 358 3384 diosas
377 3349 553 3384 calumnias
577 3351 781 3387 evertendum
802 3364 1059 3398 praeparamenta.
1084 3355 1123 3387 Il—

246 3400 322 3434 -lum
334 3397 475 3443 Principi
497 3399 657 3435 reddidere
679 3401 758 3436 adeo
779 3406 928 3444 exosum,
953 3414 988 3438 ut
1010 3416 1062 3448 per
1082 3405 1124 3438 sa-

245 3460 342 3484 vcram
353 3448 503 3485 Divalem
524 3461 683 3494 correptus
702 3452 794 3486 fuerit
806 3477 815 3492 ‚
839 3453 879 3487 de
900 3455 1031 3488 versutia
1043 3478 1052 3493 ,
1073 3466 1125 3490 au-

252 3498 367 3537 dacia,
391 3501 565 3542 protervia,
591 3503 736 3545 usurpato
757 3504 910 3548 imperio,
935 3504 1055 3540 turbata
1066 3504 1125 3538 Ec-

291 3578 298 3586 ,
351 3548 456 3590 Christ.
470 3554 545 3593 Lupi
558 3555 638 3593 Oper.
651 3556 766 3586 Tom.1L

1162 208 1252 242 olelia
1267 231 1278 247 ‚
1303 208 1429 251 ipsaque
1450 209 1545 242 etiam
1569 210 1669 244 domo
1695 211 1841 255 Augusta
1866 237 1872 243 .
1910 199 2037 258 Neri-ip&

1163 258 1333 293 retulerant
1355 256 1446 291 hasce
1474 260 1685 301 quorumdam
1723 260 2040 302 Alexandrinorum,

1163 319 1243 352 quos
1264 308 1429 352 castigarat
1442 331 1452 347 ‚
1476 307 1516 341 de
1528 308 1586 341 illo
1605 310 1861 345 criminationes:
1889 314 1978 354 ‚Quod
1986 325 2041 345 εισ-

1163 371 1206 392 cos
1231 359 1264 391 (s'
1284 365 1382 401 egenos
1398 366 1452 399 per
1476 360 1616 398 injuriam
1636 367 1803 401 opprimeret
1826 384 1837 400 ,
1871 359 1988 402 ferrum
2009 368 2041 393 in

1138 432 1140 435 -
1162 416 1283 441 matrem
1297 407 1452 452 strinxisset
1477 431 1487 446 ,
1512 408 1626 441 ancillae
1644 409 1773 450 preefidio
1795 423 1899 444 aurum
1916 412 2043 444 alienum

1162 457 1259 498 abstuli
1281 467 1308 490 et
1332 482 1342 497 ‚
1378 457 1515 501 ejusmodi
1550 458 1734 500 improbitatu
1762 460 1915 503 suspicione
1932 459 2042 505 semper

1162 508 1306 552 laboraffet
1327 520 1342 548 ,-
1384 507 1470 551 quod
1492 507 1602 542 eadem
1624 518 1743 551 pararet
1765 509 1916 544 Nestorio
1938 532 1948 550 ,
1973 521 2042 554 quas

1162 559 1228 601 ejus
1256 558 1390 591 Patruus
1412 555 1619 601 Theophilus
1660 558 1695 590 in
1715 558 1864 593 Sanctum
1888 561 2044 603 Ioannem

1165 606 1432 650 Chrysostomum
1445 631 1455 647 ,
1480 607 1591 652 Regiae
1603 608 1681 641 item
1691 607 1830 640 civitatis
1841 609 2044 654 Episcopum,

1165 669 1264 701 nuper
1284 658 1447 702 patrasset.
1475 657 1622 692 Elucidat
1645 655 1711 690 haec
1723 657 1864 691 Socrates
1887 659 2045 694 dicensde

1165 708 1308 750 Cyrillo.
1335 709 1455 746 cyrillus
1478 714 1509 740 in
1522 707 1591 751 sede
1626 706 1791 750 Epist-opali
1814 708 1961 740 collocatus
1984 722 2046 742 ma-

1157 760 1251 799 jorem
1265 763 1464 800 principatum
1485 781 1496 797 ‚
1530 769 1619 801 quam
1639 769 1768 800 unquam
1792 757 1964 800 Theophilus
1987 763 2045 791 An-

1165 808 1269 852 tectffor
1289 807 1424 851 habuisset
1436 831 1446 846 ,
1464 814 1579 850 pariter
1593 807 1647 850 fibi
1669 806 1809 851 affunspfit
1836 834 1842 840 .
1869 811 1989 841 Etenim
2010 821 2045 841 ex

1165 859 1213 890 illo
1245 866 1367 900 tempore
1390 856 1548 901 Episcopus
1583 859 1797 891 Alexandrinus
1826 867 1935 900 praeter
1969 859 2046 891 Cleri

1166 957 1312 1000 acquismit
1329 983 1336 990 .
1373 957 1484 992 Refert
1529 959 1563 992 ὃς
1585 958 1650 1001 ejus
1671 969 1746 992 cum
1764 958 1877 994 Oreste
1903 958 2046 1002 AEgypti

1166 1007 1316 1042 Praefecto
1336 1007 1508 1053 Augustali
1546 1007 1639 1042 duras
1658 1009 1881 1042 contentiones
1902 1007 1942 1043 de
1966 1009 2048 1041 laica

1141 1067 1143 1069 ·
1166 1058 1200 1090 in
1222 1058 1396 1091 Dioecefim
1418 1058 1572 1101 potestate
1597 1083 1608 1098 ,
1643 1058 1732 1101 cujus
1768 1060 1920 1102 usurpatae
1949 1059 2046 1092 etiam

1142 1144 1144 1146 ,
1167 1107 1317 1141 Sanctum
1335 1105 1547 1142 Athanasium
1576 1108 1660 1152 apud
1686 1109 1915 1144 Constantium
1934 1109 2047 1153 Augu-

1167 1157 1251 1191 stum
1271 1157 1433 1190 criminati
1456 1157 1628 1190 Eusebiani
1667 1158 1876 1201 impetrarunt
1896 1154 2048 1202 proscribi

1168 1216 1330 1250 tamquam
1350 1213 1440 1240 reum
1463 1206 1539 1239 laesae
1563 1206 1756 1249 Maiestatis.
1779 1206 1840 1243 'An
1860 1219 1900 1241 ex
1925 1209 2048 1251 usurpa-

1143 1253 1145 1274 ³
1168 1257 1258 1291 tione
1280 1280 1291 1296 2
1327 1268 1369 1290 an
1388 1267 1429 1290 ex
1450 1256 1662 1291 Constantini
1682 1256 1772 1290 dono
1794 1258 1894 1302 egerit
1914 1267 2049 1301 uterque

1168 1308 1298 1342 Sanctus
1320 1306 1515 1350 Episcopus,
1540 1307 1645 1340 nolim
1666 1305 1720 1341 hic
1743 1306 1895 1341 discutere
1921 1333 1928 1339 .
1954 1307 2050 1341 Certe

1167 1357 1283 1393 exinde
1304 1367 1434 1401 uterque
1445 1356 1587 1400 Principi
1609 1357 1670 1390 suit
1680 1368 1749 1391 non
1759 1356 1886 1391 modice
1909 1357 2048 1390 invisus.

1217 1407 1374 1453 Apertum
1399 1407 1498 1452 igitur
1515 1418 1590 1441 curn
1600 1407 1753 1442 Nestorio
1778 1407 1897 1441 bellum
1920 1406 2050 1440 inchoa-

1157 1469 1242 1493 runt
1264 1459 1384 1494 Clerici
1406 1470 1461 1501 per
1488 1458 1591 1501 ipsum
1613 1457 1723 1500 dejesti
1762 1458 1796 1491 ὃς
1816 1458 1924 1501 ejet‘fi,
1949 1458 2051 1501 appel-

1170 1510 1269 1544 lantes
1291 1509 1331 1543 ad
1352 1508 1565 1543 Caelestinum
1589 1508 1802 1546 Pontificem,
1827 1508 2050 1552 proponentes-

1169 1571 1230 1604 que
1264 1559 1408 1593 libellum
1445 1559 1706 1592 contestatorium
1742 1556 1801 1591 hac
1838 1555 2021 1602 Epigraphe
2043 1583 2051 1588 .

1170 1610 1338 1651 contestatio
1358 1607 1497 1651 propqfita
1531 1611 1551 1640 ἂ
1569 1609 1690 1641 clericis
1708 1607 2053 1650 Constantinopolitanis,

1170 1663 1204 1695 l&
1226 1666 1257 1692 in
1278 1657 1421 1703 conspeHu
1446 1657 1573 1699 Ecclefiae
1591 1659 1738 1700 publicata
1761 1682 1771 1696 ,
1808 1660 1886 1700 quod
1904 1657 2052 1697 Nestorius

1171 1709 1296 1753 eiusdem
1316 1708 1353 1751 fit
1370 1707 1524 1752 sententiae
1542 1720 1605 1740 cum
1626 1709 1718 1741 Paulo
1740 1707 1919 1752 samosateno
1939 1731 1949 1746 ,
1985 1715 2053 1739 ante

1172 1769 1282 1794 centum
1302 1758 1456 1803 sexaginta
1477 1770 1568 1791 annos
1590 1757 1627 1790 ab
1639 1757 1802 1791 orthodexis
1813 1758 1962 1801 Episcopis
1981 1769 2052 1789 ana—

1172 1810 1296 1843 themate
1319 1810 1518 1842 condemnato.
1545 1807 1674 1842 Libello
1694 1817 1802 1841 tamen
1829 1807 1873 1841 ob
1895 1807 2052 1852 Principis

1173 1869 1294 1894 metum
1306 1859 1541 1892 communicare
1555 1883 1565 1898 ‚
1588 1868 1642 1892 aut
1651 1858 1870 1892 auctoritatem
1882 1857 1955 1891 dare
1968 1881 1977 1896 ‚
2002 1857 2052 1890 vel

1173 1911 1233 1944 sese
1254 1909 1425 1943 aNestorii
1449 1909 1680 1942 communione
1700 1910 1862 1952 segregare
1882 1909 1973 1941 ausus
1984 1918 2052 1940 non

1174 1959 1233 1993 fuit
1244 1959 1411 2001 Cyrinus,
1436 1967 1575 1991 attamen
1598 1968 1653 2002 per
1674 1959 1798 1992 iteratas
1811 1982 1821 1997 ‚
1845 1959 1957 2001 easque
1969 1968 2053 1999 acres

1174 2010 1291 2044 litteras
1315 2009 1406 2042 illum
1431 2009 1560 2042 monuit
1578 2007 1617 2042 de
1639 2006 1741 2041 haerefi
1775 2032 1785 2047 ‚
1809 2009 1843 2042 &
1864 2018 1976 2042 omnes
1997 2006 2053 2040 has

1174 2058 1342 2104 tragoedias
1354 2070 1408 2102 per
1419 2057 1640 2091 Poffidonium
1653 2059 1839 2092 Diaconum
1852 2058 1957 2092 retulit
1968 2057 2053 2090 Pon-

1174 2110 1254 2143 tifici
1278 2108 1478 2147 Coekstino,
1503 2107 1620 2141 addens
1641 2106 1704 2140 hoc
1718 2131 1728 2145 ,
1753 2108 1771 2140 a
1794 2108 1890 2141 Petro
1913 2107 2053 2140 Alexan-

1174 2158 1249 2191 driae
1266 2157 1454 2199 Presbytero
1480 2158 1513 2190 &
1526 2157 1737 2190 Notariorum
1756 2156 1790 2189 in
1803 2156 1937 2199 Synodo
1951 2155 2054 2199 Ephe-

1175 2208 1240 2241 sina
1261 2206 1449 2240 Primicerio
1469 2206 1659 2244 recitatum,
1685 2205 1871 2240 mandatum
1896 2233 1902 2238 .
1927 2210 1957 2240 si
1979 2208 2054 2240 litte-

1173 2255 1369 2296 rar‘Nestora·
1394 2257 1427 2289 (st
1453 2255 1651 2297 expofitionum
1675 2258 1779 2290 codices
1798 2259 1924 2290 redditos
1942 2257 2053 2290 Ponti-

1174 2307 1226 2340 fici
1247 2311 1411 2348 compereris
1431 2328 1442 2343 ‚
1466 2306 1499 2338 &
1524 2314 1555 2337 tu
1576 2317 1683 2349 quoque
1706 2318 1783 2340 meas
1807 2308 1918 2340 litteras
1939 2309 2027 2340 redde
2039 2320 2053 2348 ς

1167 2355 1213 2398 fin
1232 2365 1327 2389 autem
1348 2380 1358 2395 ‚
1392 2367 1426 2388 ne
1447 2357 1552 2388 reddas
1575 2379 1585 2394 ,
1605 2355 1660 2399 sed
1683 2355 1736 2389 huc
1753 2357 1861 2399 referas
1879 2383 1885 2389 .
1911 2357 2054 2391 Nolebat

1174 2407 1262 2440 enim
1284 2407 1349 2439 fine
1371 2405 1470 2438 firmis
1492 2404 1732 2448 probationibus
1756 2407 1839 2450 apud
1862 2406 1981 2451 Papam
2006 2420 2054 2441 ac-

1175 2458 1279 2490 cusare
1303 2482 1309 2488 .
1347 2457 1516 2496 Poffidom'us
1540 2459 1604 2499 ergo
1625 2458 1689 2488 cum
1707 2459 1876 2501 comperiffit
1895 2467 1957 2490 tam
1980 2461 2052 2500 Epi-

1169 2506 1277 2546 stolas,
1301 2518 1388 2548 quam
1411 2505 1590 2548 expofitiones
1610 2507 1687 2538 illius
1694 2506 1779 2551 fuisse
1790 2507 1934 2540 exhibitas
1947 2532 1957 2547 ‚
1981 2520 2052 2540 com-

1170 2555 1381 2600 pulsuscstipse
1389 2567 1514 2598 quoque,
1538 2564 1610 2598 quas
1630 2555 1766 2597 ferebat,
1790 2557 1938 2590 exhibere.
1964 2558 2053 2604 Qo-

1175 2606 1257 2640 circa
1283 2607 1314 2639 δε
1330 2606 1522 2640 Coelestinus
1541 2607 1665 2639 muneri
1686 2607 1742 2639 suo
1759 2618 1828 2640 non
1851 2606 1969 2642 defuit.
1995 2608 2052 2640 Fe?

1176 2657 1221 2690 cit
1245 2655 1414 2698 Synodum
1432 2667 1471 2689 ex
1493 2656 1656 2699 Episcopis
1678 2655 1749 2689 tum
1774 2657 1808 2690 in
1829 2656 1904 2690 urbe
1927 2668 1979 2699 per
2001 2668 2054 2690 oc-

1176 2706 1335 2740 cafionem
1356 2707 1504 2749 repertis,
1529 2705 1568 2740 de
1589 2705 1702 2749 quibus
1724 2706 1829 2740 scribit
1849 2707 1979 2740 Sanc-”tus
1990 2707 2055 2749 Cy<-

1177 2756 1264 2790 rillus
1297 2755 1337 2789 ad
1360 2756 1514 2798 Joannem
1549 2753 1762 2789 Patriarcham
1791 2754 2033 2790 Antiochenum
2047 2781 2054 2788 .

1178 2809 1239 2850 ,Qui
1262 2807 1325 2838 crim
1337 2805 1497 2849 Exegeseon
1518 2808 1579 2847 eius
1600 2812 1796 2848 quaterniones
1817 2807 1958 2850 legtffbnt,
1982 2807 2053 2839 mul*

1178 2855 1266 2900 risque
1286 2855 1440 2900 conseffibus
1466 2858 1500 2890 ὡ
1517 2854 1762 2900 consultationibus
1772 2855 1879 2888 habitis
1891 2855 2055 2899 examinas.-

1175 2906 1262 2948 sent‚
1287 2907 1403 2939 illarum
1421 2906 1561 2939 autlorem
1586 2917 1642 2939 non
1666 2906 1769 2949 absque
1788 2907 1986 2950 indignatione
2008 2918 2055 2938 ex-

1175 2956 1323 2998 fibilarunt
1345 2980 1354 2995 ,
1375 2957 1479 2998 palam
1504 2956 1649 3000 afferentes
1671 2968 1779 2989 novam
1800 2957 1881 2989 illum
1904 2980 1913 2995 ,
1938 2968 2055 2998 eamque

1178 3004 1444 3048 perniciosiffimam‚
1469 3008 1501 3040 (Ὗ
1524 3009 1543 3038 ἂ
1564 3007 1639 3039 nullo
1661 3016 1787 3040 veterum
1797 3006 1886 3041 haeret
1897 3018 1991 3039 corum
2004 3018 2055 3039 un-

1184 3069 1271 3098 quam
1290 3063 1477 3099 excogitatam
1496 3055 1620 3098 haerefim
1642 3057 1752 3092 moliriv

1228 3107 1319 3142 Hinc
1351 3106 1428 3150 ergo
1450 3105 1603 3139 Pontifex
1632 3106 1820 3149 appellantes
1855 3106 1890 3140 ὅ(
1923 3106 2056 3140 afflistos

1182 3156 1325 3190 Clericos
1349 3155 1573 3189 communioni
1599 3156 1633 3188 &
1657 3155 1768 3200 gradui
1790 3155 1946 3194 reddidit,
1971 3166 2056 3188 acce-

1182 3206 1289 3249 pitque
1308 3206 1341 3237 in
1368 3204 1454 3238 Sedis
1478 3204 1673 3248 Apostolicae
1696 3207 1923 3249 proteciionem
1945 3217 1954 3247 ·‚
1988 3204 2055 3237 Ne-

1185 3255 1317 3290 storium
1338 3253 1378 3288 de
1399 3254 1536 3288 admistis
1556 3255 1591 3288 in
1612 3255 1751 3300 Regiam
1773 3255 1883 3288 urbem
1907 3254 1941 3287 &
1963 3255 2056 3290 suum

1184 3305 1361 3347 alloquiiim
1380 3305 1608 3349 Ex-Episcopis
1629 3305 1808 3350 pelagianis
1820 3328 1830 3344 ,
1854 3304 1972 3338 violata
1984 3304 2054 3337 Do-

1186 3354 1311 3388 minicae
1332 3354 1562 3389 Incarnationis
1582 3354 1644 3389 fide
1663 3379 1673 3394 ‚
1697 3355 1731 3388 &
1750 3355 1915 3398 praesertim
1940 3353 1979 3387 de
2001 3353 2053 3387 da-

1187 3414 1294 3438 mnata
1316 3416 1414 3444 voce,
1437 3404 1669 3443 DEIPARA,
1694 3404 1871 3448 graviffime
1891 3404 2055 3447 increpuit,

1187 3466 1256 3489 eam
1268 3454 1390 3498 publice
1409 3456 1443 3488 in
1457 3454 1594 3487 Ecclesia
1619 3453 1737 3488 laudari
1762 3454 1795 3488 ὃς
1808 3453 1954 3498 probari,
1978 3463 2056 3488 tam-

1188 3516 1283 3549 quam
1304 3516 1404 3542 unum
1423 3504 1441 3539 e*
1464 3503 1624 3549 dogmatis
1647 3502 1821 3539 Christiani
1845 3503 2056 3538 fundamentis

1611 3552 1644 3591 A
1695 3566 1711 3587 2
1954 3553 2010 3596 jus·

2059 290 2132 326 Cap.
2149 291 2176 317 8.

2062 668 2176 700 L-7·:.7.

1166 910 1344 945 dominatum
1366 919 1462 941 rerum
1480 910 1624 950 praterea
1640 908 1823 952 saecularium
1848 914 2047 951 principatum
2090 901 2094 905 f

2070 2231 2096 2258 1².
2120 2236 2185 2267 323·

2074 2764 2131 2793 L·1.
2150 2772 2224 2793 ειι.
