2340 3736
535 134 646 197 D'n
714 150 1187 200 C0Ne121=o
1255 144 1742 194 Epnsssxno.

215 250 337 279 errare.
365 234 565 281 Respondeo
575 231 772 278 Ephefinam
783 230 956 275 Synodum
968 229 1009 264 ab
1026 229 1101 273 Epi-

218 290 322 334 scopis
344 283 571 325 Orientalibus
595 283 771 324 iudicatam
796 282 889 317 fuiffe
899 293 968 317 non
996 279 1102 324 legiti-

216 351 307 376 mam
318 339 351 373 &
362 339 490 381 plenam
503 361 514 377 ,
541 335 594 369 sed
609 344 758 369 mancam
772 334 806 370 δι
833 330 1078 366 varievitiosam

215 388 332 434 utpote
340 388 457 423 factam
469 387 534 420 fine
544 382 731 420 patriarcha
740 379 1034 419 Antiocheno‚fine
1045 378 1100 414 de-

215 440 288 479 bito
295 439 450 474 examine
462 461 474 477 ,
501 447 556 480 per
568 434 730 470 humanos
739 432 868 466 affectus
875 430 909 464 &
918 429 1100 472 corruptio-

216 501 275 526 nes
286 515 297 531 ,
309 487 350 524 ad
361 489 460 522 instar
472 488 663 521 Conventus
671 481 875 518 Seleucienfis
888 502 899 519 ‚
910 489 966 513 aut
978 479 1099 513 Arimi·

214 539 321 575 nenfis
331 564 342 580 ‚
368 540 422 572 seu
435 536 604 572 latrocinii
611 531 766 576 prefini
778 554 790 570 ‚
816 530 852 564 in
864 541 932 574 quo
956 528 1015 563 sub
1028 529 1099 563 reli-

213 590 327 636 gionis
337 596 490 632 praetextu
510 587 544 621 ὃς
554 582 687 619 vulnere
697 581 839 623 privatas
862 579 995 622 injurias
1006 579 1099 614 novi-

213 651 288 675 mus
308 637 489 673 vindicatas
497 658 506 668 .
532 631 665 666 Eisdem
687 641 729 666 ex
751 629 991 674 suspicionibus
1013 629 1096 663 olim

213 690 317 725 etiam
328 699 388 723 nos
397 685 506 729 Belgae
514 683 548 717 &
559 681 679 717 Franci
691 692 809 715 omnes
831 680 1097 725 impugnavimus

214 739 384 784 septimam
393 733 566 777 Synodum
579 756 592 777 2
609 731 834 766 existimantes
845 730 864 765 a
877 731 999 775 privata
1011 730 1098 765 Grae-

213 800 330 824 corum
337 782 475 829 synodo
486 782 666 819 stabilitam
688 784 849 817 sacrarum
860 780 1044 825 imaginum
1056 780 1096 814 la-

215 841 311 874 triam
322 860 334 877 ,
358 836 393 869 &
417 833 535 868 Sedem
546 832 578 866 A
583 831 776 876 postolicam
797 831 1075 873 circumscriptam
1089 854 1096 862 .

216 885 384 925 Generalis
400 883 492 918 enim
503 882 631 927 synodi
654 882 780 917 decreta
791 882 855 915 esse
872 881 998 916 Divina
1010 903 1022 919 ,
1048 881 1095 913 in-

212 935 365 974 fallibilia
377 958 390 975 ‚
415 933 499 968 nulli
510 944 657 977 unquam
677 932 898 968 retractationi
921 929 1070 964 obnoxia
1085 954 1096 970 ‚

213 987 327 1022 omnis
334 984 393 1020 sub
401 985 482 1018 caelo
489 983 631 1018 Ecclesia
641 984 762 1026 semper
771 992 831 1026 pro
839 981 950 1025 regula
961 978 1078 1015 habuit
1090 1005 1096 1011 .

213 1035 441 1071 Orientalium
452 1032 549 1078 porro
557 1044 698 1069 errorem
708 1032 835 1069 rursum
846 1030 923 1066 dico
935 1041 1004 1067 non
1020 1029 1094 1067 fuis-

214 1089 247 1123 se
258 1087 276 1123 a
287 1086 383 1132 culpa
395 1086 577 1122 immunem
587 1109 595 1119 .

343 1266 598 1321 CAPUT
633 1266 967 1316 SEXTUM.

216 1387 410 1458 Qomodb
449 1385 553 1436 dieta
582 1386 722 1453 Synodi
755 1385 940 1453 discordia
974 1384 1099 1451 faerit

438 1456 591 1506 tandem
645 1457 842 1525 composita
858 1453 880 1504 ?

312 1586 382 1620 Um
393 1584 540 1628 Cyrillus
566 1584 601 1618 &
618 1583 781 1627 Joannes,
805 1582 958 1619 Ecclefiae
981 1591 1099 1627 magna

338 1635 498 1672 elementa
511 1659 523 1675 ,
548 1634 594 1669 ita
615 1634 759 1669 invicem
777 1634 965 1673 collidunt,
990 1632 1100 1666 Roma

215 1684 400 1720 adveniunt
412 1682 572 1719 Arcadius
596 1684 631 1717 ὅ(
654 1683 820 1727 Projestus
841 1683 1013 1726 Episcopi,
1041 1693 1100 1716 nec

215 1746 288 1770 non
303 1734 475 1777 Philippus
487 1733 648 1767 Romanae
658 1734 807 1769 Ecclefiae
818 1733 990 1776 Presbyter
999 1757 1010 1773 ,
1038 1733 1100 1767 Ce-

215 1783 326 1818 lestini
335 1783 509 1817 Pontificis
533 1794 572 1817 ac
595 1782 696 1817 totius
707 1783 933 1818 Occidentalis
952 1782 1102 1816 Ecclefiae

214 1833 357 1880 Legati,
381 1832 538 1868 habentes
550 1831 673 1867 litteras
694 1832 786 1867 datas
797 1834 914 1867 ostavo
935 1831 1008 1866 idus
1029 1832 1102 1866 Ma-

218 1884 281 1927 jas.
305 1884 420 1932 Qare
439 1883 482 1918 ad
500 1881 589 1918 diem
602 1881 812 1919 pentecostes
833 1883 961 1924 adeste,
987 1894 1024 1916 ac
1047 1883 1100 1925 ipli

215 1934 390 1977 Synodum
401 1934 524 1978 aperire
547 1931 689 1968 omnino
704 1934 887 1977 sperarant,
914 1933 1027 1967 verum
1051 1944 1102 1966 na·

216 1985 397 2030 vigationis
406 1985 531 2019 incerta
541 1993 648 2017 moras
660 1983 838 2026 injecerant
849 2009 855 2015 .
882 1980 938 2018 Ad
944 1992 1101 2017 venerunt

215 2035 327 2076 mense
339 2034 426 2077 Julio
436 2058 448 2074 ,
471 2034 505 2068 &
517 2032 609 2068 sexto
621 2033 694 2068 idus
704 2034 842 2077 primam
856 2032 1034 2068 Astionem
1052 2046 1103 2068 ce-

216 2083 384 2118 lebrarunt
405 2109 412 2116 .
452 2083 598 2129 Qaestio
617 2083 664 2117 est
684 2109 695 2125 ,
721 2095 762 2118 an
787 2085 934 2119 venerint
958 2082 1100 2118 habituri

217 2131 429 2176 principalem
440 2130 650 2165 Praefidentiae
661 2132 773 2166 locum
786 2158 796 2173 ,
817 2146 858 2166 an
869 2133 959 2169 illam
973 2134 1103 2176 Cyrillo

215 2181 422 2221 concessuri,
447 2181 614 2223 futurique
640 2180 708 2223 ejus
727 2180 937 2216 solummodo
955 2184 1102 2217 adsisten-

217 2232 288 2266 tes?
314 2231 459 2278 Qidam
481 2230 643 2263 affirmant
664 2231 824 2273 primum:
853 2231 986 2266 Etenim
997 2233 1098 2275 Syno-

216 2282 268 2316 dis
281 2281 366 2324 apud
389 2280 519 2315 Graecos
529 2277 650 2314 habitis
662 2291 829 2323 nunquam
853 2280 1002 2315 Graecum
1015 2306 1026 2321 ‚
1053 2281 1103 2315 sed

217 2331 375 2366 Latinum
387 2328 543 2373 Prelidem
555 2328 646 2365 dedit
658 2331 779 2373 semper
790 2331 930 2365 Ecclesia
942 2331 1102 2366 Romana.

217 2381 295 2427 Ego
308 2391 416 2416 tamen
440 2380 544 2424 probo
566 2390 688 2422 partem
707 2381 915 2423 posteriorem
929 2406 936 2413 .
963 2381 1102 2416 Laudati

217 2432 312 2466 enim
323 2430 440 2476 Legati
452 2430 660 2474 principalem
674 2431 783 2465 locum
813 2431 983 2466 dumtaxat
996 2443 1103 2466 tenue-

218 2493 252 2516 re
266 2505 277 2522 ,
302 2481 471 2524 quousque
481 2480 517 2514 in
528 2479 650 2514 inflista
663 2491 718 2523 per
728 2481 913 2516 Orientales
925 2482 1103 2526 Episcopos

218 2531 422 2566 contumelia
449 2530 581 2573 &quast
595 2541 684 2564 reatu
698 2532 761 2565 fuit
771 2530 936 2575 Cyrillns3
965 2533 999 2566 in
1022 2534 1101 2568 inte-

220 2593 318 2625 grum
328 2581 476 2615 restituto
489 2591 569 2614 mox
580 2581 696 2616 cessere
706 2580 817 2616 locum
829 2606 840 2622 ,
873 2582 984 2626 utique
1003 2594 1044 2617 ex
1056 2583 1102 2618 sui

220 2631 393 2665 Pontificis
414 2629 583 2664 mandato.
621 2630 763 2665 Mennas
798 2632 1104 2676 Constantinopoli-

223 2690 340 2719 tanus,
364 2680 398 2713 δε
418 2679 516 2715 trium
539 2681 734 2715 Dioeceseon
758 2682 910 2725 Episcopi
929 2682 964 2715 in
986 2684 1102 2726 profes-

220 2732 310 2764 fione
320 2731 400 2764 sada
410 2730 540 2775 Vigilio
552 2729 644 2774 Papae
654 2729 695 2764 ad
706 2732 851 2767 Sanctam
864 2732 1046 2767 Eufemiam
1066 2735 1100 2767 in

220 2781 353 2815 civitate
362 2777 616 2815 chalcedonensi
628 2805 639 2821 ,
664 2780 780 2816 diserte
791 2783 906 2816 dicunt
930 2782 1102 2826 praesedisse

221 2830 425 2865 Celestinum
436 2830 471 2864 in
484 2831 615 2876 Legatis
626 2830 757 2874 Cyrillo
771 2856 782 2870 ,
804 2830 954 2867 'Arcadio
979 2833 1012 2866 ὅ(
1025 2832 1102 2867 Pro-

222 2880 304 2923 iecto
316 2880 484 2923 Episcopis
494 2903 505 2920 ‚
529 2881 564 2915 ὅ(
584 2879 739 2925 Philippo
756 2881 949 2926 Presbytero
962 2908 970 2916 .
1032 2894 1102 2918 uot-

221 2939 303 2974 quot
314 2929 528 2964 meminerunt
539 2932 654 2966 nostrae
666 2931 790 2975 Synodi
803 2957 813 2973 ,
826 2944 896 2966 uno
908 2945 964 2968 ore
974 2934 1100 2968 donant

224 2980 390 3023 Cyrillum
400 2979 504 3022 primo
516 2981 596 3015 vicis
611 2981 809 3025 Apostolicae
831 2983 924 3017 loco.

274 3031 372 3063 Sexto
396 3029 504 3071 itaque
527 3031 561 3066 &
581 3033 697 3073 quinto
716 3032 792 3068 Idus
815 3032 913 3076 Julias
936 3034 1099 3069 celebrata·

221 3081 298 3114 sunt
308 3091 363 3123 per
376 3078 521 3114 laudatos
532 3081 617 3116 viros
627 3082 766 3117 secunda
787 3084 820 3117 &
830 3085 921 3118 tertia
935 3084 1100 3126 synodalis

224 3129 346 3170 Actio,
371 3130 405 3163 ὃ(
425 3129 499 3163 ante
518 3132 630 3165 omnia
640 3143 679 3166 ex
691 3143 780 3166 more
801 3133 885 3168 lesia:
894 3133 1027 3177 Papales
1050 3134 1101 3169 lit-

224 3189 319 3217 terae,
345 3181 429 3223 quasi
448 3191 501 3222 per
511 3180 711 3223 prophetiam
729 3182 905 3217 admodum
926 3196 1078 3229 congrua:
1091 3210 1098 3224 ,

225 3230 338 3273 utpote
350 3227 538 3263 mandantes
547 3233 660 3266 cunsta
673 3231 868 3275 Apostolicae
879 3233 967 3268 Sedis
979 3233 1043 3269 huc
1055 3236 1100 3268 us-

224 3280 336 3324 quein
349 3278 540 3314 Nestorium
550 3278 677 3316 decreta
696 3284 827 3318 tandem
845 3283 961 3318 deduci
983 3286 1016 3319 in
1029 3297 1100 3319 exe-

227 3329 412 3369 cutionem,
422 3341 459 3364 ac
468 3328 555 3374 apud
567 3328 718 3372 Ephesios
727 3333 837 3367 servari
849 3334 942 3369 breve
954 3336 1099 3375 verbum,

224 3378 245 3412 ὲ
267 3380 383 3415 Sancto
403 3379 530 3422 Joanne
539 3378 701 3423 Apostolo
726 3383 823 3416 toties
845 3384 890 3417 ibi
913 3385 1100 3428 depraedica-

225 3436 299 3464 mm
312 3454 323 3470 ,
351 3430 471 3473 Diligite
490 3432 672 3465 alterutrum
685 3457 692 3463 .
719 3431 827 3465 Novis
849 3433 979 3478 Legatis
997 3434 1101 3478 praele-

225 3479 276 3515 ἂι
293 3479 328 3514 &
349 3480 490 3523 exposita
511 3480 555 3515 est
568 3482 669 3525 prima
690 3481 852 3524 synodalis
862 3482 982 3525 Anio,
1006 3493 1101 3529 atque

327 3529 430 3571 Christ.
443 3532 522 3573 Lupi
530 3534 614 3574 Oper.
624 3534 743 3568 TomJI.

1919 167 1936 197 1
1947 168 1978 206 9

1162 224 1278 261 abillis
1290 225 1422 270 probata
1447 226 1481 259 &
1502 229 1693 265 confirmata
1712 242 1720 262 :
1746 226 1876 274 Nempe
1897 231 2044 268 Nestorii

1162 277 1353 319 damnatio,
1378 275 1535 312 Celestini
1559 279 1593 312 δε
1618 279 1737 324 Cyrilli
1750 279 1790 313 ad
1812 280 1906 315 illum
1916 282 2043 326 Episto-

1162 327 1222 368 lae,
1247 328 1347 362 etiam
1359 326 1504 371 Epistola
1527 325 1700 365 duodecim
1711 330 1959 375 capitulorum.
1984 334 2043 368 Fa-

1162 379 1209 411 sta
1221 377 1298 411 item
1309 376 1349 411 de
1366 375 1417 412 his
1427 375 1561 412 Relatio
1578 376 1823 425 adPrincipem
1834 404 1845 421 ‚
1869 379 2045 425 postulata-

1162 437 1223 471 que
1243 427 1378 462 licentia
1397 427 1574 463 ordinandi
1596 429 1675 461 novi
1691 430 1841 476 Episcopi
1855 431 2043 466 Constanti-

1160 478 1366 522 nopolitani‚
1391 475 1607 514 &recedendi
1628 477 1670 511 ad
1681 483 1828 523 propria,
1853 480 1942 526 quod
1966 481 2046 524 Epi-

1161 528 1248 573 scopi
1258 528 1364 572 plures
1374 528 1464 563 senio
1476 552 1487 568 ‚
1513 527 1625 571 inopia
1636 553 1648 569 ,
1673 528 1794 562 morbis
1805 555 1815 570 ,
1840 541 1946 567 morte
1958 531 2044 565 affli-

1160 589 1316 624 gerentur
1326 603 1333 610 .
1363 577 1397 613 A
1407 580 1503 613 novis
1513 578 1644 622 Legatis
1654 589 1761 612 novos
1771 580 1896 615 animos
1918 581 2043 617 adsum-

1161 629 1384 672 pfitSynodus
1396 653 1407 669 ‚
1433 627 1547 672 utpote
1562 627 1628 671 jam
1649 628 1803 664 veraciter
1821 633 2043 673 oecumenica,

1161 678 1250 722 quod
1261 678 1309 712 illi
1322 690 1390 713 non
1402 678 1531 713 tantum
1541 676 1733 723 Apostolica
1743 679 1837 713 Sedes
1848 702 1860 719 ,
1885 680 1936 714 sed
1949 682 2044 723 plena.

1160 729 1261 762 totius
1272 728 1464 764 Occidentis
1477 728 1629 771 Synodus
1640 741 1694 773 per
1703 729 1778 762 illos
1805 729 1838 763 &
1861 738 2045 772 apportatas

1162 778 1201 814 ab
1210 779 1257 814 eis
1266 778 1388 814 litteras
1398 778 1568 813 adsideret.
1596 779 1741 822 Cyrillus
1756 778 1854 814 solius
1870 778 2047 821 Romanae,

1162 829 1195 863 hi
1214 829 1313 863 etiam
1337 829 1437 864 totius
1450 828 1673 865 Occidentalis
1697 830 1843 866 Eccleliae
1861 828 1987 864 vicibus
2011 830 2047 864 δε

1161 878 1323 924 legatione
1333 878 1553 925 fungebantur
1561 905 1571 913 ,

1210 930 1247 963 In
1260 930 1375 973 quinta
1389 954 1400 971 ‚
1425 928 1555 969 decimo
1574 930 1713 974 septimo
1731 929 1893 965 Kalendas
1905 927 2049 976 Augusti

1162 979 1272 1014 habita
1298 978 1440 1015 Aetione
1467 981 1671 1025 susceperunt
1693 981 1812 1024 Cyrilli
1837 982 1873 1016 &
1894 980 2051 1015 Memno-

1161 1031 1211 1064 nis
1225 1029 1372 1064 adversus
1385 1032 1545 1074 Joannem
1557 1030 1810 1067 Antiochenum
1829 1030 2048 1075 querimonias

1159 1079 1352 1121 &libellos‚
1378 1080 1576 1124 postulantes
1596 1081 1689 1116 citari
1710 1081 1840 1122 virum,
1866 1092 1975 1116 coram
1995 1081 2051 1116 Se-

1159 1128 1208 1162 dis
1220 1127 1380 1169 Romanae
1391 1130 1532 1164 Vicariis
1542 1129 1743 1165 redditurum
1761 1132 1904 1166 rationes
1916 1133 2050 1166 suorum

1161 1179 1195 1212 in
1206 1187 1314 1213 tantos
1328 1178 1507 1222 Episcopos
1532 1179 1567 1212 &
1577 1178 1764 1214 orthodoxa
1775 1180 1928 1224 Capitula
1948 1191 2050 1216 atten-

1161 1238 1303 1264 tatorum
1313 1253 1321 1260 .
1346 1227 1490 1264 Aeacius
1499 1228 1718 1264 Melitinenlis
1729 1228 1834 1264 Archi
1844 1249 1857 1255 -
1866 1230 2047 1275 Episcopus

1160 1291 1232 1314 eam
1243 1290 1311 1314 non
1322 1280 1516 1314 sententiam
1527 1303 1538 1320 ‚
1549 1288 1606 1313 aut
1618 1279 1774 1322 synodale
1783 1278 1944 1322 judicium
1958 1304 1969 1321 ‚
1995 1278 2051 1315 sed

1161 1329 1398 1365 contumeliam
1424 1340 1520 1375 atque
1532 1329 1722 1364 convicium
1735 1329 1806 1373 ipso
1825 1330 1899 1373 Jure
1921 1330 2052 1364 nullum

1162 1380 1314 1416 clamavit
1330 1405 1341 1422 ,
1373 1379 1513 1424 ideoque
1537 1380 1698 1423 Ioannem
1727 1380 1834 1415 audiri
1854 1379 2050 1424 indignum;

1162 1431 1279 1476 Legati
1291 1441 1400 1466 tamen
1416 1431 1543 1466 ratione
1554 1453 1566 1471 ‚
1592 1442 1660 1464 non
1673 1431 1820 1474 potentia
1830 1432 1995 1475 agendum
2004 1440 2065 1463 ra-·

1162 1482 1187 1514 ti
1199 1480 1368 1516 citandum
1381 1491 1535 1516 curarunt
1547 1492 1603 1525 per
1613 1479 1813 1515 Archelaum
1825 1480 2051 1523 Myndensem

1162 1532 1196 1566 in
1209 1532 1303 1566 Caria
1315 1557 1326 1573 ,
1353 1531 1492 1566 Paulum
1506 1532 1721 1575 Lampensem
1741 1532 1776 1564 in
1788 1531 1886 1564 Creta
1898 1555 1908 1570 ‚
1933 1531 1968 1564 ὃς
1991 1530 2053 1564 Pe·

1163 1592 1249 1616 trum
1260 1582 1458 1626 Episcopum
1469 1581 1734 1616 parembolarum
1747 1582 1782 1616 in
1794 1580 1957 1616 Palestina
1967 1606 1974 1612 .
2001 1579 2051 1614 At

1164 1632 1255 1666 nullo
1266 1632 1386 1666 frustu.
1413 1632 1548 1666 Etenim
1560 1632 1699 1675 Joannes
1722 1632 1769 1665 sui
1793 1632 1923 1676 copiam
1945 1631 2050 1666 facere

1166 1683 1299 1723 nolens,
1325 1681 1459 1716 domum
1487 1684 1575 1716 suam
1587 1682 1694 1717 cinxit
1714 1692 1839 1715 armato
1859 1681 1986 1721 milite,
2014 1682 2051 1714 in

1164 1733 1264 1766 didtos
1288 1733 1490 1777 Epist-opos,
1517 1732 1634 1774 Cyrilli
1658 1732 1832 1776 Capitula,
1858 1733 1892 1767 <Sc
1914 1742 2050 1766 omnem

1164 1783 1335 1826 Synodum
1356 1783 1527 1828 insigniter
1547 1782 1702 1825 injurioso
1723 1808 1729 1815 .
1756 1783 1850 1816 Facta
1869 1792 1982 1817 tamen
2003 1782 2050 1815 est

1164 1832 1298 1867 secunda
1314 1834 1442 1868 vocatio
1476 1844 1531 1876 per
1540 1833 1621 1866 alios
1633 1833 1808 1876 Episcopos
1820 1858 1830 1873 ,
1855 1833 1873 1866 a
1890 1830 2051 1867 militibus

1162 1884 1342 1918 &Clericis
1363 1882 1584 1917 Antiochenis
1610 1883 1698 1926 pejus
1710 1885 1874 1918 tractatos.
1901 1882 2051 1916 Tradiati

1164 1934 1251 1968 filere
1272 1944 1439 1978 tamquam
1460 1945 1514 1976 per
1525 1934 1683 1976 Joannem
1710 1932 1846 1976 depositi
1873 1933 2049 1966 &excom-

1164 1984 1340 2018 municati.
1368 1985 1470 2018 Tune
1481 1983 1642 2029 Iuvenalis
1655 1983 1892 2025 Hierosolymae
1918 1982 2049 2026 Episco-

1165 2046 1224 2078 pus
1237 2035 1271 2068 in
1284 2035 1442 2078 Joannem
1455 2033 1586 2077 protulit
1598 2032 1682 2067 hanc
1700 2035 1801 2068 aureis
1820 2033 1934 2075 litteris
1955 2032 2051 2067 scribi

1164 2084 1620 2130 dignaminterlocutionem.
1648 2084 1806 2125 Oportebat
1821 2085 1978 2126 Joannem
1989 2086 2049 2113 An«

1164 2134 1275 2167 tiochiae
1298 2132 1477 2175 Episcopum
1499 2132 1643 2174 confestim
1665 2144 1830 2171 accurrere,
1853 2141 1886 2165 ut
1909 2135 1947 2165 de
1968 2135 2026 2166 illis
2039 2158 2049 2172 ,

1164 2195 1229 2227 quae
1259 2189 1284 2216 ei
1294 2183 1464 2223 objiciuntur
1478 2206 1488 2220 ‚
1507 2181 1539 2225 se
1549 2191 1688 2225 purgaret
1700 2206 1709 2220 ,
1733 2185 1779 2215 ad
1794 2182 1979 2225 Apostolicam
2002 2185 2049 2215 seu

1165 2235 1230 2266 dem
1240 2245 1357 2276 magnae
1366 2235 1468 2265 Romae
1484 2230 1625 2274 nobiscum
1634 2232 1840 2273 confidentem,
1861 2234 1946 2273 apud
1957 2245 2049 2275 quam

1165 2284 1295 2316 maxims
1305 2281 1410 2322 mosest
1421 2294 1456 2315 ex
1468 2281 1616 2323 Apostollco
1626 2282 1729 2314 ordine
1752 2283 1785 2315 (ff
1807 2283 1964 2316 traditione
1976 2305 1986 2320 ‚
2014 2291 2047 2316 ut

1165 2331 1230 2376 ipsa
1245 2331 1326 2376 ſsdes
1352 2331 1528 2366 Antiocbena
1550 2333 1700 2376 dirigatur
1723 2333 1917 2373 &judicetur
1931 2358 1938 2366 .
1967 2333 2049 2366 Om-

1168 2384 1256 2416 nium
1279 2382 1368 2417 enim
1380 2379 1636 2415 patriarcharum
1660 2382 1694 2415 ὅ(
1716 2381 1896 2417 Primatum
1906 2381 2048 2417 Autoce-

1166 2431 1334 2476 phalorum
1345 2433 1453 2475 primae
1466 2432 1624 2466 instantiae
1644 2443 1685 2465 ex
1700 2431 1894 2476 Apostolico
1907 2433 1953 2466 Ca
1960 2444 2047 2466 none

1167 2485 1306 2526 spediant
1329 2483 1369 2516 ad
1391 2481 1504 2516 Sedem
1528 2482 1713 2515 Romanam
1733 2507 1743 2523 ‚
1769 2494 1870 2526 eaque
1891 2484 2047 2526 potestate

1165 2534 1208 2567 uli
1224 2533 1339 2577 Legati
1352 2532 1536 2575 Apostolici
1549 2532 1714 2574 Cyrillum
1739 2533 1772 2565 ὃ(
1787 2534 2005 2567 Memnonem
2027 2532 2047 2565 a

1165 2584 1297 2627 Joannis
1317 2584 1478 2617 sententia
1498 2594 1563 2616 non
1578 2581 1805 2622 absolverunt,
1833 2583 1885 2616 sed
1898 2584 1966 2625 ipso
1978 2583 2046 2625 jure

1166 2633 1289 2668 nullam
1314 2633 1348 2666 &
1371 2644 1486 2666 vanarn
1508 2632 1734 2671 declararunt,
1758 2631 1850 2675 juxta
1871 2632 2045 2668 confilium

1164 2683 1280 2718 Aeacii
1307 2683 1542 2717 Melitineniis.

1213 2731 1420 2768 Addiderunt
1454 2732 1488 2768 &
1509 2733 1638 2768 tertiam
1660 2733 1793 2777 Joannis
1814 2733 2044 2768 evocationem

1164 2784 1411 2828 peremptoriam
1424 2809 1434 2824 ‚
1460 2781 1627 2818 adversum
1647 2783 1713 2826 ejus
1727 2794 1885 2817 attentata
1908 2783 1942 2817 &
1966 2795 2043 2817 con-

1165 2836 1338 2868 tumaciam
1357 2834 1569 2868 criminaliter
1606 2835 1640 2867 <Sc
1663 2832 1828 2868 definitive
1849 2834 2042 2876 processuri.

1163 2883 1212 2923 At
1222 2884 1347 2927 peffime
1356 2883 1480 2917 rursum
1491 2884 1616 2927 excepti
1627 2886 1700 2918 sunt
1720 2894 1892 2918 evocantes
1914 2883 2046 2927 Episco-

1164 2936 1216 2978 pi,
1242 2935 1260 2967 ἐι
1295 2935 1429 2978 Joannis
1440 2935 1610 2977 praestrtim
1627 2932 1918 2972 Archi-Diacono,
1944 2944 2043 2978 quem

1165 2996 1229 3018 non
1243 2983 1412 3019 sine'causa
1424 2983 1604 3028 depingens
1614 2982 1763 3026 Synodus
1780 2984 1872 3020 fuiffe
1888 2983 1970 3018 dicit
1993 2996 2044 3016 rct-

1160 3047 1206 3067 ros
1220 3041 1252 3068 in
1262 3035 1353 3067 barba
1374 3035 1451 3076 pilos
1461 3034 1632 3074 habentem,
1651 3033 1849 3077 subpallidam
1862 3058 1873 3075 ‚
1900 3035 1933 3068 (τ
1948 3033 2043 3074 statu-0

1160 3097 1196 3117 ra
1213 3085 1346 3127 pusillum
1358 3109 1365 3116 .

1211 3136 1310 3169 Sexto
1329 3134 1459 3168 decimo
1479 3133 1641 3168 Kalendas
1661 3132 1803 3179 Augusti
1823 3134 1907 3178 apud
1930 3133 2042 3167 Actio-

1162 3196 1237 3217 nem
1250 3185 1397 3226 quintam
1409 3183 1534 3218 strenue
1546 3184 1663 3218 institit
1674 3196 1731 3228 pro
1744 3186 1806 3218 suis
1818 3183 1968 3218 adversus
1988 3184 2040 3227 Jo-

1162 3245 1280 3268 annem
1294 3233 1453 3276 Capitulis
1464 3234 1627 3276 Cyrillus‚
1653 3235 1856 3278 expostulans
1876 3233 1924 3275 jus
1947 3232 2037 3274 dici,

1162 3286 1194 3318 ὃ(
1206 3284 1365 3317 adversam
1376 3296 1474 3317 vanas
1499 3283 1640 3325 &futiles
1663 3286 1741 3317 illius
1751 3285 1911 3316 calumnias
1927 3289 2037 3316 muniri

1159 3340 1228 3376 pias
1255 3337 1398 3376 Principis
1420 3346 1501 3367 aures
1523 3357 1533 3374 ,
1567 3345 1603 3367 ne
1615 3342 1671 3375 per
1685 3334 1847 3375 fitllaciam
1866 3340 2035 3376 capiantur.

1164 3385 1319 3418 Extremo
1331 3394 1438 3418 tamen
1451 3386 1558 3428 rigore
1571 3385 1619 3418 uri
1633 3383 1808 3418 noluerunt
1823 3385 1936 3429 Legati
1952 3397 1958 3416 :
1986 3385 2039 3427 Jo-

1162 3446 1201 3467 an
1208 3445 1282 3468 nem
1306 3435 1339 3468 &
1349 3434 1415 3477 ejus
1428 3433 1569 3468 Affeclas
1582 3458 1593 3473 ,
1619 3434 1815 3468 exaudiorari
1824 3433 2039 3480 dignissimos,

1163 3484 1204 3518 ab
1216 3483 1432 3521 Ecclefiastica
1442 3482 1608 3520 dumtaxat
1630 3486 1886 3524 communione,
1912 3485 1946 3519 &
1964 3483 2036 3518 aliis

1635 3533 1668 3570 C
1716 3547 1739 3574 2
1939 3531 1992 3568 de·-
