2340 3736
492 216 563 259 Dc
599 226 777 263 voelssus
793 233 798 237 -
813 214 1073 258 Sunsramm
1085 246 1102 271 2
1121 212 1343 258 *Essrmm
1353 243 1367 269 ‚
1402 210 1604 257 PERS'ONA
1616 247 1628 271 ,
1643 215 1725 260 &c.

226 311 357 337 mentum
373 306 465 335 omnis
484 298 665 343 sapientiae‚
693 310 758 341 quae
780 301 799 331 ἃ
817 304 930 331 ratione
949 296 1103 340 proficisci-

225 362 297 391 tur,
321 350 468 394 consuevit
489 351 539 393 effe
565 353 725 391 Praeceptio
737 375 747 390 ‚
772 351 806 383 (5·
826 351 974 382 Praenotio
994 347 1106 388 Defini-

225 408 338 436 tionum
348 399 488 442 propofito
498 411 669 443 argumento
679 398 900 442 inservientium
913 422 924 438 ‚
951 399 1015 431 ideo
1028 406 1105 438 opor-

225 461 268 486 tet
277 460 309 485 ut
320 451 379 485 iilae
391 452 569 486 antecedant
581 475 593 491 ‚
618 459 773 496 tamquam
780 446 941 490 praesentis
955 458 1106 491 argumen-

226 508 252 535 ti
270 501 425 540 oertiffimae
449 504 544 534 Duces
553 517 564 532 Δ.
593 504 701 533 Paucis
712 505 792 532 enim
803 496 893 531 &bis
904 494 1038 530 .m1ninoe
1047 508 1106 529 om-

227 557 308 585 nium
320 576 330 591 ‚
356 557 407 593 qui
418 554 505 585 AEvo
516 550 605 590 nostro
621 550 733 593 degunt
745 572 757 588 ‚
781 559 860 580 curae
871 549 995 581 &cordi
1013 546 1081 587 fuit
1095 570 1105 585 ‚

225 610 259 634 ut
279 601 462 643 definitiones
497 601 568 634 bene
593 604 749 643 cognitas,
772 595 995 641 perspec‘lasque
1020 595 1107 630 babe-

226 660 315 691 rent,
336 649 392 694 sed
410 648 495 693 quasi
513 658 545 684 in
569 649 732 688 nodat-na,
758 649 811 681 vel
828 652 929 690 potius
952 652 1105 680 Caecorum

224 708 328 745 pugna
347 726 358 741 ,
392 700 486 733 multi-
500 704 707 736 Haereticorum
729 723 740 738 ,
773 709 837 731 cum
857 696 961 739 quibus
999 707 1104 731 manus

1864 231 1962 275 v313

1169 306 1229 329 tum
1251 320 1262 336 ,
1289 297 1489 338 Divinumque
1515 302 1609 339 ignem
1629 300 1662 333 (9⁸
1691 307 1834 333 naturam
1867 304 1979 333 Carnis
2003 307 2036 335 in

1162 357 1258 385 ‘unam
1270 350 1527 387 Communionem‚
1555 345 1757 388 &societatem
1777 350 1920 392 coaluiffe.
1948 351 2037 384 Gen-

1171 395 1274 429 tilium
1299 393 1492 439 Philosophi
1513 394 1694 430 constanter
1704 399 1824 434 docent
1850 398 1928 433 duas
1938 399 2038 433 diver-

1172 447 1215 479 sas
1229 457 1264 479 ac
1289 445 1405 481 tortiles
1417 445 1636 489 Naturasnon
1661 448 1747 491 posse
1758 449 1885 485 uniri&
1905 461 1946 483 co
1983 446 2040 492 po-

1170 496 1204 529 ni
1225 496 1260 528 in
1272 505 1371 529 unam
1396 495 1626 540 Hypostafim.
1652 496 1745 530 Hinc
1757 499 1879 533 Divina
1889 500 1926 533 ln
1968 510 2040 533 rna-

1171 545 1217 579 tio
1228 544 1290 579 fuit
1311 544 1376 578 illis
1396 545 1529 580 stultum
1554 546 1641 586 Dei,
1669 557 1706 580 ac
1728 547 1864 583 stultitia
1885 549 2039 583 Praedica-

1169 595 1267 628 tionis
1278 619 1285 625 .
1313 594 1360 627 At
1373 596 1448 629 vero
1462 595 1558 630 nobis
1571 596 1695 631 vocatis
1705 620 1716 636 ,
1742 598 1775 630 &
1785 597 1890 631 electis
1899 599 1943 632 est
1957 601 2042 633 sum-

1168 654 1220 677 ma
1239 668 1251 684 ,
1278 654 1315 677 ac
1341 644 1457 679 Unica
1480 646 1637 690 sapientia
1661 671 1668 677 .
1694 645 1783 680 Audi
1804 647 1938 681 alteram
1962 648 2041 681 Phi-

1168 691 1323 736 losophiae
1344 694 1571 730 definitionem
1586 710 1597 729 .·
1623 696 1690 729 sola
1710 698 1763 729 illa
1782 697 1817 732 (ff
1841 702 1926 729 unica
1952 701 2042 738 Hypo-

226 749 419 793 conseruimus
431 774 444 791 ,
458 750 505 785 ,de
515 748 713 796 Dogmatibus
724 748 769 791 ad
786 747 935 788 christum
950 753 1107 789 pertinen·
1162 742 1256 786 stalis,
1274 753 1342 787 quae
1361 750 1459 778 omnia
1483 752 1632 785 continet,
1655 744 1870 790 circumsoripta
1896 745 1955 787 est3
1977 747 2042 787 fieri

226 801 306 833 tibus
328 794 589 844 digladiabantur.
625 800 708 841 ‚Quos
733 800 835 831 merito
861 796 946 840 efficse
970 796 1105 838 rifimus,

223 851 398 892 pottffimum
422 850 487 882 illos
510 872 521 888 ,
548 853 599 890 qui
622 849 816 881 Alexandriae
837 853 949 880 vivunt
973 870 981 877 .
1021 846 1109 888 ,Quid

227 905 305 933 enim
314 905 412 943 magis
430 899 587 931 ridiculum
600 897 638 938 est
649 899 666 930 ἒ
692 900 729 932 de
743 907 852 931 natura
862 907 943 930 nova
959 898 1108 939 Dogmata

227 948 373 983 cadebant
382 973 394 989 ,
419 949 453 982 ὠ·
463 946 671 991 disceptabant
683 972 695 987 ‚
721 950 755 982 (9'
767 948 833 990 'quae
844 954 962 979 naturae
974 945 1108 987 definitio

227 999 292 1043 effet
308 1005 432 1040 penitus
444 999 622 1042 ignorabant
633 1022 643 1039 ,
670 999 707 1031 de
720 996 1107 1040 Hypofiaficomendebant‚

227 1049 262 1082 (τί
281 1050 356 1090 quid
374 1046 535 1090 Hypostafis
556 1050 641 1091 esset,
667 1059 724 1080 non
747 1046 952 1090 cognoscebant
966 1070 974 1077 .
1001 1045 1107 1080 Sabel-

227 1098 338 1138 liana,
365 1097 510 1137 Ariana,
535 1097 753 1135 Nestoriana,
779 1108 876 1142 atque
897 1095 1106 1139 Eutychiana

232 1147 376 1182 Haereses
387 1147 481 1192 plene
500 1146 666 1182 haerentin
684 1147 769 1182 Ufia
791 1148 824 1181 ὅ(
847 1146 1043 1190 Hypostafi:
1073 1146 1106 1179 in

229 1198 361 1233 essentia
386 1208 424 1232 ac
447 1197 666 1233 subflstentia.
699 1197 805 1242 Igitur
814 1207 919 1240 neque
930 1196 1002 1238 quis
1026 1194 1108 1238 ipsas

228 1247 422 1287 defendere,
451 1259 555 1291 neque
578 1259 640 1283 nos
652 1247 734 1290 ipsas
759 1256 901 1281 evertere
925 1245 1110 1289 poffumus‘,

228 1296 291 1332 nisi
303 1296 379 1330 istas
397 1307 497 1330 voces
508 1296 604 1341 plene
626 1297 853 1340 intelligimus.
874 1295 919 1329 Et
927 1293 1110 1338 intelligere

229 1356 301 1381 non
312 1346 477 1389 possumus
489 1369 500 1385 ,
526 1346 584 1379 nifi
596 1356 651 1388 per
662 1347 759 1379 restas
784 1344 996 1379 definitiones
1008 1355 1018 1385 ;
1044 1343 1110 1375 fine

227 1395 284 1430 his
296 1397 332 1430 δε
342 1395 512 1430 nobiscum
530 1396 566 1430 Bt
577 1395 663 1430 inter
674 1396 707 1430 se
717 1394 910 1440 pugnabant
935 1390 1110 1436 Eutychia-

226 1447 340 1482 nistae.
366 1445 546 1480 Praesertim
559 1444 763 1480 Alexandriae
777 1469 784 1476 .
810 1443 880 1478 Hic
892 1444 982 1477 enim
990 1441 1035 1476 ob
1046 1452 1110 1484 per-

208 1495 463 1531 >tinaciffimum
496 1493 718 1529 Haerefiarchz
741 1492 935 1536 Eutychetis
964 1491 1111 1527 defenso-

231 1554 301 1579 rem
335 1543 557 1579 patriarcham
590 1545 787 1579 Dioscorum
816 1567 828 1584 ,
866 1543 1061 1577 damnatum
1092 1540 1111 1574 a

234 1592 497 1628 Chalcedonenfi
517 1593 676 1636 synodo,
703 1593 830 1628 dudum
849 1592 912 1626 fuit
926 1591 1025 1626 nidus
1042 1602 1112 1625 om-

231 1644 330 1679 nium
350 1640 675 1686 Eutychianistarum
700 1669 708 1675 .
734 1642 828 1676 Hinc
851 1643 935 1685 ipsos
960 1640 1111 1675 Andeba·

231 1703 344 1728 tarum
366 1704 458 1727 more
480 1691 673 1737 digladiari,
698 1692 806 1728 &esse
815 1692 878 1725 risu
899 1689 1042 1735 dignos,
1067 1702 1113 1724 re-

231 1743 283 1777 ἃὲ
293 1742 464 1777 censuit&
484 1742 569 1777 dixit
589 1741 794 1777 Anastafius.
821 1741 865 1775 Et
874 1742 956 1775 recte
980 1740 1112 1774 conclu-

228 1793 306 1827 dict
326 1797 396 1825 Nos
408 1797 499 1835 igitur
520 1791 688 1833 operristi
717 1794 857 1825 «iteneris
869 1792 1037 1833 Unguiculis
1055 1798 1112 1831 per

224 1844 402 1877 ,Paternum
411 1841 607 1874 traditionem
609 1840 736 1884 litantia
750 1841 955 1882 definitionum
979 1841 1112 1873 accurate

230 1898 377 1933 accepta,
401 1890 435 1922 &
459 1887 615 1932 conspicati
631 1890 694 1931 post
715 1893 811 1923 Deum
827 1898 883 1931 per
905 1889 992 1921 illam
1017 1899 1111 1922 omnes

234 1938 432 1983 Adversarios
452 1937 541 1981 fusos
563 1963 575 1979 ‚
595 1939 774 1982 fugatosque
798 1940 849 1983 effe
868 1963 879 1978 ,
904 1936 1057 1972 hortamur
1079 1946 1113 1972 ut

228 1999 307 2023 «nte
327 1994 426 2023 omnia
436 1987 579 2022 habeatur
584 1987 694 2031 sedula
715 1988 916 2029 daim-tionum
928 1999 999 2022 cura
1010 2013 1022 2029 ,
1045 1999 1106 2021 ma-

230 2039 319 2072 xime
350 2039 469 2071 illarum
491 2061 504 2078 ,
528 2049 595 2080 quae
617 2039 662 2071 ad
690 2037 881 2080 defenfionem
906 2037 1048 2071 aarum
1074 2039 1113 2071 de

228 2086 355 2128 christo
363 2087 487 2129 faciunt
498 2111 505 2119 .
531 2090 586 2120 Ne
598 2086 666 2128 fitis
685 2088 820 2121 Barbari
839 2089 878 2121 de
896 2091 1030 2121 caecitate
1046 2094 1113 2128 per-

234 2137 323 2177 cnff,
347 2135 426 2180 isque
450 2135 668 2181 quisvobiscum
688 2137 835 2183 loquitur
854 2160 868 2178 ,
893 2138 1011 2172 iterum
1036 2135 1113 2170 Bar·

232 2186 354 2223 harus.
448 2202 451 2205 ·

269 2236 335 2271 „Et
355 2237 576 2280 prosequitur:
605 2240 754 2280 Principio
758 2236 836 2281 scire
847 2245 956 2280 oportet
969 2261 981 2278 ,
1006 2237 1112 2270 Tradi-

237 2292 346 2319 tionem
354 2285 487 2327 Eccleli’ae
510 2298 696 2330 nequaquam
706 2292 739 2320 in
757 2288 892 2322 omnibus
907 2287 1054 2332 servare,
1080 2286 1115 2320 θ’

228 2333 352 2379 :insequi
364 2339 531 2370 Graecorum
551 2336 790 2381 Philofhpborum
810 2338 1012 2380 definitionem
1034 2344 1116 2378 prae-

229 2387 323 2427 «εἰμὶ
330 2390 367 2419 Διή
377 2383 576 2427 disputatione
584 2388 622 2421 de
633 2387 764 2426 Mfflerio
773 2387 881 2428 Christi
893 2389 928 2422 Θ·
946 2385 1111 2430 sacro-san-

229 2434 297 2469 stae
307 2437 487 2476 Trinitatis;
511 2434 646 2479 sedsuas
658 2435 801 2479 quasdam
811 2449 850 2471 ex
869 2439 1063 2480 Evangelicis
1081 2437 1115 2469 ὁ·

232 2482 544 2524 -.Λρὀ]1σ1κι;]“οηιὶόιι.ν
555 2487 697 2518 deduiias
704 2484 837 2528 sequitur
862 2486 992 2530 Regulus
1010 2497 1018 2517 ι
1044 2496 1115 2518 nam

232 2531 401 2573 Iiiflert'um
412 2532 450 2564 de
461 2534 633 2566 Divinitate
646 2545 745 2567 omnes
754 2537 908 2569 naturales
934 2536 1115 2578 definitiones

210 2623 213 2626 ‚
232 2582 366 2626 &teges
389 2580 576 2624 transcendit
588 2606 600 2622 ‚
625 2584 777 2625 quodcum
792 2589 931 2618 Haeretici
941 2595 1000 2618 non
1008 2585 1119 2618 adver·

196 2629 208 2633 “’
230 2635 351 2670 ισὶηε,
377 2632 398 2662 ἃ
419 2631 499 2664 reda
522 2636 578 2666 via
597 2634 789 2667 exciderunt.
818 2637 981 2676 Propterea
1003 2634 1117 2668 dicebat

233 2681 359 2717 Paulus
374 2677 412 2722 se
430 2691 488 2714 non
508 2686 543 2714 in
557 2680 792 2725 persuafibilibus
803 2682 942 2717 bumanae
959 2682 1117 2727 sapientiae

235 2732 332 2774 brv'us
354 2731 462 2762 Mundi
476 2728 660 2773 sermonibus
688 2734 859 2775 pra-dicare
881 2733 1030 2774 Christum
1052 2757 1065 2773 ,
1087 2743 1118 2766 eo

234 2781 320 2825 qumi
327 2778 422 2821 hujus
435 2781 543 2814 Mundi
562 2779 738 2824 sapientia,
764 2785 905 2819 &omnis
922 2781 1118 2826 Philosopbiae

234 2827 540 2876 cognitiofitstultitia
550 2832 635 2872 apud
644 2836 740 2866 Deum
750 2857 757 2865 .
791 2833 896 2882 Qod
912 2832 1012 2877 longe
1023 2831 1119 2866 veris·

234 2881 361 2916 fimum
380 2877 490 2912 effein
517 2881 664 2922 praesenti
688 2883 846 2922 materia,
869 2881 1056 2918 Anastasius
1065 2881 1118 2916 de-

236 2927 401 2966 monstrat
411 2927 583 2971 exemplis.
611 2929 701 2965 Audi
714 2932 875 2975 primum:
902 2933 1120 2975 Advertequod

227 3002 230 3003 ν
234 2985 340 3023 prima
365 2976 565 3020 Philosophiae
588 2979 715 3021 definitio
731 2981 851 3024 sanciat
872 2996 880 3015 :
907 2985 987 3027 ,ραι
1006 2991 1117 3016 natura

234 3028 289 3072 fibi
310 3037 411 3062 mutuo
429 3025 655 3070 adversantur,
679 3031 838 3073 impoffibile
858 3031 898 3072 est
928 3039 962 3068 in
981 3042 1117 3066 mutuam

236 3083 466 3113 communionem
486 3082 588 3112 venire
608 3104 616 3110 .
643 3082 787 3122 Exempli
808 3087 911 3127 gratia
935 3107 947 3125 ,
967 3083 1035 3126 fieri
1060 3094 1116 3117 non

235 3127 333 3172 potest
345 3136 380 3162 ut
403 3131 482 3172 ignis
484 3127 575 3169 ferro
589 3130 739 3173 jungatur
756 3129 818 3172 fine
828 3143 928 3166 noxa.
955 3137 1046 3175 Atqui
1051 3139 1117 3175 pri-

238 3176 426 3223 vita-salutis
444 3176 690 3221 nostra-definitio
713 3186 824 3215 evertit
829 3187 964 3225 primam
990 3181 1116 3226 Philoso-

236 3226 330 3273 pbiae
342 3227 542 3271 definitionem
552 3250 567 3268 ‚
588 3228 659 3264 dum
668 3232 749 3265 docet
764 3233 1021 3277 Virginitatem&
1040 3234 1117 3268 Par-

342 3527 446 3572 christ.
462 3533 538 3575 Lupi
551 3536 637 3578 oper.
650 3534 769 3570 rom-11·

1167 799 1244 826 enim
1263 804 1321 825 non
1339 793 1429 834 potest
1440 819 1451 835 ‚
1477 803 1510 827 ut
1522 791 1597 837 quisv
1613 798 1774 829 Binarium
1783 806 1837 829 aut
1865 799 2043 829 Ternarium

1169 841 1450 886 incircumscriptum
1472 845 1551 877 dicat
1573 868 1581 876 .
1618 849 1707 878 Nam
1733 852 1765 878 in
1785 844 2043 888 circumscriptione

1169 900 1301 927 unitatis
1327 893 1396 935 inest
1430 893 1566 927 binarius
1592 919 1599 926 .
1634 894 1821 929 Anastafius
1852 893 2043 938 respondet:

1170 947 1209 975 At
1231 942 1416 986 verosani‘la
1428 942 1553 985 Ecclesia
1579 953 1642 977 tres
1653 943 1822 988 Hypostases
1839 943 2047 987 incircumscri-

1166 1001 1240 1035 ptas
1253 999 1284 1025 in
1299 997 1360 1026 Deo
1379 993 1545 1036 confitetur.
1577 994 1721 1028 Gentilis
1732 994 1947 1039 Philosophia
1973 1005 2049 1028 cen-

1173 1043 1216 1076 set
1238 1042 1358 1077 Ufiam
1384 1044 1644 1087 &Hypostafim
1662 1043 1725 1079 effe
1739 1056 1840 1079 unum
1856 1070 1867 1085 ,
1892 1041 2046 1084 &idem‚

1172 1091 1311 1135 ideoque
1331 1093 1437 1127 unicae
1459 1093 1548 1128 Ufiae
1569 1094 1671 1129 credit
1693 1105 1763 1128 non
1783 1096 1871 1138 poffe
1904 1094 1966 1129 effe
1986 1104 2049 1128 tres

1172 1141 1370 1185 Hypostases
1388 1167 1395 1173 .
1427 1141 1517 1177 Audi
1536 1144 1667 1178 tertiam
1688 1144 1866 1189 gentilium
1887 1143 2050 1180 definitio-

1175 1201 1248 1224 nem
1274 1204 1286 1224 .·
1312 1192 1401 1225 Plato
1422 1198 1467 1225 ait
1490 1195 1708 1227 Patet-nitatem
1725 1200 1813 1236 prius
1834 1195 1886 1238 effe
1908 1205 1999 1236 quam
2011 1192 2050 1235 fit

1172 1247 1248 1273 ratio
1258 1241 1352 1273 Filii.
1380 1241 1434 1275 En
1446 1242 1573 1277 fontem
1600 1242 1799 1277 Arianismi.
1827 1243 1938 1278 Etiam
1950 1243 2051 1277 Arius

1175 1300 1231 1332 pro
1244 1291 1308 1324 suis
1319 1289 1515 1326 patriarchis
1526 1291 1639 1327 habuit
1650 1291 1869 1338 Philosophos
1879 1319 1887 1325 .
1913 1293 2053 1331 Anasta·

1174 1339 1233 1372 fius
1257 1340 1428 1383 respondet
1453 1355 1464 1375 .·
1491 1341 1616 1383 Ecclefia
1642 1345 1714 1377 verb
1741 1345 1820 1377 docet
1831 1344 1945 1378 Filium
1963 1342 2053 1384 finud

1173 1399 1239 1422 cum
1265 1392 1361 1423 Patre
1382 1389 1503 1430 existere
1522 1400 1595 1424 ante
1620 1398 1718 1424 omnia
1735 1392 1848 1436 saecula
1878 1416 1890 1432 ,
1923 1397 2052 1435 pariter-

1174 1449 1230 1480 que
1254 1444 1335 1471 initii
1361 1447 1513 1481 expertem
1550 1440 1601 1483 effe
1630 1466 1636 1473 .
1670 1444 1738 1478 Haec
1764 1444 1798 1476 (9
1812 1436 1909 1483 xvhujus
1930 1447 2052 1484 generis

1174 1488 1237 1520 alia
1243 1487 1332 1529 probe
1351 1486 1446 1530 sciens
1459 1492 1591 1523 Divinus
1615 1490 1742 1532 Bafilius
1748 1490 1787 1533 fic
1804 1490 1905 1534 scribit
1917 1493 1960 1525 ad
1985 1496 2052 1537 Am3

1172 1536 1350 1579 philochium
1364 1550 1374 1570 :
1401 1542 1530 1572 Natura
1540 1540 1574 1572 o·
1584 1540 1719 1582 Effemia
1729 1546 1762 1574 in
1774 1540 1972 1583 Eccleſsasticis
1986 1542 2056 1583 dog·

1175 1587 1302 1620 mutibus
1322 1588 1400 1620 idem
1424 1586 1518 1631 sunt:
1543 1589 1695 1632 Sigmftat
1718 1596 1751 1623 in
1772 1594 1940 1625 Graeeorum
1955 1589 2055 1634 schola

1175 1641 1330 1671 Naturam
1342 1639 1375 1671 <y
1387 1638 1536 1681 essentiam
1563 1638 1717 1683 distingui.
1746 1639 1891 1675 Proinde
1902 1641 2054 1674 Gentiles

1176 1686 1407 1732 distinguenda
1430 1688 1674 1730 confuderunt,
1697 1690 1731 1726 δε
1756 1689 1989 1725 confundenda
2011 1690 2068 1736 dig

1176 1737 1375 1771 stinxerunt.
1403 1737 1493 1783 Qd
1505 1738 1696 1774 differentiae
1721 1740 1805 1775 inter
1816 1740 1997 1775 Effentiam
2021 1740 2056 1775 δε

1176 1787 1336 1822 Naturam
1362 1787 1553 1822 Aristoteles
1577 1790 1719 1833 posuerit
1741 1815 1751 1830 ‚
1790 1790 1977 1824 Anastafius
2000 1780 2058 1823 ib}-

1176 1835 1251 1871 dem
1265 1838 1417 1881 exponit.
1445 1837 1532 1872 Mox
1543 1838 1627 1873 infra
1640 1839 1860 1874 elucidabitur
1872 1866 1879 1873 .

1225 1887 1410 1926 Anastasius
1422 1887 1517 1922 nobis
1527 1888 1637 1922 suadet
1652 1900 1709 1930 ‚ut
1720 1891 1873 1924 sediemur
1892 1889 2058 1926 definitio-

1177 1946 1252 1970 nem
1272 1937 1422 1972 Romani
1433 1938 1636 1971 Clementis:
1665 1939 1867 1981 Quamobrem
1885 1938 2065 1983 prestantis-

1168 1984 1260 2027 fimus
1277 1985 1325 2020 ille
1344 1989 1496 2028 Sapientia
1518 1987 1552 2020 (rr
1576 1987 1720 2020 Datin-ina
1746 1988 1885 2023 Clemens
1902 1988 2061 2033 composuit

1172 2041 1312 2077 proprias
1345 2035 1598 2077 Ecclqfi'asticorum
1634 2040 1813 2082 Dogmatum
1847 2039 2033 2081 definitiones
2045 2065 2057 2080 ,

1176 2094 1320 2127 tanquam
1326 2092 1475 2128 geminus
1490 2084 1661 2128 sanderum
1677 2090 1760 2120 Petri
1782 2113 1792 2128 ,
1819 2089 1997 2123 &maxime
2013 2088 2062 2133 sa-

1171 2135 1338 2176 pientiffimi
1350 2134 1440 2168 Pauli
1451 2134 1619 2177 Discipulus
1633 2160 1644 2176 ‚
1669 2147 1736 2170 cum
1747 2138 1869 2181 audisset
1879 2137 1975 2181 ipsum
1984 2172 1986 2174 ,
1995 2140 2063 2174 val-

1177 2186 1213 2217 de
1232 2185 1391 2226 repudiare
1403 2208 1416 2225 ,
1441 2184 1836 2224 &detestariGraecanicam
1853 2187 2039 2231 sapientiam
2053 2213 2062 2221 .

1177 2233 1235 2267 Est
1256 2244 1415 2278 magnum
1433 2233 1467 2269 δι
1482 2233 1623 2278 dignum
1645 2236 1755 2272 sancti
1776 2238 1961 2273 Clementis
1984 2239 2063 2275 Elo-

1177 2284 1288 2328 gium.
1315 2283 1428 2331 Qem
1438 2281 1506 2325 ejus
1519 2283 1639 2319 librum
1658 2285 1767 2322 laudet
1782 2286 1989 2330 Anastafius,
2017 2290 2063 2327 fa.-

1177 2343 1250 2368 teor
1268 2334 1502 2378 meignorare.
1532 2334 1625 2368 Hinc
1647 2336 1780 2373 interim
1802 2336 1891 2373 disto
1905 2340 2062 2374 Sanctum

1177 2382 1318 2418 Paulum
1335 2383 1535 2427 Apostolum
1557 2385 1595 2418 de
1609 2383 1672 2426 Usta
1686 2396 1721 2419 ac
1733 2386 1881 2430 Hypostafi
1885 2385 2061 2432 disputasse

1177 2444 1254 2467 cum
1275 2432 1483 2467 Gentilibus:
1510 2432 1554 2467 Et
1578 2431 1641 2469 hac
1664 2436 1835 2471 occasione
1857 2436 2060 2475 Christian-as

1177 2483 1316 2527 ipsarum
1335 2481 1547 2517 definitiones
1568 2483 1662 2519 fuiffe
1681 2486 1838 2521 formatas
1857 2487 1875 2520 ὲ
1897 2488 2058 2525 Romano

1179 2533 1377 2572 Clemente,
1401 2542 1441 2566 ex
1474 2531 1620 2570 doctrina
1631 2535 1740 2569 Sancti
1752 2535 1866 2570 Pauli.
1895 2537 2061 2576 Adeoanr

1178 2584 1269 2625 tiqua
1282 2582 1329 2618 est
1341 2580 1409 2617 baec
1422 2581 1553 2626 quaestio
1565 2607 1572 2615 .
1602 2583 1747 2617 Utinam
1770 2585 1845 2621 istas
1855 2585 2060 2631 authenticas

1177 2632 1387 2668 definitiones
1399 2630 1589 2666 haberemus
1611 2632 1652 2668 ad
1664 2644 1822 2670 manuum
1847 2636 2063 2674 utinamistas

1180 2681 1366 2716 Anastafius
1378 2681 1556 2716 inseruisset
1566 2681 1634 2716 suis
1650 2683 1797 2728 scriptis:
1825 2686 1977 2723 Eundem
1989 2689 2061 2726 Do-

1179 2733 1350 2767 stiffimum
1370 2730 1573 2766 Anastafium
1592 2731 1658 2775 jam
1683 2733 1869 2771 audivimus
1890 2737 2061 2775 inculcan-

1179 2792 1268 2822 tem,
1292 2781 1382 2826 quod
1403 2780 1520 2816 harum
1540 2792 1646 2818 rernm
1666 2781 1875 2820 definitiones
1897 2798 1938 2821 ex
1958 2787 2062 2824 sacris

1180 2831 1294 2868 litteris
1312 2832 1376 2867 fint
1395 2830 1594 2866 hauriendae:
1619 2833 1749 2868 aeirem
1770 2845 1813 2869 ex
1832 2835 1945 2871 sanetis
1956 2837 2061 2875 Patri·

1179 2881 1257 2918 bus:
1285 2882 1329 2916 Et
1351 2879 1437 2917 hanc
1449 2880 1613 2925 Regulam
1636 2884 1720 2918 tanti
1743 2885 1841 2926 facit,
1867 2885 1905 2921 ut
1918 2898 2059 2929 omnes,

1178 2934 1234 2976 qui
1259 2932 1397 2973 Uliam,
1424 2932 1458 2966 ἃ.
1478 2932 1713 2976 Ηγροίίιίίω,
1739 2943 1912 2977 naturam,
1939 2937 2062 2976 &Per-

1178 2984 1291 3018 sonam
1323 2993 1400 3018 cum
1425 2980 1636 3026 Philosophis
1657 2982 1866 3020 confuderint
1891 3010 1903 3027 ‚
1926 2988 2059 3023 censeat

1178 3032 1438 3078 incorrigibiles,
1463 3031 1632 3068 induratos
1642 3032 1678 3067 in
1691 3031 1899 3077 Eutychiana
1920 3047 1978 3071 aut
1990 3038 2057 3073 Ne-

1179 3083 1318 3117 storiana
1338 3082 1480 3123 Haerefi‚
1506 3093 1577 3116 non
1598 3082 1823 3119 admittendos
1844 3085 1886 3120 ad
1907 3087 2056 3122 collatio-

1179 3144 1254 3167 nem
1268 3157 1280 3173 ,
1305 3131 1360 3167 sed
1382 3142 1460 3165 cum
1481 3131 1650 3174 Diabolo,
1675 3133 1709 3168 δε
1728 3133 1770 3169 ad
1793 3134 1956 3170 Diabolos
1977 3131 2054 3178 adji-

1178 3181 1313 3219 ciendos
1322 3207 1332 3217 .
1356 3180 1453 3218 Licet
1463 3181 1543 3221 dura
1551 3206 1566 3228 ,
1591 3181 1637 3221 est
1648 3181 1730 3229 justa
1740 3194 1779 3221 ac
1789 3195 1863 3222 vera
1872 3185 2033 3223 sententia
2043 3210 2052 3221 .

1507 3535 1540 3570 R
1566 3548 1581 3569 r
1755 3506 1757 3511 ’
1801 3515 1803 3517 ’
1828 3536 2003 3575 CAPUT
