2340 3736
623 142 935 196 Scironis,
973 154 1037 183 ετ
1073 149 1254 182 Notis
1290 149 1460 180 111.th
1482 136 1680 184 razim.

427 236 889 353 ,scriotioN-

326 424 467 462 Rdinari
487 423 636 461 absolute
662 425 709 460 est
731 421 876 459 ordinari
897 421 963 455 sine
987 420 1088 454 titulo
1102 446 1112 462 ‚

351 479 405 512 seu
416 477 483 512 line
495 476 710 519 inscriptione
729 471 763 507 δε
773 472 929 506 affixione
939 470 980 505 ad
991 480 1114 505 certam

233 526 435 569 Ecclesiam,
460 537 651 570 certumque
668 523 737 566 ejus
746 521 985 555 ministerium.
1012 520 1115 555 Titu-

227 577 302 611 lum
313 577 404 613 hunc
424 577 564 613 nomine
586 575 677 609 vario
698 572 782 606 olim
805 571 955 614 expreffit
971 570 1117 615 antiqui-

231 636 296 661 tas.
329 626 463 667 Primo,
490 626 626 662 Nicaena
643 621 798 666 Synodus
820 622 918 656 vocat
936 621 1116 656 effeinRe-

228 679 303 723 gula
324 679 380 713 seu
401 677 541 711 Canoness
566 674 616 708 Ita
626 672 838 707 Arvernenfis
848 671 1002 716 Synodus
1021 671 1117 715 quos-

231 729 310 763 dam
322 727 534 770 Presbyoeros
554 735 592 759 ac
604 724 779 758 Diaconos
801 721 883 756 dicit
907 722 1056 765 nequein
1072 720 1117 755 ci·

231 778 390 813 vitatibus
407 802 419 819 ‚
456 785 562 819 neque
583 774 620 807 in
645 771 818 807 Parochiis
843 772 908 807 effe
929 776 1115 811 canonicos,

232 829 288 864 sed
306 827 452 863 habitare
474 826 510 859 in
531 823 676 865 villulis,
702 834 740 857 ac
751 822 917 857 Oratoriis
938 821 1114 856 deservire.

233 879 279 914 Et
299 878 393 913 tertia
414 874 658 910 Aurelianensis
669 873 838 908 Clericum
851 872 1017 916 Episcopo
1037 882 1117 905 con-

233 937 398 963 tumacem
418 926 556 960 mandat
579 936 649 958 non
680 922 792 957 haberi
815 922 900 957 inter
931 925 1115 955 canonicos.

232 979 278 1013 Et
291 976 431 1012 secunda
446 974 649 1010 Turonensis
661 973 773 1008 statuit
786 996 798 1012 ,
824 981 862 1006 ut
871 971 1022 1006 Vicanus
1031 970 1118 1005 Pres-

233 1028 329 1072 byter
349 1028 474 1070 semper
482 1027 592 1061 secum
615 1023 734 1058 habeat
754 1033 861 1056 unum
881 1022 1035 1057 leitorem
1048 1022 1117 1055 suo·

232 1089 306 1112 rum
317 1075 534 1111 canonicorum
546 1102 553 1109 .
580 1074 731 1118 Exponit
751 1070 882 1107 laudata
901 1071 1116 1106 Aurelianen—

231 1129 273 1163 sis
299 1152 310 1169 ,
335 1127 453 1170 jubens
474 1113 706 1163 contumacem
727 1121 896 1157 Clericum
918 1122 1035 1166 privari
1057 1124 1118 1153 Ca-

232 1183 343 1213 nonicis
364 1177 534 1222 stipendiis
554 1177 589 1211 δε
611 1171 801 1209 muneribus
818 1197 825 1203 .
850 1172 926 1206 Effe
947 1172 1058 1216 itaque
1080 1171 1116 1203 in

234 1229 365 1273 Regula
387 1229 440 1262 seu
452 1228 595 1262 Canone
607 1225 653 1260 est
674 1225 790 1269 vigore
812 1221 986 1257 ministerii
1006 1219 1119 1254 Eccle-

231 1277 347 1313 siastici
364 1276 483 1312 habere
502 1277 552 1320 jus
573 1275 613 1310 ad
626 1272 789 1318 stipendia
811 1271 847 1305 δι
859 1282 1017 1311 munera,
1045 1281 1118 1313 quae

231 1325 352 1373 cuique
370 1327 570 1362 ministranti
591 1325 712 1360 Canon
734 1321 907 1366 praescribit
927 1347 935 1354 .
972 1319 1119 1355 Proinde

231 1377 393 1413 hodierna
413 1378 504 1412 vocis
523 1402 534 1418 ‚
559 1379 729 1409 canonicus
752 1396 764 1413 ,
788 1372 986 1417 significatio
1007 1370 1118 1405 differt

231 1428 412 1474 plurimum
424 1427 466 1462 ab
477 1427 534 1461 illa
545 1426 680 1469 antiqua
690 1450 698 1457 .
740 1438 745 1440 ·

282 1478 439 1514 Alterum
461 1477 550 1516 tituli
572 1473 767 1510 vocabulum
789 1472 853 1507 fuit
864 1472 928 1506 effe
950 1470 984 1505 in
1006 1469 1117 1504 tabula

232 1528 459 1564 Clericorurn.
486 1527 536 1562 lta
557 1527 694 1561 Sanctus
716 1522 925 1568 Augustinus
947 1522 985 1555 in
1007 1522 1118 1555 secun-

233 1580 279 1615 do
291 1579 438 1614 sermone
458 1578 498 1612 de
509 1576 682 1612 communi
706 1575 773 1608 vita
785 1572 992 1607 Clericorum
1014 1570 1118 1606 excla-

235 1640 303 1664 mat
323 1627 493 1663 adversum
504 1628 653 1662 Clericos
665 1623 913 1668 proprietarios:
940 1621 1050 1655 Delebo
1069 1631 1117 1654 eos

233 1680 273 1713 de
294 1679 398 1713 tabula
409 1680 604 1712 clericorum.
634 1674 751 1710 Varias
761 1672 881 1716 quippe
901 1673 1003 1707 sacras
1027 1671 1120 1706 tabu-

236 1729 283 1762 las
302 1752 313 1768 ‚
337 1729 379 1763 ad
403 1726 598 1763 sacrificium
619 1724 744 1759 recitari
768 1724 940 1758 consuetas
963 1746 975 1763 ,
1002 1721 1118 1756 habuit

232 1779 318 1813 olim
338 1777 479 1812 Ecciefia
498 1802 509 1818 ‚
537 1776 697 1818 aliaspro
721 1772 891 1816 Episcopis
911 1772 977 1807 loci
998 1795 1010 1812 ,
1035 1771 1119 1805 alias

234 1839 295 1873 pro
313 1827 540 1871 Metropolitis
560 1850 571 1866 ,
598 1825 677 1858 alias
697 1833 756 1866 pro
781 1820 979 1856 Patriarchis
1002 1845 1013 1861 ,
1039 1821 1119 1855 alias

234 1890 296 1922 pro
328 1877 493 1914 Romanis
525 1873 747 1910 Pontificibus
769 1896 781 1912 ,
816 1871 896 1906 alias
923 1883 983 1915 pro
1006 1871 1120 1906 amicis

234 1928 406 1972 Episcopis
424 1926 608 1966 extraneis,
633 1924 713 1959 alias
723 1934 782 1966 pro
791 1921 925 1956 Clericis
939 1945 950 1963 ‚
969 1922 1049 1956 alias
1061 1932 1120 1966 pro

234 1979 347 2019 laicis,
373 1978 453 2013 alias
463 1989 522 2021 pro
543 1975 646 2015 vivis,
672 1974 751 2009 alias
771 1984 831 2016 pro
856 1972 1038 2007 defunctis.
1065 1973 1120 2006 De

232 2028 448 2063 inscribendis
462 2028 498 2061 iii
518 2025 595 2067 has,
622 2034 680 2061 aut
690 2023 845 2059 radendis
864 2023 1056 2058 nominibus
1080 2021 1121 2056 le-

236 2079 347 2122 gimus
368 2077 600 2111 contentiones
627 2075 780 2118 plurimas
798 2086 806 2106 z
832 2073 921 2109 Radi
941 2072 1032 2108 enim
1052 2080 1121 2106 erat

234 2137 291 2161 aut
310 2127 433 2170 deponi
455 2126 474 2160 a
494 2125 647 2160 clericatu
660 2148 671 2164 ,
692 2133 748 2157 aut
759 2125 1000 2158 communione
1020 2122 1120 2157 etiam

239 2177 322 2210 laica
336 2176 475 2219 privari.
502 2175 582 2209 Hoc
603 2175 637 2208 in
660 2175 783 2217 punsto
805 2172 887 2207 olim
910 2172 998 2207 haesit
1020 2182 1122 2206 omne

235 2226 375 2261 schisma
396 2225 603 2261 Acacianum
625 2248 631 2255 .
659 2222 806 2259 Proinde
828 2224 890 2256 effe
913 2223 949 2256 in
973 2221 1122 2255 vivorum

237 2277 443 2311 Clericorum
464 2274 575 2310 tabula
595 2282 663 2309 erat
684 2272 746 2307 effe
770 2272 806 2305 in
829 2282 966 2306 numero
977 2272 1122 2306 Clerico-

56 655 92 686 C·
110 662 157 692 15⁰

55 885 149 915 Clu.

55 1076 128 1114 cap.
148 1085 191 1111 1⁹·

238 2338 310 2361 rum
324 2351 335 2368 ,
361 2337 444 2370 quos
463 2325 505 2360 ad
527 2327 583 2359 sua
604 2323 783 2358 ministeria
796 2322 936 2356 Ecclesia
955 2322 1121 2356 ordinarat

238 2377 271 2411 &
292 2376 490 2411 sustentabat
517 2401 523 2407 .
552 2373 660 2410 Unde
685 2374 719 2408 &
740 2372 852 2408 tabula
876 2372 931 2407 illa
953 2372 1121 2406 dicebatur

238 2426 400 2461 Matricula
412 2452 422 2468 ,
447 2424 563 2470 utpote
573 2425 769 2459 alimentans
781 2434 874 2457 more
893 2424 1022 2458 matris.

288 2477 443 2511 Tertium
467 2475 663 2510 vocabulum
684 2476 749 2508 fuit
767 2475 831 2509 effe
851 2474 997 2507 clericum
1005 2474 1122 2510 ,Cardi-

237 2528 337 2561 nalem
350 2551 357 2559 .
383 2525 432 2560 Ita
453 2526 487 2559 in
506 2525 698 2560 Collatione
715 2524 963 2569 Carthaginensi
977 2523 1123 2558 Pettilia-

234 2588 297 2611 nus
328 2575 578 2611 Donatistarum
615 2575 795 2619 Episcopus
839 2574 1122 2608 Constantinenfis

60 2628 93 2658 Ι..
101 2629 215 2662 iic-165·
235 2627 418 2659 Cardinales
431 2635 523 2668 atquo
532 2624 717 2659 authenticos
725 2623 888 2667 Epifiopos
898 2625 1038 2668 opponit
1049 2633 1123 2660 tma-

233 2675 377 2721 ginibus,
403 2675 438 2710 id
456 2675 528 2717 est,
554 2675 723 2719 Episcopis
747 2675 789 2709 ad
810 2686 878 2709 non
890 2687 998 2709 veram
1011 2676 1122 2709 civita.

236 2737 326 2766 tem,
351 2736 423 2770 quas
443 2724 490 2760 est
511 2725 630 2760 unicus
650 2724 908 2760 confeci-atronis
919 2725 1123 2768 Episcopalis

236 2776 352 2810 titulus
366 2799 377 2815 ‚
400 2786 514 2810 contra
524 2775 700 2810 Canonem
713 2776 932 2811 Sardinensem
944 2776 1122 2809 ordinatos.

235 2827 282 2861 Et
305 2826 436 2859 Sanctus
455 2826 634 2872 Gregorius
643 2827 788 2872 Magnus
804 2826 913 2863 scribit
924 2826 1072 2861 Martino
1081 2826 1123 2861 de

59 2896 216 2934 1..1.Ep.·n
235 2876 418 2910 Tamitana
441 2877 525 2920 apud
547 2876 667 2911 Corsos
693 2877 833 2911 Ecclesia
854 2878 895 2911 ad
919 2876 1123 2911 Aleriensem

237 2926 403 2969 Episcopo
419 2926 596 2961 translato:
623 2931 660 2960 1η
682 2926 808 2969 Ecclefia
820 2926 962 2968 Alerienfi
971 2929 1121 2961 Cardina-

239 2977 298 3009 lem
317 2984 346 3009 te
355 2974 566 3016 constituimus.
595 2978 639 3011 Et
652 2977 799 3022 Agnello
811 2978 977 3022 Episcopo
989 2979 1120 3011 transla-

60 3013 216 3050 L²433³⁵5²
238 3037 273 3060 to
298 3024 339 3060 de
363 3026 505 3059 Ecclesia
526 3027 688 3061 Fundenfi
708 3029 747 3061 ad
760 3028 1052 3063 Terracinensem:
1082 3031 1123 3060 Te

238 3076 414 3109 auctoritate
433 3075 529 3115 nostra
548 3076 747 3120 Terracinenfi
765 3077 897 3119 Ecclefiae
927 3079 1122 3111 Cardinalem

238 3125 434 3166 constituimus
456 3127 657 3160 sacerdotem.
686 3127 729 3162 Et
750 3128 848 3162 infra.
878 3128 1018 3162 Liberam
1038 3128 1122 3162 babe-

240 3177 287 3210 bis
300 3201 311 3216 ‚
339 3177 448 3217 quippi?
466 3185 502 3208 ut
523 3178 662 3210 Sacerdos
677 3185 819 3220 proprius
834 3203 844 3218 ,
870 3180 965 3212 modis
987 3181 1121 3213 omnibus

232 3225 432 3268 facultatem.
461 3225 504 3258 Et
517 3226 660 3261 Leontio
682 3227 840 3262 Urbinati
860 3229 1043 3272 Episcopo,
1067 3231 1121 3263 cui

240 3271 383 3310 Castorii
406 3275 620 3310 Ariminensis
642 3277 1068 3323 Episcopiinfirmidelegat
1080 3280 1122 3313 vi-

240 3326 398 3360 sitandam
423 3325 617 3360 Ecclesiam:
646 3330 763 3360 Praetcr
778 3330 986 3362 Ordinationes
1002 3330 1121 3362 clerico-

241 3388 306 3410 rum
316 3386 423 3409 caetera
432 3383 533 3409 omnia
544 3386 702 3418 tamquam
715 3378 909 3410 cardinalem
930 3380 963 3412 (9·
970 3386 1123 3420 proprium

244 3435 274 3459 te
295 3427 427 3459 volumus
446 3437 532 3469 agere
551 3428 734 3461 Sacerdotem
747 3452 754 3458 .
784 3427 827 3459 Et
850 3429 1031 3462 Fortunato
1051 3430 1124 3473 Epi-

243 3475 342 3519 scopo
364 3475 587 3519 Neapolitano
609 3501 620 3517 ,
646 3476 821 3520 postulanti
844 3476 1039 3512 Gratianum
1062 3479 1124 3514 Ve-

289 3548 295 3555 .
347 3524 450 3565 christ.
465 3530 542 3568 Lupi
551 3531 635 3570 oper.
647 3530 766 3563 Tomii.

65 3312 199 3353 Epist.63·

1935 152 1996 198 73

1177 223 1318 256 nafranae
1328 221 1478 255 Ecciefiae
1488 221 1680 258 Diaconum
1689 222 1828 258 concedi
1840 225 1901 258 sum
1911 223 2063 258 Ecclefiae

1178 271 1451 308 incardinandum
1475 283 1483 303 ε
1510 274 1708 306 Concedimus
1729 275 1879 306 licentiam
1902 279 2063 307 Diaconum

1175 325 1258 356 illum
1277 320 1411 364 Ecclefiae
1433 331 1493 355 tuae
1512 321 1680 361 constituere
1702 325 1900 357 Cardinalem
1910 348 1921 364 ‚
1947 324 1980 357 id
1993 323 2037 356 est
2049 347 2061 363 ,

1175 371 1215 407 de
1227 372 1414 406 venafrana
1426 373 1597 406 transferre
1609 372 1648 405 ad
1663 373 1935 418 Neapolitanam.
1966 375 2009 406 Et
2020 383 2062 406 ex

1176 424 1245 466 ipso
1266 422 1375 456 scribit
1396 421 1573 457 Zacharias
1586 421 1741 457 Pontifex
1754 425 1788 457 in
1801 424 1933 468 privatis
1944 425 2063 458 Orato-

1176 474 1233 507 riis
1252 472 1334 518 erigi
1357 483 1425 507 non
1448 474 1537 516 posse
1557 471 1781 515 baptisterium
1808 499 1819 514 ,
1855 485 1915 509 nec
1935 471 2064 506 institui

1177 523 1383 562 Presbyterum
1405 524 1618 557 Cardinalem.
1646 523 1690 557 Et
1712 523 1864 566 Capitula
1878 535 1933 568 per
1947 522 2065 557 Adria·
2087 526 2243 564 Ep.9.c.'i5s

1176 585 1257 607 num
1279 574 1420 617 primum
1443 573 1642 609 Pontificem
1666 571 1891 617 Angilramno
1924 571 2064 607 Metenfi

1178 624 1343 667 Episcopo
1364 624 1481 658 tradita
1499 623 1627 658 faciunt
1638 625 1844 657 mentionem
1857 623 2019 661 Presbyteri
2031 628 2065 655 in
2087 646 2175 680 (λῃ.-

1175 675 1310 706 Cardine
1336 673 1499 716 constituti,
1526 674 1561 708 δε
1584 677 1711 709 Diaconi
1735 673 2066 712 Cardinariiconslituti

1175 723 1260 757 urbis
1283 727 1405 757 Romae.
1441 725 1486 758 Et
1510 722 1676 757 Adrianus
1698 722 1859 759 secundus
1875 722 2067 756 Arstardum

1178 773 1426 808 Nannetensem
1446 774 1648 818 Episcopum
1662 798 1672 814 ‚
1697 776 1715 808 a
1728 773 1949 808 Nortmannis
1959 771 2068 814 expul-

1178 826 1247 858 sum
1261 847 1272 864 ,
1298 824 1340 858 ad
1363 824 1479 858 Caroli
1498 824 1583 858 calvi
1601 824 1706 869 Regis
1726 835 1835 868 preces
1855 822 1998 867 permisit
2008 833 2071 854 car·

1176 875 1279 908 danari
1300 874 1336 907 in
1359 874 1541 908 Ecclesiam
1561 874 1670 917 primo
1691 885 1877 909 vacaturam
1890 898 1900 914 ‚
1927 872 2071 906 tandem-

1179 935 1242 968 que
1265 924 1435 959 constituit
1448 923 1769 969 Archi-Episcopum
1791 924 1990 958 cardinalem
2000 922 2074 955 Tu-

1178 976 1366 1009 ronensem.
1396 975 1525 1009 Eodem
1548 973 1651 1010 modo
1665 975 1807 1018 Ioannes
1818 976 1949 1010 octavus
1962 974 2075 1006 Frota-

1179 1025 1265 1058 rium
1278 1024 1452 1070 Burdigala
1468 1025 1633 1071 Biturigas
1646 1024 1829 1065 transtulit,
1854 1024 1905 1059 isti
1924 1022 2074 1058 Ecciefiae

1179 1076 1378 1107 incar-dinam
1390 1099 1401 1114 ‚
1426 1075 1691 1120 constituensque
1709 1076 1912 1120 Episcopum
1923 1075 2075 1108 cardina-

1178 1125 1255 1157 lem.
1283 1123 1327 1158 Et
1347 1125 1465 1158 litteris
1487 1126 1529 1159 ad
1550 1126 1705 1160 Bafilium
1718 1125 1906 1172 Augustum
1919 1150 1930 1166 ,
1955 1123 2074 1168 quibus

1179 1172 1296 1207 Photii
1305 1172 1672 1218 Constantinopolitani
1691 1175 1848 1220 Episcopi
1861 1175 2075 1209 intrusionem

1179 1222 1412 1267 dispensatorie
1422 1224 1555 1258 tandem
1568 1227 1719 1270 purgavit
1732 1250 1744 1267 ,
1771 1225 1922 1270 adjungit
1937 1250 1947 1265 ‚
1974 1235 2010 1259 ut
2020 1225 2074 1258 de-

1181 1273 1293 1316 inceps
1318 1274 1426 1308 nullus
1446 1273 1549 1309 laicus
1569 1274 1755 1310 adsumatur
1775 1276 1810 1309 in
1831 1275 2077 1314 Patriarcham,

1181 1323 1236 1358 sed
1258 1324 1299 1357 de
1322 1324 1398 1358 solis
1422 1325 1639 1360 cardinalibus
1653 1324 1835 1366 Presbyteri:
1846 1337 1881 1359 ac
1894 1326 2075 1359 Diaconlbus

1180 1371 1312 1414 Ecclefiae
1336 1374 1575 1408 Patriarchalis.
1604 1376 1648 1410 Et
1674 1375 1836 1411 Urbanus
1859 1375 2017 1409 secundus
2040 1375 2076 1409 in

1182 1423 1298 1458 litteris
1318 1424 1359 1459 ad
1371 1424 1507 1459 Clerum
1518 1426 1553 1459 δε
1566 1425 1726 1469 populum
1737 1424 1986 1460 Atrebatensem
2000 1449 2009 1464 ,
2035 1436 2079 1459 re-

1182 1475 1255 1509 latis
1267 1486 1321 1518 per
1343 1475 1533 1510 Ferreolum
1555 1476 1712 1510 Locrium
1737 1477 1771 1509 in
1788 1475 1958 1510 Chronico
1970 1475 2079 1521 Belgi.-

1182 1536 1223 1559 co
1237 1537 1244 1556 ε
1273 1525 1411 1558 Volumus
1423 1549 1435 1566 ,
1461 1527 1495 1560 ά*
1501 1532 1697 1567 pracipimus
1708 1550 1719 1566 ,
1747 1534 1780 1560 ut
1792 1528 1991 1561 cardinalem
2003 1528 2083 1568 Epi·

1175 1574 1295 1619 scopum
1318 1574 1404 1608 vobis
1427 1577 1462 1609 o·
1482 1575 1617 1617 Ecclefiae
1636 1575 1743 1616 vestrae
1755 1577 1949 1610 incardinare
1955 1576 2077 1617 studea-

1183 1632 1224 1659 tis
1243 1651 1250 1658 .
1278 1625 1428 1668 Exponit
1450 1626 1599 1659 laudatus
1619 1626 1759 1661 Locrius
1783 1652 1790 1659 .
1818 1626 2078 1670 Cameracenfibus

1178 1675 1240 1718 post
1262 1677 1391 1708 Gerardi
1409 1673 1534 1718 secundi
1553 1674 1666 1710 obitum
1687 1678 1724 1709 de
1742 1677 1909 1720 assumendo
1933 1676 2079 1720 Episcopo

1183 1727 1271 1760 varie?
1280 1723 1533 1768 disceptantibus,
1560 1726 1699 1760 Urbanus
1707 1725 1853 1770 secundus
1869 1728 2014 1769 Pontifex
2027 1726 2079 1770 eis.

1183 1778 1249 1809 dem
1260 1774 1396 1818 infensus
1406 1799 1416 1813 ‚
1443 1768 1524 1818 qu‘od
1533 1781 1658 1810 Henrico
1670 1786 1774 1820 quarto
1787 1782 1965 1819 imperatori
1982 1803 1992 1818 ‚
2019 1781 2078 1810 Ec-

1183 1825 1271 1869 clefiae
1282 1830 1427 1859 Romanae
1432 1826 1599 1870 proscripto
1608 1826 1679 1868 hosti
1692 1852 1702 1867 ,
1722 1828 1875 1869 faverent
1888 1853 1897 1867 ‚
1926 1827 2075 1862 Atrebati·-

1183 1876 1238 1909 bus
1256 1877 1440 1918 peculiarem
1463 1883 1575 1910 annuit
1587 1876 1769 1920 Episcopum
1783 1902 1794 1918 ,
1819 1879 1899 1922 miffo
1919 1878 1970 1919 isto
1983 1878 2078 1919 diplo-

1181 1934 1262 1959 mate
1281 1950 1287 1957 .
1316 1926 1446 1960 Electus
1465 1927 1528 1961 fuit
1549 1927 1742 1961 Lambertus
1764 1952 1776 1968 ,
1802 1927 1954 1962 Ecclesiae
1975 1927 2079 1961 Mori.

1183 1977 1287 2011 neniis
1308 1975 1480 2016 Clericus,
1509 1977 1551 2010 ad
1570 1988 1670 2021 quem
1688 1978 1790 2012 exstat
1811 1977 1960 2020 Epistola
1971 1979 2081 2013 Sansti

1183 2028 1298 2062 lvonis
1312 2025 1466 2070 Episcopi
1478 2026 1704 2061 Carnotensis.
1732 2027 1776 2062 Et
1794 2028 1861 2071 ipse
1870 2030 2006 2063 Sanctus
2018 2028 2080 2064 Ivo

1184 2077 1364 2121 Wulgrino
1401 2076 1626 2111 parisiensium
1665 2077 1942 2112 Archi-Diacono
1969 2078 2080 2113 scribit
2100 2067 2252 2109 Epist43¹

1184 2126 1380 2169 Presbytero
1402 2126 1550 2170 legitime
1574 2127 1782 2161 incardinato
1793 2128 1897 2162 alium
1910 2129 1977 2162 fine
1989 2129 2080 2163 adul·
2193 2128 2202 2133 ”

1184 2178 1268 2211 terio
1291 2187 1359 2210 non
1383 2178 1470 2219 poffe
1491 2177 1685 2220 superponi.
1715 2177 1759 2211 Et
1779 2177 1943 2213 Nicolaus
1955 2180 2078 2223 primus

1184 2226 1342 2260 Pontifex
1354 2226 1388 2259 in
1402 2226 1517 2259 litteris
1530 2225 1570 2259 ad
1583 2225 1783 2261 Michaelem
1800 2227 2008 2274 Augustum,
2039 2230 2078 2263 le·

1184 2277 1240 2310 &is
1252 2278 1285 2310 in
1298 2285 1409 2318 quarta
1422 2274 1565 2309 Aetione
1578 2276 1705 2319 Synodi
1716 2279 1831 2312 ostavae
1843 2302 1853 2318 ,
1878 2279 1988 2314 laudat
2002 2286 2078 2313 Car·

1183 2328 1285 2360 dinem
1309 2324 1445 2367 Ecclest'ae
1458 2326 1810 2370 Constantinopolitanae.
1839 2329 1944 2363 Porro
1967 2330 2076 2364 Eccle-

1184 2378 1231 2410 fiae
1253 2376 1363 2413 Cardo
1385 2375 1475 2410 aliud
1489 2389 1559 2410 non
1570 2377 1614 2411 est
1626 2402 1637 2418 ,
1664 2378 1761 2422 quarn
1778 2379 1925 2414 Ecclesiae
1939 2380 2053 2414 Clerus
2066 2405 2076 2420 ‚

1184 2427 1273 2471 quod
1297 2429 1332 2460 in
1354 2427 1424 2470 ipso
1445 2429 1614 2470 tamquam
1637 2427 1779 2463 Cardine
1791 2432 1885 2463 omni
1900 2429 2003 2465 fidelis
2020 2442 2077 2474 po-

1184 2478 1279 2522 pulus
1297 2476 1457 2521 pendeat,
1483 2477 1516 2510 &
1539 2476 1709 2512 volvatur.
1738 2480 1782 2513 Et
1805 2479 1938 2522 quidem
1964 2482 2078 2515 Eccle-

1185 2531 1300 2562 iiarum
1311 2527 1399 2561 tituli
1412 2538 1467 2561 aut
1480 2527 1652 2561 Diaconiae
1666 2530 1803 2563 unicum
1816 2532 1898 2564 olim
1913 2530 2078 2566 habebant

1184 2578 1413 2620 Presbyterum
1437 2588 1493 2611 aut
1514 2579 1705 2612 Diaconum
1719 2604 1728 2619 ,
1756 2581 1855 2614 etiam
1869 2581 2018 2615 Ecciefiae
2031 2582 2078 2624 ip-

1185 2630 1247 2662 sius
1271 2628 1432 2661 Romanae
1452 2652 1460 2660 .
1499 2628 1566 2662 Eos
1586 2628 1649 2671 jam
1671 2629 1796 2672 pridem
1826 2630 1952 2664 Divina
1974 2632 2078 2675 gratia

1183 2676 1453 2714 abundantissime
1465 2679 1719 2722 multiplicavit:
1748 2680 1842 2714 Hinc
1860 2692 1930 2714 non
1942 2681 2074 2725 singuli,

1185 2731 1238 2764 sed
1259 2727 1345 2762 solus
1365 2738 1473 2762 earum
1488 2727 1622 2764 -Primas
1638 2731 1748 2764 vocari
1759 2730 1858 2774 coepit
1869 2733 2048 2764 cardinalis
2066 2755 2073 2762 .

1186 2782 1229 2814 Et
1251 2777 1317 2814 hoc
1337 2779 1372 2812 in
1395 2779 1463 2812 sbla
1483 2778 1549 2812 fere
1573 2779 1726 2814 Romana
1740 2781 1880 2815 Ecclefia
1895 2806 1906 2822 ,
1931 2782 1983 2821 cui
1996 2781 2078 2816 Gro-

1184 2830 1298 2875 gorius
1318 2828 1470 2871 septimus
1491 2840 1614 2863 nomen
1637 2833 1726 2872 Papa
1741 2855 1751 2871 ,
1779 2831 1977 2874 populorum
1997 2843 2077 2866 con·

1187 2882 1294 2915 senssis
1318 2880 1492 2913 reservavit
1516 2880 1651 2914 titulum
1672 2882 1849 2914 cardinum
1873 2906 1884 2922 ‚
1920 2881 2009 2924 quod
2033 2881 2075 2915 ab

1183 2931 1250 2974 ejus
1269 2929 1473 2964 primoribus
1494 2928 1696 2973 Presbyteris
1716 2944 1752 2965 ac
1763 2932 1924 2975 Diaconis
1937 2932 2076 2975 pendeat

1185 2994 1222 3016 ac
1243 2991 1371 3025 regatur
1388 2991 1507 3024 corpus
1518 2980 1668 3014 Ecclefiae
1679 2983 1832 3015 universas
1843 3006 1850 3014 .
1878 2982 1967 3015 Dico
1981 3007 1991 3022 ,
2018 2986 2076 3015 Fe-

1183 3035 1240 3065 re:
1270 3031 1404 3065 Etenim
1416 3031 1450 3063 in
1462 3031 1524 3063 suis
1536 3030 1705 3065 canonicis
1716 3031 1850 3065 titulum
1867 3032 2003 3066 retinuit
2017 3033 2077 3066 Ec-

1185 3082 1275 3116 clefia
1290 3080 1550 3114 Mediolanensis
1560 3106 1567 3113 .

1235 3131 1378 3164 Nullum
1389 3131 1711 3174 autemEpiscopum
1724 3139 1778 3166 aut
1799 3132 1964 3167 Clericum
1984 3130 2074 3166 abso-

1184 3181 1271 3221 lute,
1298 3179 1351 3213 sed
1375 3179 1416 3212 ad
1440 3190 1566 3213 certum
1583 3180 1716 3215 titulum
1729 3191 1785 3216 aut
1796 3182 1973 3215 Cardinem
1987 3181 2072 3215 ordi·
2135 3196 2137 3199 ·

1186 3232 1255 3265 nari
1268 3230 1313 3263 est
1325 3229 1467 3262 omnino
1480 3229 1600 3264 Canon
1613 3230 1824 3276 Apostolicus
1838 3257 1845 3264 .
1868 3232 2003 3264 Etenim
2014 3232 2074 3264 Ti-

1186 3293 1221 3316 to
1242 3280 1448 3314 Cretensium
1470 3279 1693 3324 Metropolitae
1715 3281 1848 3316 mandat
1869 3281 2048 3323 Apostolus
2062 3307 2072 3322 ,

1187 3342 1222 3366 ut
1244 3329 1419 3364 constituat
1442 3329 1620 3375 Episcopos
1636 3354 1648 3371 ,
1672 3332 1902 3375 presbyteros,
1926 3333 2072 3376 aliosque

1187 3380 1358 3414 Ministros
1371 3404 1380 3419 ,
1407 3391 1475 3413 non
1488 3381 1570 3426 vage
1580 3382 1615 3415 δε
1625 3380 1744 3422 libere,
1774 3382 1825 3415 sed
1839 3394 1893 3426 per
1905 3382 2071 3421 civitates,

1187 3434 1316 3474 aliaque
1329 3430 1400 3464 loca
1414 3435 1499 3464 certa
1511 3432 1545 3465 ὃ(
1557 3430 1621 3464 fixa
1631 3455 1638 3463 .
1656 3431 1702 3465 Et
1713 3432 1793 3465 Afiae
1806 3432 1987 3475 Episcopos
2000 3430 2072 3465 hor-

1188 3492 1273 3516 tatur
1294 3479 1379 3515 idem
1404 3480 1584 3524 Apostolus
1605 3505 1616 3522 ,
1641 3491 1679 3516 ut
1703 3482 1875 3517 attendant
1902 3483 1992 3527 gregi
2016 3482 2071 3515 seu

1689 3529 1722 3564 K
1923 3543 2022 3580 popu-

2087 299 2237 336 L.5.1÷p.11

2094 906 2227 947 Epist.26.

2096 951 2190 983 27:28.

2099 1527 2124 1555 A
2140 1533 2222 1561 1094-

2104 1952 2238 1992 Epist-33.

1637 3643 1651 3663 Ι
