<?xml version="1.0" encoding="UTF-8"?>
<!DOCTYPE html PUBLIC "-//W3C//DTD XHTML 1.0 Transitional//EN"
    "http://www.w3.org/TR/xhtml1/DTD/xhtml1-transitional.dtd">
<html xmlns="http://www.w3.org/1999/xhtml" xml:lang="en" lang="en">
 <head>
  <title>
</title>
<meta http-equiv="Content-Type" content="text/html;charset=utf-8" />
  <meta name='ocr-system' content='tesseract 3.04.00' />
  <meta name='ocr-capabilities' content='ocr_page ocr_carea ocr_par ocr_line ocrx_word'/>
</head>
<body>
  <div class='ocr_page' id='page_1' title='image "./operaomniastudio02lupuuoft_0358.png"; bbox 0 0 2340 3736; ppageno 0'>
   <div class='ocr_carea' id='block_1_1' title="bbox 59 868 244 901">
    <p class='ocr_par' dir='ltr' id='par_1_1' title="bbox 59 868 244 901">
     <span class='ocr_line' id='line_1_1' title="bbox 59 868 244 901; baseline 0.005 -1"><span class='ocrx_word' id='word_1_1' title='bbox 59 868 147 900; x_wconf 74' lang='lat' dir='ltr'><em>Orat.</em></span> <span class='ocrx_word' id='word_1_2' title='bbox 158 876 206 901; x_wconf 70' lang='lat' dir='ltr'><em>ax·</em></span> <span class='ocrx_word' id='word_1_3' title='bbox 241 885 244 887; x_wconf 75' lang='lat'><em>,</em></span> 
     </span>
    </p>
   </div>
   <div class='ocr_carea' id='block_1_2' title="bbox 323 180 424 232">
    <p class='ocr_par' dir='ltr' id='par_1_2' title="bbox 323 180 424 232">
     <span class='ocr_line' id='line_1_2' title="bbox 323 180 424 232; baseline 0 -1"><span class='ocrx_word' id='word_1_4' title='bbox 323 180 424 232; x_wconf 68' lang='lat'><em>330?</em></span> 
     </span>
    </p>
   </div>
   <div class='ocr_carea' id='block_1_3' title="bbox 236 252 1129 1462">
    <p class='ocr_par' dir='ltr' id='par_1_3' title="bbox 236 252 1128 854">
     <span class='ocr_line' id='line_1_3' title="bbox 241 252 1124 302; baseline 0 -14"><span class='ocrx_word' id='word_1_5' title='bbox 241 252 370 288; x_wconf 51' lang='lat' dir='ltr'><em>eisdem&lt;</em></span> <span class='ocrx_word' id='word_1_6' title='bbox 387 256 548 302; x_wconf 75' lang='lat' dir='ltr'><em>acceperit</em></span> <span class='ocrx_word' id='word_1_7' title='bbox 569 282 581 299; x_wconf 89' lang='lat'><em>,</em></span> <span class='ocrx_word' id='word_1_8' title='bbox 609 256 754 301; x_wconf 87' lang='lat' dir='ltr'><em>ideoque</em></span> <span class='ocrx_word' id='word_1_9' title='bbox 779 258 948 301; x_wconf 81' lang='lat' dir='ltr'><em>profitetur</em></span> <span class='ocrx_word' id='word_1_10' title='bbox 971 267 1039 290; x_wconf 89' lang='lat' dir='ltr'><em>non</em></span> <span class='ocrx_word' id='word_1_11' title='bbox 1060 264 1124 289; x_wconf 83' lang='lat' dir='ltr'><em>tres</em></span> 
     </span>
     <span class='ocr_line' id='line_1_4' title="bbox 241 304 1128 352; baseline 0.001 -14"><span class='ocrx_word' id='word_1_12' title='bbox 241 304 449 348; x_wconf 80' lang='lat' dir='ltr'><em>Hypostases</em></span> <span class='ocrx_word' id='word_1_13' title='bbox 460 331 471 348; x_wconf 89' lang='lat'>‚</span> <span class='ocrx_word' id='word_1_14' title='bbox 499 308 550 342; x_wconf 87' lang='lat' dir='ltr'><em>sed</em></span> <span class='ocrx_word' id='word_1_15' title='bbox 561 318 662 341; x_wconf 85' lang='lat' dir='ltr'><em>unam</em></span> <span class='ocrx_word' id='word_1_16' title='bbox 673 307 877 352; x_wconf 76' lang='lat' dir='ltr'><em>Hypostafin·</em></span> <span class='ocrx_word' id='word_1_17' title='bbox 887 310 920 341; x_wconf 71' lang='lat' dir='ltr'><em>in</em></span> <span class='ocrx_word' id='word_1_18' title='bbox 934 306 1036 341; x_wconf 85' lang='lat' dir='ltr'><em>tribus</em></span> <span class='ocrx_word' id='word_1_19' title='bbox 1060 317 1128 349; x_wconf 88' lang='lat' dir='ltr'><em>per-</em></span> 
     </span>
     <span class='ocr_line' id='line_1_5' title="bbox 244 355 1127 401; baseline 0.001 -13"><span class='ocrx_word' id='word_1_20' title='bbox 244 355 333 391; x_wconf 83' lang='lat' dir='ltr'><em>sonis</em></span> <span class='ocrx_word' id='word_1_21' title='bbox 349 380 359 389; x_wconf 85' lang='lat'><strong>.</strong></span> <span class='ocrx_word' id='word_1_22' title='bbox 381 357 573 401; x_wconf 78' lang='lat' dir='ltr'><em>Hypostafis</em></span> <span class='ocrx_word' id='word_1_23' title='bbox 586 359 676 393; x_wconf 84' lang='lat' dir='ltr'><em>enim</em></span> <span class='ocrx_word' id='word_1_24' title='bbox 697 359 846 393; x_wconf 80' lang='lat' dir='ltr'><em>censebat</em></span> <span class='ocrx_word' id='word_1_25' title='bbox 857 358 921 392; x_wconf 77' lang='lat' dir='ltr'><em>effe</em></span> <span class='ocrx_word' id='word_1_26' title='bbox 944 357 1033 391; x_wconf 86' lang='lat' dir='ltr'><em>idem</em></span> <span class='ocrx_word' id='word_1_27' title='bbox 1052 366 1127 390; x_wconf 84' lang='lat' dir='ltr'><em>curn</em></span> 
     </span>
     <span class='ocr_line' id='line_1_6' title="bbox 243 404 1125 452; baseline -0.002 -10"><span class='ocrx_word' id='word_1_28' title='bbox 243 404 450 443; x_wconf 48' lang='lat' dir='ltr'><em>substantia»</em></span> <span class='ocrx_word' id='word_1_29' title='bbox 482 407 634 449; x_wconf 81' lang='lat' dir='ltr'><em>Secundo</em></span> <span class='ocrx_word' id='word_1_30' title='bbox 655 408 715 443; x_wconf 81' lang='lat' dir='ltr'><em>ista</em></span> <span class='ocrx_word' id='word_1_31' title='bbox 739 407 834 445; x_wconf 80' lang='lat' dir='ltr'><em>verba</em></span> <span class='ocrx_word' id='word_1_32' title='bbox 860 407 1019 448; x_wconf 49' lang='lat' dir='ltr'><em>dicans,-</em></span> <span class='ocrx_word' id='word_1_33' title='bbox 1034 407 1125 452; x_wconf 84' lang='lat' dir='ltr'><em>quod</em></span> 
     </span>
     <span class='ocr_line' id='line_1_7' title="bbox 241 456 1126 502; baseline -0.001 -12"><span class='ocrx_word' id='word_1_34' title='bbox 241 456 442 502; x_wconf 77' lang='lat' dir='ltr'>quicumque</span> <span class='ocrx_word' id='word_1_35' title='bbox 453 467 534 492; x_wconf 87' lang='lat' dir='ltr'><em>tunc</em></span> <span class='ocrx_word' id='word_1_36' title='bbox 559 459 644 502; x_wconf 85' lang='lat' dir='ltr'><em>apud</em></span> <span class='ocrx_word' id='word_1_37' title='bbox 657 458 876 493; x_wconf 79' lang='lat' dir='ltr'>Antiochiam</span> <span class='ocrx_word' id='word_1_38' title='bbox 904 459 1044 492; x_wconf 79' lang='lat' dir='ltr'><em>Latinus</em></span> <span class='ocrx_word' id='word_1_39' title='bbox 1054 456 1126 490; x_wconf 90' lang='lat' dir='ltr'><em>nol-</em></span> 
     </span>
     <span class='ocr_line' id='line_1_8' title="bbox 242 504 1126 553; baseline 0.002 -15"><span class='ocrx_word' id='word_1_40' title='bbox 242 504 289 539; x_wconf 78' lang='lat' dir='ltr'><em>let</em></span> <span class='ocrx_word' id='word_1_41' title='bbox 313 516 374 543; x_wconf 85' lang='lat' dir='ltr'><em>tres</em></span> <span class='ocrx_word' id='word_1_42' title='bbox 400 508 546 553; x_wconf 82' lang='lat' dir='ltr'><em>profiteri</em></span> <span class='ocrx_word' id='word_1_43' title='bbox 578 508 778 553; x_wconf 72' lang='lat' dir='ltr'><em>Hypostases</em></span> <span class='ocrx_word' id='word_1_44' title='bbox 798 533 809 548; x_wconf 95' lang='lat'><em>,</em></span> <span class='ocrx_word' id='word_1_45' title='bbox 850 509 1031 542; x_wconf 82' lang='lat' dir='ltr'>censeretur</span> <span class='ocrx_word' id='word_1_46' title='bbox 1049 518 1126 542; x_wconf 90' lang='lat' dir='ltr'><em>cum</em></span> 
     </span>
     <span class='ocr_line' id='line_1_9' title="bbox 242 553 1128 594; baseline 0 -2"><span class='ocrx_word' id='word_1_47' title='bbox 242 553 399 592; x_wconf 77' lang='lat' dir='ltr'><em>Romana</em></span> <span class='ocrx_word' id='word_1_48' title='bbox 420 570 457 593; x_wconf 85' lang='lat' dir='ltr'><em>ac</em></span> <span class='ocrx_word' id='word_1_49' title='bbox 479 559 574 593; x_wconf 88' lang='lat' dir='ltr'><em>omni</em></span> <span class='ocrx_word' id='word_1_50' title='bbox 595 560 714 594; x_wconf 86' lang='lat' dir='ltr'><em>Latina</em></span> <span class='ocrx_word' id='word_1_51' title='bbox 738 557 878 592; x_wconf 76' lang='lat' dir='ltr'><em>Ecclesia</em></span> <span class='ocrx_word' id='word_1_52' title='bbox 891 560 953 593; x_wconf 77' lang='lat' dir='ltr'><em>effe</em></span> <span class='ocrx_word' id='word_1_53' title='bbox 974 557 1128 593; x_wconf 87' lang='lat' dir='ltr'><em>Sabellia-</em></span> 
     </span>
     <span class='ocr_line' id='line_1_10' title="bbox 242 607 1127 644; baseline 0.002 -3"><span class='ocrx_word' id='word_1_54' title='bbox 242 617 323 642; x_wconf 83' lang='lat' dir='ltr'><em>nus.</em></span> <span class='ocrx_word' id='word_1_55' title='bbox 351 608 486 644; x_wconf 82' lang='lat' dir='ltr'>Etenim</span> <span class='ocrx_word' id='word_1_56' title='bbox 497 609 542 644; x_wconf 86' lang='lat' dir='ltr'><em>ob</em></span> <span class='ocrx_word' id='word_1_57' title='bbox 566 608 659 644; x_wconf 82' lang='lat' dir='ltr'><em>hasce</em></span> <span class='ocrx_word' id='word_1_58' title='bbox 684 618 780 642; x_wconf 84' lang='lat' dir='ltr'><em>voces</em></span> <span class='ocrx_word' id='word_1_59' title='bbox 802 607 908 642; x_wconf 80' lang='lat' dir='ltr'><em>Graeci</em></span> <span class='ocrx_word' id='word_1_60' title='bbox 935 609 1075 643; x_wconf 83' lang='lat' dir='ltr'><em>Latinos</em></span> <span class='ocrx_word' id='word_1_61' title='bbox 1085 607 1127 643; x_wconf 87' lang='lat' dir='ltr'><em>de</em></span> 
     </span>
     <span class='ocr_line' id='line_1_11' title="bbox 238 656 1124 702; baseline 0.001 -13"><span class='ocrx_word' id='word_1_62' title='bbox 238 656 307 692; x_wconf 73' lang='lat' dir='ltr'><em>isto</em></span> <span class='ocrx_word' id='word_1_63' title='bbox 317 670 444 702; x_wconf 85' lang='lat' dir='ltr'><em>errore,</em></span> <span class='ocrx_word' id='word_1_64' title='bbox 469 659 506 694; x_wconf 87' lang='lat' dir='ltr'><em>hi</em></span> <span class='ocrx_word' id='word_1_65' title='bbox 532 659 608 694; x_wconf 84' lang='lat' dir='ltr'><em>illos</em></span> <span class='ocrx_word' id='word_1_66' title='bbox 629 659 839 693; x_wconf 88' lang='lat' dir='ltr'><em>censurarunt</em></span> <span class='ocrx_word' id='word_1_67' title='bbox 851 657 1124 693; x_wconf 80' lang='lat' dir='ltr'><em>deArianismo.</em></span> 
     </span>
     <span class='ocr_line' id='line_1_12' title="bbox 242 706 1126 753; baseline 0.003 -13"><span class='ocrx_word' id='word_1_68' title='bbox 242 706 338 743; x_wconf 87' lang='lat' dir='ltr'><em>Hinc</em></span> <span class='ocrx_word' id='word_1_69' title='bbox 350 711 484 753; x_wconf 70' lang='lat' dir='ltr'><em>Sanstns</em></span> <span class='ocrx_word' id='word_1_70' title='bbox 506 710 734 751; x_wconf 85' lang='lat' dir='ltr'><strong>Hieronymus</strong></span> <span class='ocrx_word' id='word_1_71' title='bbox 747 709 805 743; x_wconf 90' lang='lat' dir='ltr'><em>ista</em></span> <span class='ocrx_word' id='word_1_72' title='bbox 832 719 926 743; x_wconf 84' lang='lat' dir='ltr'><em>voces</em></span> <span class='ocrx_word' id='word_1_73' title='bbox 937 707 1052 744; x_wconf 83' lang='lat' dir='ltr'><em>habuit</em></span> <span class='ocrx_word' id='word_1_74' title='bbox 1066 711 1126 743; x_wconf 89' lang='lat' dir='ltr'><em>sus-</em></span> 
     </span>
     <span class='ocr_line' id='line_1_13' title="bbox 241 758 1125 805; baseline 0.002 -13"><span class='ocrx_word' id='word_1_75' title='bbox 241 760 433 801; x_wconf 67' lang='lat' dir='ltr'><em>pessiffimas</em></span> <span class='ocrx_word' id='word_1_76' title='bbox 443 785 455 802; x_wconf 92' lang='lat'>‚</span> <span class='ocrx_word' id='word_1_77' title='bbox 481 772 541 795; x_wconf 89' lang='lat' dir='ltr'><em>nec</em></span> <span class='ocrx_word' id='word_1_78' title='bbox 553 758 666 794; x_wconf 85' lang='lat' dir='ltr'><em>induci</em></span> <span class='ocrx_word' id='word_1_79' title='bbox 680 759 711 793; x_wconf 87' lang='lat' dir='ltr'><em>se</em></span> <span class='ocrx_word' id='word_1_80' title='bbox 722 760 827 805; x_wconf 80' lang='lat' dir='ltr'><em>passus</em></span> <span class='ocrx_word' id='word_1_81' title='bbox 837 759 883 794; x_wconf 90' lang='lat' dir='ltr'><em>est</em></span> <span class='ocrx_word' id='word_1_82' title='bbox 907 759 949 794; x_wconf 88' lang='lat' dir='ltr'><em>ad</em></span> <span class='ocrx_word' id='word_1_83' title='bbox 962 759 1042 805; x_wconf 85' lang='lat' dir='ltr'><em>ipsas</em></span> <span class='ocrx_word' id='word_1_84' title='bbox 1054 771 1125 804; x_wconf 87' lang='lat' dir='ltr'><em>pro-</em></span> 
     </span>
     <span class='ocr_line' id='line_1_14' title="bbox 236 809 543 854; baseline -0.007 -8"><span class='ocrx_word' id='word_1_85' title='bbox 236 809 379 846; x_wconf 74' lang='lat' dir='ltr'><em>fitendas</em></span> <span class='ocrx_word' id='word_1_86' title='bbox 392 837 399 844; x_wconf 93' lang='lat'>.</span> <span class='ocrx_word' id='word_1_87' title='bbox 541 852 543 854; x_wconf 66' lang='lat'>‚</span> 
     </span>
    </p>

    <p class='ocr_par' dir='ltr' id='par_1_4' title="bbox 236 860 1129 1462">
     <span class='ocr_line' id='line_1_15' title="bbox 292 860 1125 905; baseline -0.001 -10"><span class='ocrx_word' id='word_1_88' title='bbox 292 862 402 905; x_wconf 82' lang='lat' dir='ltr'><em>Hujus</em></span> <span class='ocrx_word' id='word_1_89' title='bbox 412 861 634 896; x_wconf 81' lang='lat' dir='ltr'><em>controversiae</em></span> <span class='ocrx_word' id='word_1_90' title='bbox 643 860 818 895; x_wconf 82' lang='lat' dir='ltr'>exordium</span> <span class='ocrx_word' id='word_1_91' title='bbox 830 885 840 902; x_wconf 93' lang='lat'><em>,</em></span> <span class='ocrx_word' id='word_1_92' title='bbox 867 861 1036 895; x_wconf 89' lang='lat' dir='ltr'><em>decursum</em></span> <span class='ocrx_word' id='word_1_93' title='bbox 1050 885 1060 901; x_wconf 96' lang='lat'><em>,</em></span> <span class='ocrx_word' id='word_1_94' title='bbox 1087 872 1125 895; x_wconf 87' lang='lat' dir='ltr'><em>ac</em></span> 
     </span>
     <span class='ocr_line' id='line_1_16' title="bbox 240 910 1123 956; baseline -0.002 -10"><span class='ocrx_word' id='word_1_95' title='bbox 240 913 342 949; x_wconf 77' lang='lat' dir='ltr'><em>finem</em></span> <span class='ocrx_word' id='word_1_96' title='bbox 355 913 495 956; x_wconf 81' lang='lat' dir='ltr'>exponit</span> <span class='ocrx_word' id='word_1_97' title='bbox 506 912 540 946; x_wconf 90' lang='lat' dir='ltr'><em>in</em></span> <span class='ocrx_word' id='word_1_98' title='bbox 552 912 670 956; x_wconf 82' lang='lat' dir='ltr'><em>Magni</em></span> <span class='ocrx_word' id='word_1_99' title='bbox 682 910 853 946; x_wconf 72' lang='lat' dir='ltr'>Athanasii</span> <span class='ocrx_word' id='word_1_100' title='bbox 868 913 1036 949; x_wconf 86' lang='lat' dir='ltr'><em>Encomio</em></span> <span class='ocrx_word' id='word_1_101' title='bbox 1047 912 1123 945; x_wconf 79' lang='lat' dir='ltr'><em>San-</em></span> 
     </span>
     <span class='ocr_line' id='line_1_17' title="bbox 240 962 1124 1009; baseline -0.006 -11"><span class='ocrx_word' id='word_1_102' title='bbox 240 967 308 998; x_wconf 71' lang='lat' dir='ltr'><em>ctus</em></span> <span class='ocrx_word' id='word_1_103' title='bbox 332 963 510 1009; x_wconf 83' lang='lat' dir='ltr'>Gregorius</span> <span class='ocrx_word' id='word_1_104' title='bbox 532 963 780 997; x_wconf 85' lang='lat' dir='ltr'>Nazianzenus:</span> <span class='ocrx_word' id='word_1_105' title='bbox 808 967 884 994; x_wconf 82' lang='lat' dir='ltr'><em>Cum</em></span> <span class='ocrx_word' id='word_1_106' title='bbox 905 962 1022 1006; x_wconf 63' lang='lat' dir='ltr'><em>efflentia</em></span> <span class='ocrx_word' id='word_1_107' title='bbox 1043 973 1124 1003; x_wconf 87' lang='lat' dir='ltr'><em>una,</em></span> 
     </span>
     <span class='ocr_line' id='line_1_18' title="bbox 238 1011 1129 1056; baseline -0.001 -10"><span class='ocrx_word' id='word_1_108' title='bbox 238 1017 277 1051; x_wconf 57' lang='lat' dir='ltr'><em>(rr</em></span> <span class='ocrx_word' id='word_1_109' title='bbox 303 1022 362 1047; x_wconf 86' lang='lat' dir='ltr'><em>tres</em></span> <span class='ocrx_word' id='word_1_110' title='bbox 405 1011 574 1056; x_wconf 76' lang='lat' dir='ltr'><em>Hypostases</em></span> <span class='ocrx_word' id='word_1_111' title='bbox 597 1015 618 1046; x_wconf 77' lang='grc' dir='ltr'><em>ᾶ</em></span> <span class='ocrx_word' id='word_1_112' title='bbox 644 1011 725 1045; x_wconf 87' lang='lat' dir='ltr'><em>nobis</em></span> <span class='ocrx_word' id='word_1_113' title='bbox 744 1014 793 1054; x_wconf 72' lang='lat' dir='ltr'><em>pic²</em></span> <span class='ocrx_word' id='word_1_114' title='bbox 819 1014 985 1046; x_wconf 78' lang='lat' dir='ltr'><em>dicerentur</em></span> <span class='ocrx_word' id='word_1_115' title='bbox 1011 1037 1022 1054; x_wconf 92' lang='lat'><em>,</em></span> <span class='ocrx_word' id='word_1_116' title='bbox 1049 1013 1129 1055; x_wconf 88' lang='lat' dir='ltr'><em>quod</em></span> 
     </span>
     <span class='ocr_line' id='line_1_19' title="bbox 239 1063 1125 1103; baseline -0.005 -3"><span class='ocrx_word' id='word_1_117' title='bbox 239 1067 366 1100; x_wconf 83' lang='lat' dir='ltr'><em>alterum</em></span> <span class='ocrx_word' id='word_1_118' title='bbox 386 1067 574 1098; x_wconf 79' lang='lat' dir='ltr'><em>Divinitatis</em></span> <span class='ocrx_word' id='word_1_119' title='bbox 598 1072 739 1097; x_wconf 80' lang='lat' dir='ltr'><em>naturam</em></span> <span class='ocrx_word' id='word_1_120' title='bbox 757 1087 769 1103; x_wconf 94' lang='lat'><em>,</em></span> <span class='ocrx_word' id='word_1_121' title='bbox 795 1063 921 1096; x_wconf 79' lang='lat' dir='ltr'><em>alterum</em></span> <span class='ocrx_word' id='word_1_122' title='bbox 944 1068 1036 1103; x_wconf 76' lang='lat' dir='ltr'><em>trium</em></span> <span class='ocrx_word' id='word_1_123' title='bbox 1054 1065 1125 1097; x_wconf 87' lang='lat' dir='ltr'><em>Per-</em></span> 
     </span>
     <span class='ocr_line' id='line_1_20' title="bbox 236 1114 1127 1159; baseline -0.001 -11"><span class='ocrx_word' id='word_1_124' title='bbox 236 1115 378 1159; x_wconf 77' lang='lat' dir='ltr'><em>sonarum</em></span> <span class='ocrx_word' id='word_1_125' title='bbox 397 1120 601 1157; x_wconf 76' lang='lat' dir='ltr'><em>proprietates</em></span> <span class='ocrx_word' id='word_1_126' title='bbox 611 1114 763 1153; x_wconf 78' lang='lat' dir='ltr'><em>declaret,</em></span> <span class='ocrx_word' id='word_1_127' title='bbox 787 1114 988 1155; x_wconf 81' lang='lat' dir='ltr'><em>atqueeodem</em></span> <span class='ocrx_word' id='word_1_128' title='bbox 1007 1115 1127 1156; x_wconf 81' lang='lat' dir='ltr'><em>quidem</em></span> 
     </span>
     <span class='ocr_line' id='line_1_21' title="bbox 240 1164 1126 1208; baseline -0.003 -9"><span class='ocrx_word' id='word_1_129' title='bbox 240 1167 326 1199; x_wconf 84' lang='lat' dir='ltr'><em>modo</em></span> <span class='ocrx_word' id='word_1_130' title='bbox 348 1167 432 1207; x_wconf 77' lang='lat' dir='ltr'><em>apua</em></span> <span class='ocrx_word' id='word_1_131' title='bbox 452 1169 600 1198; x_wconf 80' lang='lat' dir='ltr'><em>Romanos</em></span> <span class='ocrx_word' id='word_1_132' title='bbox 622 1165 861 1208; x_wconf 70' lang='lat' dir='ltr'><em>intelligerentur</em></span> <span class='ocrx_word' id='word_1_133' title='bbox 884 1188 894 1205; x_wconf 93' lang='lat'><em>,</em></span> <span class='ocrx_word' id='word_1_134' title='bbox 933 1173 1072 1198; x_wconf 64' lang='lat' dir='ltr'><em>caeterum</em></span> <span class='ocrx_word' id='word_1_135' title='bbox 1093 1164 1126 1197; x_wconf 90' lang='lat' dir='ltr'><em>ob</em></span> 
     </span>
     <span class='ocr_line' id='line_1_22' title="bbox 240 1213 1122 1260; baseline -0.002 -10"><span class='ocrx_word' id='word_1_136' title='bbox 240 1217 348 1260; x_wconf 76' lang='lat' dir='ltr'><em>linguae</em></span> <span class='ocrx_word' id='word_1_137' title='bbox 357 1215 439 1249; x_wconf 79' lang='lat' dir='ltr'><em>illius</em></span> <span class='ocrx_word' id='word_1_138' title='bbox 452 1214 618 1259; x_wconf 85' lang='lat' dir='ltr'><em>angustiam</em></span> <span class='ocrx_word' id='word_1_139' title='bbox 628 1239 638 1255; x_wconf 88' lang='lat'><em>,</em></span> <span class='ocrx_word' id='word_1_140' title='bbox 666 1215 700 1248; x_wconf 68' lang='lat'><em>(9⁶</em></span> <span class='ocrx_word' id='word_1_141' title='bbox 710 1213 869 1247; x_wconf 84' lang='lat' dir='ltr'><em>Verborum</em></span> <span class='ocrx_word' id='word_1_142' title='bbox 878 1219 1013 1257; x_wconf 75' lang='lat' dir='ltr'><em>inopiam</em></span> <span class='ocrx_word' id='word_1_143' title='bbox 1023 1213 1122 1254; x_wconf 69' lang='lat' dir='ltr'><em>distm-</em></span> 
     </span>
     <span class='ocr_line' id='line_1_23' title="bbox 237 1264 1125 1312; baseline -0.006 -11"><span class='ocrx_word' id='word_1_144' title='bbox 237 1278 327 1312; x_wconf 85' lang='lat' dir='ltr'><em>guere</em></span> <span class='ocrx_word' id='word_1_145' title='bbox 349 1264 517 1308; x_wconf 77' lang='lat' dir='ltr'><em>Hypoflafin</em></span> <span class='ocrx_word' id='word_1_146' title='bbox 527 1265 566 1299; x_wconf 87' lang='lat' dir='ltr'><em>ab</em></span> <span class='ocrx_word' id='word_1_147' title='bbox 593 1265 729 1309; x_wconf 82' lang='lat' dir='ltr'><em>Effemia</em></span> <span class='ocrx_word' id='word_1_148' title='bbox 740 1268 802 1298; x_wconf 83' lang='lat' dir='ltr'><em>non&#39;</em></span> <span class='ocrx_word' id='word_1_149' title='bbox 816 1264 928 1308; x_wconf 75' lang='lat' dir='ltr'><em>possent</em></span> <span class='ocrx_word' id='word_1_150' title='bbox 940 1290 951 1306; x_wconf 92' lang='lat'><em>,</em></span> <span class='ocrx_word' id='word_1_151' title='bbox 978 1275 1063 1307; x_wconf 83' lang='lat' dir='ltr'><em>eoque</em></span> <span class='ocrx_word' id='word_1_152' title='bbox 1073 1264 1125 1306; x_wconf 87' lang='lat' dir='ltr'><em>fa-</em></span> 
     </span>
     <span class='ocr_line' id='line_1_24' title="bbox 239 1315 1126 1360; baseline -0.006 -9"><span class='ocrx_word' id='word_1_153' title='bbox 239 1318 318 1351; x_wconf 77' lang='lat' dir='ltr'><em>e‘lum</em></span> <span class='ocrx_word' id='word_1_154' title='bbox 330 1317 394 1360; x_wconf 76' lang='lat' dir='ltr'><em>esses</em></span> <span class='ocrx_word' id='word_1_155' title='bbox 414 1325 445 1350; x_wconf 78' lang='lat' dir='ltr'><em>ut</em></span> <span class='ocrx_word' id='word_1_156' title='bbox 454 1326 510 1359; x_wconf 88' lang='lat' dir='ltr'><em>pro</em></span> <span class='ocrx_word' id='word_1_157' title='bbox 520 1327 556 1350; x_wconf 85' lang='lat' dir='ltr'><em>ea</em></span> <span class='ocrx_word' id='word_1_158' title='bbox 566 1341 576 1357; x_wconf 92' lang='lat'><em>,</em></span> <span class='ocrx_word' id='word_1_159' title='bbox 603 1327 640 1351; x_wconf 88' lang='lat' dir='ltr'><em>ne</em></span> <span class='ocrx_word' id='word_1_160' title='bbox 659 1325 720 1349; x_wconf 74' lang='lat' dir='ltr'><em>tres</em></span> <span class='ocrx_word' id='word_1_161' title='bbox 733 1315 886 1359; x_wconf 80' lang='lat' dir='ltr'><em>Effemias</em></span> <span class='ocrx_word' id='word_1_162' title='bbox 908 1317 1070 1349; x_wconf 72' lang='lat' dir='ltr'><em>admittere</em></span> <span class='ocrx_word' id='word_1_163' title='bbox 1081 1320 1126 1348; x_wconf 79' lang='lat' dir='ltr'><em>vi-</em></span> 
     </span>
     <span class='ocr_line' id='line_1_25' title="bbox 239 1365 1128 1410; baseline -0.003 -9"><span class='ocrx_word' id='word_1_164' title='bbox 239 1369 403 1408; x_wconf 82' lang='lat' dir='ltr'><em>derentur,</em></span> <span class='ocrx_word' id='word_1_165' title='bbox 430 1365 626 1410; x_wconf 77' lang='lat' dir='ltr'><em>Personarum</em></span> <span class='ocrx_word' id='word_1_166' title='bbox 637 1367 1012 1400; x_wconf 77' lang='lat' dir='ltr'><em>vocabuluminducerent:</em></span> <span class='ocrx_word' id='word_1_167' title='bbox 1039 1366 1128 1408; x_wconf 69' lang='lat' dir='ltr'><em>,Quid</em></span> 
     </span>
     <span class='ocr_line' id='line_1_26' title="bbox 239 1415 1125 1462; baseline -0.003 -11"><span class='ocrx_word' id='word_1_168' title='bbox 239 1420 363 1451; x_wconf 77' lang='lat' dir='ltr'><em>tandem</em></span> <span class='ocrx_word' id='word_1_169' title='bbox 385 1419 529 1462; x_wconf 79' lang='lat' dir='ltr'><em>contigit?</em></span> <span class='ocrx_word' id='word_1_170' title='bbox 555 1421 615 1451; x_wconf 86' lang='lat' dir='ltr'><em>Res</em></span> <span class='ocrx_word' id='word_1_171' title='bbox 636 1417 768 1458; x_wconf 71' lang='lat' dir='ltr'><em>profec‘lci</em></span> <span class='ocrx_word' id='word_1_172' title='bbox 790 1416 938 1456; x_wconf 74' lang='lat' dir='ltr'><em>ridicula,</em></span> <span class='ocrx_word' id='word_1_173' title='bbox 963 1415 1018 1448; x_wconf 86' lang='lat' dir='ltr'><em>vel</em></span> <span class='ocrx_word' id='word_1_174' title='bbox 1023 1421 1125 1457; x_wconf 83' lang='lat' dir='ltr'><em>potius</em></span> 
     </span>
    </p>
   </div>
   <div class='ocr_carea' id='block_1_4' title="bbox 192 1464 1128 1512">
    <p class='ocr_par' dir='ltr' id='par_1_5' title="bbox 192 1464 1128 1512">
     <span class='ocr_line' id='line_1_27' title="bbox 192 1464 1128 1512; baseline -0.007 -9"><span class='ocrx_word' id='word_1_175' title='bbox 192 1487 199 1497; x_wconf 60' lang='grc' dir='ltr'><strong><em>ι</em></strong></span> <span class='ocrx_word' id='word_1_176' title='bbox 239 1468 411 1512; x_wconf 74' lang='lat' dir='ltr'><em>miseranda</em></span> <span class='ocrx_word' id='word_1_177' title='bbox 423 1491 430 1500; x_wconf 93' lang='lat'><strong><em>.</em></strong></span> <span class='ocrx_word' id='word_1_178' title='bbox 459 1466 595 1510; x_wconf 81' lang='lat' dir='ltr'><em>Diversae</em></span> <span class='ocrx_word' id='word_1_179' title='bbox 605 1467 682 1509; x_wconf 83' lang='lat' dir='ltr'><em>fidei</em></span> <span class='ocrx_word' id='word_1_180' title='bbox 699 1464 963 1509; x_wconf 76' lang='lat' dir='ltr'><em>speciempraebuit</em></span> <span class='ocrx_word' id='word_1_181' title='bbox 983 1466 1062 1497; x_wconf 79' lang='lat' dir='ltr'><em>levis</em></span> <span class='ocrx_word' id='word_1_182' title='bbox 1075 1467 1128 1497; x_wconf 83' lang='lat' dir='ltr'><em>illa</em></span> 
     </span>
    </p>
   </div>
   <div class='ocr_carea' id='block_1_5' title="bbox 233 1515 1129 3118">
    <p class='ocr_par' dir='ltr' id='par_1_6' title="bbox 233 1515 1129 3118">
     <span class='ocr_line' id='line_1_28' title="bbox 240 1515 1120 1561; baseline -0.007 -8"><span class='ocrx_word' id='word_1_183' title='bbox 240 1522 393 1561; x_wconf 63' lang='lat' dir='ltr'><em>&amp;jejuna</em></span> <span class='ocrx_word' id='word_1_184' title='bbox 414 1520 452 1551; x_wconf 82' lang='lat' dir='ltr'><em>de</em></span> <span class='ocrx_word' id='word_1_185' title='bbox 472 1528 576 1550; x_wconf 86' lang='lat' dir='ltr'><em>vocum</em></span> <span class='ocrx_word' id='word_1_186' title='bbox 595 1515 667 1559; x_wconf 74' lang='lat' dir='ltr'><em>sono</em></span> <span class='ocrx_word' id='word_1_187' title='bbox 690 1517 865 1548; x_wconf 69' lang='lat' dir='ltr'><em>altercatio.</em></span> <span class='ocrx_word' id='word_1_188' title='bbox 893 1519 947 1547; x_wconf 84' lang='lat' dir='ltr'><em>Hic</em></span> <span class='ocrx_word' id='word_1_189' title='bbox 969 1515 1120 1549; x_wconf 69' lang='lat' dir='ltr'><em>demde&amp;</em></span> 
     </span>
     <span class='ocr_line' id='line_1_29' title="bbox 240 1563 1121 1611; baseline -0.009 -8"><span class='ocrx_word' id='word_1_190' title='bbox 240 1567 482 1611; x_wconf 82' lang='lat' dir='ltr'><em>Sabellianismus</em></span> <span class='ocrx_word' id='word_1_191' title='bbox 503 1567 538 1600; x_wconf 88' lang='lat' dir='ltr'><em>ob</em></span> <span class='ocrx_word' id='word_1_192' title='bbox 560 1575 622 1599; x_wconf 89' lang='lat' dir='ltr'><em>tres</em></span> <span class='ocrx_word' id='word_1_193' title='bbox 639 1563 786 1607; x_wconf 81' lang='lat' dir='ltr'><em>Personas</em></span> <span class='ocrx_word' id='word_1_194' title='bbox 807 1569 989 1607; x_wconf 81' lang='lat' dir='ltr'><em>excogitatus</em></span> <span class='ocrx_word' id='word_1_195' title='bbox 1002 1563 1061 1605; x_wconf 81' lang='lat' dir='ltr'><em>est,</em></span> <span class='ocrx_word' id='word_1_196' title='bbox 1085 1566 1121 1598; x_wconf 64' lang='grc' dir='ltr'><em>(ς</em></span> 
     </span>
     <span class='ocr_line' id='line_1_30' title="bbox 240 1613 1127 1662; baseline -0.007 -8"><span class='ocrx_word' id='word_1_197' title='bbox 240 1617 429 1662; x_wconf 77' lang='lat' dir='ltr'><em>Arianismus</em></span> <span class='ocrx_word' id='word_1_198' title='bbox 452 1616 486 1649; x_wconf 84' lang='lat' dir='ltr'><em>ob</em></span> <span class='ocrx_word' id='word_1_199' title='bbox 507 1626 567 1650; x_wconf 83' lang='lat' dir='ltr'><em>tres</em></span> <span class='ocrx_word' id='word_1_200' title='bbox 596 1613 764 1658; x_wconf 79' lang='lat' dir='ltr'><em>Hypostases</em></span> <span class='ocrx_word' id='word_1_201' title='bbox 786 1639 801 1655; x_wconf 84' lang='lat'>‚</span> <span class='ocrx_word' id='word_1_202' title='bbox 826 1626 948 1657; x_wconf 85' lang='lat' dir='ltr'><em>quorum</em></span> <span class='ocrx_word' id='word_1_203' title='bbox 970 1622 1127 1657; x_wconf 82' lang='lat' dir='ltr'><em>utrumque</em></span> 
     </span>
     <span class='ocr_line' id='line_1_31' title="bbox 237 1665 1126 1713; baseline -0.008 -10"><span class='ocrx_word' id='word_1_204' title='bbox 237 1675 379 1713; x_wconf 78' lang='lat' dir='ltr'><em>pertinax</em></span> <span class='ocrx_word' id='word_1_205' title='bbox 401 1667 596 1701; x_wconf 84' lang='lat' dir='ltr'><em>contendendi</em></span> <span class='ocrx_word' id='word_1_206' title='bbox 621 1665 753 1707; x_wconf 79' lang='lat' dir='ltr'><em>studium</em></span> <span class='ocrx_word' id='word_1_207' title='bbox 773 1665 944 1707; x_wconf 81' lang='lat' dir='ltr'><em>effinxerat.</em></span> <span class='ocrx_word' id='word_1_208' title='bbox 972 1666 1063 1708; x_wconf 73' lang='lat' dir='ltr'><em>,Quid</em></span> <span class='ocrx_word' id='word_1_209' title='bbox 1075 1673 1126 1708; x_wconf 70' lang='lat' dir='ltr'><em>po-</em></span> 
     </span>
     <span class='ocr_line' id='line_1_32' title="bbox 233 1715 1128 1763; baseline -0.006 -9"><span class='ocrx_word' id='word_1_210' title='bbox 233 1721 302 1763; x_wconf 74' lang='lat' dir='ltr'><em>flea</em></span> <span class='ocrx_word' id='word_1_211' title='bbox 314 1722 327 1753; x_wconf 82' lang='lat'>?</span> <span class='ocrx_word' id='word_1_212' title='bbox 353 1723 430 1751; x_wconf 83' lang='lat' dir='ltr'><em>Cum</em></span> <span class='ocrx_word' id='word_1_213' title='bbox 442 1723 552 1762; x_wconf 79' lang='lat' dir='ltr'><em>exigua</em></span> <span class='ocrx_word' id='word_1_214' title='bbox 562 1728 609 1750; x_wconf 85' lang='lat' dir='ltr'><em>res</em></span> <span class='ocrx_word' id='word_1_215' title='bbox 621 1717 728 1759; x_wconf 83' lang='lat' dir='ltr'><em>aliqua</em></span> <span class='ocrx_word' id='word_1_216' title='bbox 738 1717 867 1758; x_wconf 74' lang='lat' dir='ltr'><em>quotidie</em></span> <span class='ocrx_word' id='word_1_217' title='bbox 880 1715 1028 1749; x_wconf 77' lang='lat' dir='ltr'><em>accederet</em></span> <span class='ocrx_word' id='word_1_218' title='bbox 1039 1739 1050 1756; x_wconf 85' lang='lat'><em>,</em></span> <span class='ocrx_word' id='word_1_219' title='bbox 1061 1726 1128 1757; x_wconf 73' lang='lat' dir='ltr'><em>quoe</em></span> 
     </span>
     <span class='ocr_line' id='line_1_33' title="bbox 241 1765 1126 1810; baseline -0.006 -6"><span class='ocrx_word' id='word_1_220' title='bbox 241 1769 400 1810; x_wconf 81' lang='lat' dir='ltr'><em>molestiam</em></span> <span class='ocrx_word' id='word_1_221' title='bbox 423 1768 560 1810; x_wconf 75' lang='lat' dir='ltr'><em>adferret</em></span> <span class='ocrx_word' id='word_1_222' title='bbox 588 1792 598 1807; x_wconf 96' lang='lat'><em>,</em></span> <span class='ocrx_word' id='word_1_223' title='bbox 625 1765 750 1805; x_wconf 83' lang='lat' dir='ltr'><em>molestia</em></span> <span class='ocrx_word' id='word_1_224' title='bbox 777 1776 876 1800; x_wconf 80' lang='lat' dir='ltr'><em>autem</em></span> <span class='ocrx_word' id='word_1_225' title='bbox 896 1774 930 1798; x_wconf 82' lang='lat' dir='ltr'><em>ut</em></span> <span class='ocrx_word' id='word_1_226' title='bbox 952 1766 1126 1807; x_wconf 73' lang='lat' dir='ltr'><em>videretur,</em></span> 
     </span>
     <span class='ocr_line' id='line_1_34' title="bbox 241 1814 1128 1861; baseline -0.008 -6"><span class='ocrx_word' id='word_1_227' title='bbox 241 1826 388 1855; x_wconf 81' lang='lat' dir='ltr'><em>contentio</em></span> <span class='ocrx_word' id='word_1_228' title='bbox 405 1817 539 1861; x_wconf 76' lang='lat' dir='ltr'><em>faciebat</em></span> <span class='ocrx_word' id='word_1_229' title='bbox 564 1841 575 1857; x_wconf 90' lang='lat'>‚</span> <span class='ocrx_word' id='word_1_230' title='bbox 601 1829 633 1851; x_wconf 88' lang='lat' dir='ltr'><em>eo</em></span> <span class='ocrx_word' id='word_1_231' title='bbox 652 1817 774 1850; x_wconf 72' lang='lat' dir='ltr'><em>tandem</em></span> <span class='ocrx_word' id='word_1_232' title='bbox 794 1828 842 1850; x_wconf 84' lang='lat' dir='ltr'><em>res</em></span> <span class='ocrx_word' id='word_1_233' title='bbox 866 1816 999 1849; x_wconf 59' lang='lat' dir='ltr'><em>adduaa</em></span> <span class='ocrx_word' id='word_1_234' title='bbox 1009 1814 1070 1857; x_wconf 79' lang='lat' dir='ltr'><em>est,</em></span> <span class='ocrx_word' id='word_1_235' title='bbox 1095 1823 1128 1849; x_wconf 88' lang='lat' dir='ltr'><em>ut</em></span> 
     </span>
     <span class='ocr_line' id='line_1_35' title="bbox 236 1864 1127 1915; baseline -0.008 -9"><span class='ocrx_word' id='word_1_236' title='bbox 236 1872 401 1915; x_wconf 78' lang='lat' dir='ltr'><em>periculum</em></span> <span class='ocrx_word' id='word_1_237' title='bbox 423 1868 488 1912; x_wconf 78' lang='lat' dir='ltr'><em>effer</em></span> <span class='ocrx_word' id='word_1_238' title='bbox 505 1893 514 1909; x_wconf 92' lang='lat'><em>,</em></span> <span class='ocrx_word' id='word_1_239' title='bbox 541 1879 578 1901; x_wconf 85' lang='lat' dir='ltr'><em>ne</em></span> <span class='ocrx_word' id='word_1_240' title='bbox 602 1866 691 1901; x_wconf 85' lang='lat' dir='ltr'><em>Orbis</em></span> <span class='ocrx_word' id='word_1_241' title='bbox 715 1876 861 1901; x_wconf 83' lang='lat' dir='ltr'><em>terrarum</em></span> <span class='ocrx_word' id='word_1_242' title='bbox 879 1864 958 1908; x_wconf 82' lang='lat' dir='ltr'><em>fines</em></span> <span class='ocrx_word' id='word_1_243' title='bbox 981 1877 1043 1899; x_wconf 89' lang='lat' dir='ltr'><em>una</em></span> <span class='ocrx_word' id='word_1_244' title='bbox 1063 1877 1127 1899; x_wconf 87' lang='lat' dir='ltr'><em>cum</em></span> 
     </span>
     <span class='ocr_line' id='line_1_36' title="bbox 235 1915 1128 1966; baseline -0.008 -10"><span class='ocrx_word' id='word_1_245' title='bbox 235 1921 357 1966; x_wconf 53' lang='lat' dir='ltr'><em>‚sillabis</em></span> <span class='ocrx_word' id='word_1_246' title='bbox 379 1919 641 1961; x_wconf 81' lang='lat' dir='ltr'><em>abrumperentur.</em></span> <span class='ocrx_word' id='word_1_247' title='bbox 669 1919 749 1960; x_wconf 68' lang='lat' dir='ltr'><em>,Qua</em></span> <span class='ocrx_word' id='word_1_248' title='bbox 770 1928 835 1950; x_wconf 88' lang='lat' dir='ltr'><em>cum</em></span> <span class='ocrx_word' id='word_1_249' title='bbox 858 1917 973 1949; x_wconf 84' lang='lat' dir='ltr'><em>Beatus</em></span> <span class='ocrx_word' id='word_1_250' title='bbox 994 1915 1128 1949; x_wconf 76' lang='lat' dir='ltr'><em>Athana-</em></span> 
     </span>
     <span class='ocr_line' id='line_1_37' title="bbox 233 1964 1126 2016; baseline -0.009 -10"><span class='ocrx_word' id='word_1_251' title='bbox 233 1972 297 2016; x_wconf 79' lang='lat' dir='ltr'><em>fius</em></span> <span class='ocrx_word' id='word_1_252' title='bbox 309 1997 319 2012; x_wconf 90' lang='lat'><em>,</em></span> <span class='ocrx_word' id='word_1_253' title='bbox 345 1971 416 2005; x_wconf 70' lang='lat' dir='ltr'><em>vere</em></span> <span class='ocrx_word' id='word_1_254' title='bbox 429 1969 511 2003; x_wconf 85' lang='lat' dir='ltr'><em>bomo</em></span> <span class='ocrx_word' id='word_1_255' title='bbox 522 1971 580 2002; x_wconf 72' lang='lat' dir='ltr'><em>Dei</em></span> <span class='ocrx_word' id='word_1_256' title='bbox 591 1991 602 2006; x_wconf 93' lang='lat'><em>‚</em></span> <span class='ocrx_word' id='word_1_257' title='bbox 628 1965 806 2010; x_wconf 78' lang='lat' dir='ltr'><em>magnusque</em></span> <span class='ocrx_word' id='word_1_258' title='bbox 816 1970 991 2000; x_wconf 70' lang='lat' dir='ltr'><em>Ananarum</em></span> <span class='ocrx_word' id='word_1_259' title='bbox 1002 1964 1126 2009; x_wconf 81' lang='lat' dir='ltr'><em>Dispen-</em></span> 
     </span>
     <span class='ocr_line' id='line_1_38' title="bbox 237 2014 1128 2067; baseline -0.008 -12"><span class='ocrx_word' id='word_1_260' title='bbox 237 2020 342 2067; x_wconf 59' lang='grc' dir='ltr'><em>βων,</em></span> <span class='ocrx_word' id='word_1_261' title='bbox 361 2021 456 2053; x_wconf 73' lang='lat' dir='ltr'><em>&#39;oculis</em></span> <span class='ocrx_word' id='word_1_262' title='bbox 479 2017 648 2053; x_wconf 71' lang='lat' dir='ltr'><em>&amp;auribus</em></span> <span class='ocrx_word' id='word_1_263' title='bbox 668 2015 824 2060; x_wconf 86' lang='lat' dir='ltr'><em>usurparet</em></span> <span class='ocrx_word' id='word_1_264' title='bbox 836 2040 848 2057; x_wconf 91' lang='lat'><em>,</em></span> <span class='ocrx_word' id='word_1_265' title='bbox 869 2026 932 2051; x_wconf 88' lang='lat' dir='ltr'><em>tam</em></span> <span class='ocrx_word' id='word_1_266' title='bbox 943 2014 1128 2061; x_wconf 78' lang='lat' dir='ltr'><em>absurdam,</em></span> 
     </span>
     <span class='ocr_line' id='line_1_39' title="bbox 242 2065 1128 2111; baseline -0.007 -5"><span class='ocrx_word' id='word_1_267' title='bbox 242 2075 279 2107; x_wconf 57' lang='grc' dir='ltr'><em>(ΞΥ</em></span> <span class='ocrx_word' id='word_1_268' title='bbox 290 2075 309 2105; x_wconf 79' lang='grc' dir='ltr'><em>ἆ</em></span> <span class='ocrx_word' id='word_1_269' title='bbox 320 2077 434 2105; x_wconf 78' lang='lat' dir='ltr'><em>ratione</em></span> <span class='ocrx_word' id='word_1_270' title='bbox 455 2071 587 2102; x_wconf 78' lang='lat' dir='ltr'><em>alienam</em></span> <span class='ocrx_word' id='word_1_271' title='bbox 599 2065 684 2101; x_wconf 84' lang='lat' dir='ltr'><em>verbi</em></span> <span class='ocrx_word' id='word_1_272' title='bbox 702 2065 860 2111; x_wconf 66' lang='lat' dir='ltr'><em>sefflonem</em></span> <span class='ocrx_word' id='word_1_273' title='bbox 872 2068 1106 2110; x_wconf 77' lang='lat' dir='ltr'><em>diffimulandam</em></span> <span class='ocrx_word' id='word_1_274' title='bbox 1117 2092 1128 2108; x_wconf 91' lang='lat'><em>,</em></span> 
     </span>
     <span class='ocr_line' id='line_1_40' title="bbox 243 2117 1129 2165; baseline -0.006 -9"><span class='ocrx_word' id='word_1_275' title='bbox 243 2135 278 2156; x_wconf 83' lang='lat' dir='ltr'><em>ac</em></span> <span class='ocrx_word' id='word_1_276' title='bbox 293 2121 498 2165; x_wconf 80' lang='lat' dir='ltr'><em>negligendam</em></span> <span class='ocrx_word' id='word_1_277' title='bbox 501 2117 558 2161; x_wconf 80' lang='lat' dir='ltr'><em>fibi</em></span> <span class='ocrx_word' id='word_1_278' title='bbox 584 2122 775 2160; x_wconf 80' lang='lat' dir='ltr'><em>nonputavit</em></span> <span class='ocrx_word' id='word_1_279' title='bbox 788 2132 798 2152; x_wconf 85' lang='grc'><em>.·</em></span> <span class='ocrx_word' id='word_1_280' title='bbox 825 2129 932 2152; x_wconf 81' lang='lat' dir='ltr'><em>verum</em></span> <span class='ocrx_word' id='word_1_281' title='bbox 952 2119 1129 2152; x_wconf 71' lang='lat' dir='ltr'><em>medicinam</em></span> 
     </span>
     <span class='ocr_line' id='line_1_41' title="bbox 242 2168 1128 2214; baseline -0.007 -8"><span class='ocrx_word' id='word_1_282' title='bbox 242 2172 339 2207; x_wconf 87' lang='lat' dir='ltr'><em>morbo</em></span> <span class='ocrx_word' id='word_1_283' title='bbox 353 2175 585 2214; x_wconf 82' lang='lat' dir='ltr'><em>quamprimum</em></span> <span class='ocrx_word' id='word_1_284' title='bbox 595 2168 721 2203; x_wconf 76' lang='lat' dir='ltr'><em>adhibet</em></span> <span class='ocrx_word' id='word_1_285' title='bbox 734 2193 741 2200; x_wconf 93' lang='lat'><em>.</em></span> <span class='ocrx_word' id='word_1_286' title='bbox 769 2171 912 2213; x_wconf 70' lang='lat' dir='ltr'><em>,Quonam</em></span> <span class='ocrx_word' id='word_1_287' title='bbox 935 2176 1034 2203; x_wconf 77' lang='lat' dir='ltr'><em>autem</em></span> <span class='ocrx_word' id='word_1_288' title='bbox 1045 2170 1128 2203; x_wconf 80' lang='lat' dir='ltr'><em>modo</em></span> 
     </span>
     <span class='ocr_line' id='line_1_42' title="bbox 242 2219 1128 2265; baseline -0.005 -8"><span class='ocrx_word' id='word_1_289' title='bbox 242 2225 281 2258; x_wconf 71' lang='lat' dir='ltr'><em>od</em></span> <span class='ocrx_word' id='word_1_290' title='bbox 292 2222 399 2265; x_wconf 84' lang='lat' dir='ltr'><em>facit?</em></span> <span class='ocrx_word' id='word_1_291' title='bbox 425 2225 555 2263; x_wconf 81' lang='lat' dir='ltr'><em>Utraque</em></span> <span class='ocrx_word' id='word_1_292' title='bbox 576 2227 669 2262; x_wconf 87' lang='lat' dir='ltr'><em>parte</em></span> <span class='ocrx_word' id='word_1_293' title='bbox 691 2219 796 2253; x_wconf 83' lang='lat' dir='ltr'><em>leniter</em></span> <span class='ocrx_word' id='word_1_294' title='bbox 815 2231 850 2253; x_wconf 83' lang='lat' dir='ltr'><em>ac</em></span> <span class='ocrx_word' id='word_1_295' title='bbox 869 2219 993 2264; x_wconf 70' lang='lat' dir='ltr'><em>benigne</em></span> <span class='ocrx_word' id='word_1_296' title='bbox 1014 2226 1128 2260; x_wconf 81' lang='lat' dir='ltr'><em>accita,</em></span> 
     </span>
     <span class='ocr_line' id='line_1_43' title="bbox 244 2269 1126 2315; baseline -0.014 -7"><span class='ocrx_word' id='word_1_297' title='bbox 244 2274 453 2314; x_wconf 85' lang='lat' dir='ltr'><em>verborumque</em></span> <span class='ocrx_word' id='word_1_298' title='bbox 473 2269 625 2315; x_wconf 82' lang='lat' dir='ltr'><em>sententia</em></span> <span class='ocrx_word' id='word_1_299' title='bbox 647 2269 826 2314; x_wconf 76' lang='lat' dir='ltr'><em>diligenter,</em></span> <span class='ocrx_word' id='word_1_300' title='bbox 851 2270 887 2304; x_wconf 64' lang='grc' dir='ltr'><em>Θ</em></span> <span class='ocrx_word' id='word_1_301' title='bbox 906 2269 1042 2303; x_wconf 66' lang='lat' dir='ltr'><em>accurate*</em></span> <span class='ocrx_word' id='word_1_302' title='bbox 1060 2279 1126 2312; x_wconf 69' lang='lat' dir='ltr'><em>per.</em></span> 
     </span>
     <span class='ocr_line' id='line_1_44' title="bbox 239 2321 1127 2368; baseline -0.005 -10"><span class='ocrx_word' id='word_1_303' title='bbox 239 2322 336 2368; x_wconf 82' lang='lat' dir='ltr'><em>pensa</em></span> <span class='ocrx_word' id='word_1_304' title='bbox 347 2347 357 2363; x_wconf 91' lang='lat'><em>,</em></span> <span class='ocrx_word' id='word_1_305' title='bbox 381 2322 570 2364; x_wconf 80' lang='lat' dir='ltr'><em>posteaquam</em></span> <span class='ocrx_word' id='word_1_306' title='bbox 582 2321 733 2354; x_wconf 84' lang='lat' dir='ltr'><em>concordes</em></span> <span class='ocrx_word' id='word_1_307' title='bbox 745 2325 877 2363; x_wconf 63' lang='lat' dir='ltr'><em>reperite,</em></span> <span class='ocrx_word' id='word_1_308' title='bbox 902 2331 953 2354; x_wconf 87' lang='lat' dir='ltr'><em>nec</em></span> <span class='ocrx_word' id='word_1_309' title='bbox 970 2321 1026 2353; x_wconf 88' lang='lat' dir='ltr'><em>ullo</em></span> <span class='ocrx_word' id='word_1_310' title='bbox 1045 2322 1127 2354; x_wconf 88' lang='lat' dir='ltr'><em>modo</em></span> 
     </span>
     <span class='ocr_line' id='line_1_45' title="bbox 239 2369 1125 2419; baseline -0.005 -11"><span class='ocrx_word' id='word_1_311' title='bbox 239 2382 388 2419; x_wconf 75' lang='lat' dir='ltr'><em>quantum</em></span> <span class='ocrx_word' id='word_1_312' title='bbox 408 2373 452 2405; x_wconf 85' lang='lat' dir='ltr'><em>ad</em></span> <span class='ocrx_word' id='word_1_313' title='bbox 462 2371 626 2405; x_wconf 57' lang='lat' dir='ltr'><em>dammam</em></span> <span class='ocrx_word' id='word_1_314' title='bbox 636 2376 716 2404; x_wconf 80' lang='lat' dir='ltr'><em>inter</em></span> <span class='ocrx_word' id='word_1_315' title='bbox 735 2369 769 2415; x_wconf 86' lang='lat' dir='ltr'><em>se</em></span> <span class='ocrx_word' id='word_1_316' title='bbox 781 2371 944 2412; x_wconf 73' lang='lat' dir='ltr'><em>diffidentes</em></span> <span class='ocrx_word' id='word_1_317' title='bbox 957 2394 967 2410; x_wconf 92' lang='lat'>‚</span> <span class='ocrx_word' id='word_1_318' title='bbox 993 2376 1038 2403; x_wconf 76' lang='lat' dir='ltr'><em>ita</em></span> <span class='ocrx_word' id='word_1_319' title='bbox 1047 2382 1125 2415; x_wconf 88' lang='lat' dir='ltr'><em>nego-</em></span> 
     </span>
     <span class='ocr_line' id='line_1_46' title="bbox 241 2419 1126 2466; baseline -0.006 -7"><span class='ocrx_word' id='word_1_320' title='bbox 241 2431 322 2461; x_wconf 75' lang='lat' dir='ltr'><em>tium</em></span> <span class='ocrx_word' id='word_1_321' title='bbox 331 2420 477 2466; x_wconf 75' lang='lat' dir='ltr'><em>transegit</em></span> <span class='ocrx_word' id='word_1_322' title='bbox 490 2444 500 2460; x_wconf 91' lang='lat'><em>,</em></span> <span class='ocrx_word' id='word_1_323' title='bbox 522 2429 556 2455; x_wconf 86' lang='lat' dir='ltr'><em>ut</em></span> <span class='ocrx_word' id='word_1_324' title='bbox 569 2426 718 2455; x_wconf 82' lang='lat' dir='ltr'><em>nominum</em></span> <span class='ocrx_word' id='word_1_325' title='bbox 738 2419 822 2464; x_wconf 88' lang='lat' dir='ltr'><em>usum</em></span> <span class='ocrx_word' id='word_1_326' title='bbox 832 2422 988 2454; x_wconf 85' lang='lat' dir='ltr'><em>concedens</em></span> <span class='ocrx_word' id='word_1_327' title='bbox 1004 2445 1015 2460; x_wconf 92' lang='lat'><em>,</em></span> <span class='ocrx_word' id='word_1_328' title='bbox 1040 2421 1126 2455; x_wconf 85' lang='lat' dir='ltr'><em>rebus</em></span> 
     </span>
     <span class='ocr_line' id='line_1_47' title="bbox 242 2470 1129 2516; baseline -0.006 -8"><span class='ocrx_word' id='word_1_329' title='bbox 242 2488 292 2511; x_wconf 77' lang='lat' dir='ltr'><em>eos</em></span> <span class='ocrx_word' id='word_1_330' title='bbox 312 2473 515 2516; x_wconf 82' lang='lat' dir='ltr'><em>constringeret</em></span> <span class='ocrx_word' id='word_1_331' title='bbox 537 2496 545 2505; x_wconf 93' lang='lat'><strong>.</strong></span> <span class='ocrx_word' id='word_1_332' title='bbox 573 2478 634 2507; x_wconf 83' lang='lat' dir='ltr'><em>Hoc</em></span> <span class='ocrx_word' id='word_1_333' title='bbox 657 2471 804 2504; x_wconf 82' lang='lat' dir='ltr'><em>diuturnis</em></span> <span class='ocrx_word' id='word_1_334' title='bbox 819 2470 883 2514; x_wconf 80' lang='lat' dir='ltr'><em>suis</em></span> <span class='ocrx_word' id='word_1_335' title='bbox 905 2470 1068 2512; x_wconf 85' lang='lat' dir='ltr'><em>laboribus,</em></span> <span class='ocrx_word' id='word_1_336' title='bbox 1095 2473 1129 2506; x_wconf 58' lang='grc' dir='ltr'><em>(ν</em></span> 
     </span>
     <span class='ocr_line' id='line_1_48' title="bbox 240 2521 1128 2571; baseline -0.005 -12"><span class='ocrx_word' id='word_1_337' title='bbox 240 2523 440 2571; x_wconf 75' lang='lat' dir='ltr'><em>sermonibus,</em></span> <span class='ocrx_word' id='word_1_338' title='bbox 450 2533 520 2564; x_wconf 86' lang='lat' dir='ltr'><em>quos</em></span> <span class='ocrx_word' id='word_1_339' title='bbox 527 2523 599 2560; x_wconf 80' lang='lat' dir='ltr'><em>jam</em></span> <span class='ocrx_word' id='word_1_340' title='bbox 609 2532 709 2554; x_wconf 81' lang='lat' dir='ltr'><em>omnes</em></span> <span class='ocrx_word' id='word_1_341' title='bbox 729 2521 839 2554; x_wconf 86' lang='lat' dir='ltr'><em>litteris</em></span> <span class='ocrx_word' id='word_1_342' title='bbox 849 2521 999 2553; x_wconf 85' lang='lat' dir='ltr'><em>mandant</em></span> <span class='ocrx_word' id='word_1_343' title='bbox 1009 2544 1021 2561; x_wconf 87' lang='lat'><em>,</em></span> <span class='ocrx_word' id='word_1_344' title='bbox 1045 2523 1128 2566; x_wconf 59' lang='lat' dir='ltr'><em>longe*</em></span> 
     </span>
     <span class='ocr_line' id='line_1_49' title="bbox 244 2569 1126 2620; baseline -0.006 -10"><span class='ocrx_word' id='word_1_345' title='bbox 244 2578 348 2610; x_wconf 81' lang='lat' dir='ltr'><em>utilius</em></span> <span class='ocrx_word' id='word_1_346' title='bbox 358 2573 415 2614; x_wconf 84' lang='lat' dir='ltr'><em>est.</em></span> <span class='ocrx_word' id='word_1_347' title='bbox 442 2570 607 2607; x_wconf 86' lang='lat' dir='ltr'><em>Adfirmat</em></span> <span class='ocrx_word' id='word_1_348' title='bbox 628 2572 734 2606; x_wconf 75' lang='lat' dir='ltr'><em>varia.</em></span> <span class='ocrx_word' id='word_1_349' title='bbox 760 2570 872 2604; x_wconf 62' lang='lat' dir='ltr'><em>Primo</em></span> <span class='ocrx_word' id='word_1_350' title='bbox 897 2569 987 2613; x_wconf 88' lang='lat' dir='ltr'><em>quod</em></span> <span class='ocrx_word' id='word_1_351' title='bbox 1010 2570 1126 2620; x_wconf 72' lang='lat' dir='ltr'><em>Orien-</em></span> 
     </span>
     <span class='ocr_line' id='line_1_50' title="bbox 245 2620 1127 2665; baseline -0.006 -5"><span class='ocrx_word' id='word_1_352' title='bbox 245 2626 320 2661; x_wconf 77' lang='lat' dir='ltr'><em>talis</em></span> <span class='ocrx_word' id='word_1_353' title='bbox 344 2622 487 2660; x_wconf 83' lang='lat' dir='ltr'><em>Ecclesia</em></span> <span class='ocrx_word' id='word_1_354' title='bbox 507 2621 548 2657; x_wconf 87' lang='lat' dir='ltr'><em>ad</em></span> <span class='ocrx_word' id='word_1_355' title='bbox 563 2620 809 2665; x_wconf 84' lang='lat' dir='ltr'><em>exprimendam</em></span> <span class='ocrx_word' id='word_1_356' title='bbox 836 2620 966 2661; x_wconf 87' lang='lat' dir='ltr'><em>Patris,</em></span> <span class='ocrx_word' id='word_1_357' title='bbox 992 2620 1068 2654; x_wconf 82' lang='lat' dir='ltr'>Filii</span> <span class='ocrx_word' id='word_1_358' title='bbox 1093 2622 1127 2655; x_wconf 88' lang='lat'>&amp;</span> 
     </span>
     <span class='ocr_line' id='line_1_51' title="bbox 245 2668 1127 2720; baseline -0.006 -9"><span class='ocrx_word' id='word_1_359' title='bbox 245 2676 383 2720; x_wconf 77' lang='lat' dir='ltr'><em>Spiritus</em></span> <span class='ocrx_word' id='word_1_360' title='bbox 409 2672 517 2708; x_wconf 70' lang='lat' dir='ltr'><em>Sansti</em></span> <span class='ocrx_word' id='word_1_361' title='bbox 541 2670 786 2707; x_wconf 70' lang='lat' dir='ltr'><em>distinctionem</em></span> <span class='ocrx_word' id='word_1_362' title='bbox 811 2695 822 2712; x_wconf 90' lang='lat'><em>,</em></span> <span class='ocrx_word' id='word_1_363' title='bbox 849 2670 1016 2705; x_wconf 79' lang='lat' dir='ltr'><em>induxerit</em></span> <span class='ocrx_word' id='word_1_364' title='bbox 1042 2668 1127 2706; x_wconf 89' lang='lat' dir='ltr'><em>hanc</em></span> 
     </span>
     <span class='ocr_line' id='line_1_52' title="bbox 246 2720 1127 2769; baseline -0.007 -7"><span class='ocrx_word' id='word_1_365' title='bbox 246 2724 510 2769; x_wconf 79' lang='lat' dir='ltr'><em>Propositionem</em></span> <span class='ocrx_word' id='word_1_366' title='bbox 532 2735 540 2755; x_wconf 68' lang='grc' dir='ltr'>ε</span> <span class='ocrx_word' id='word_1_367' title='bbox 565 2725 638 2756; x_wconf 84' lang='lat' dir='ltr'><em>Sunt</em></span> <span class='ocrx_word' id='word_1_368' title='bbox 665 2732 727 2756; x_wconf 82' lang='lat' dir='ltr'><em>tres</em></span> <span class='ocrx_word' id='word_1_369' title='bbox 751 2720 915 2765; x_wconf 71' lang='lat' dir='ltr'><em>Hypostases</em></span> <span class='ocrx_word' id='word_1_370' title='bbox 940 2745 947 2752; x_wconf 94' lang='lat'>.</span> <span class='ocrx_word' id='word_1_371' title='bbox 975 2721 1127 2756; x_wconf 88' lang='lat' dir='ltr'><em>Secundo</em></span> 
     </span>
     <span class='ocr_line' id='line_1_53' title="bbox 247 2769 1127 2820; baseline -0.006 -9"><span class='ocrx_word' id='word_1_372' title='bbox 247 2776 338 2820; x_wconf 78' lang='lat' dir='ltr'><em>quod</em></span> <span class='ocrx_word' id='word_1_373' title='bbox 352 2773 577 2810; x_wconf 78' lang='lat' dir='ltr'><em>Occidentalis</em></span> <span class='ocrx_word' id='word_1_374' title='bbox 588 2773 731 2808; x_wconf 75' lang='lat' dir='ltr'><em>Ecclesia</em></span> <span class='ocrx_word' id='word_1_375' title='bbox 756 2773 854 2808; x_wconf 87' lang='lat' dir='ltr'><em>fuerit</em></span> <span class='ocrx_word' id='word_1_376' title='bbox 874 2772 969 2806; x_wconf 78' lang='lat' dir='ltr'><em>istam</em></span> <span class='ocrx_word' id='word_1_377' title='bbox 981 2769 1127 2806; x_wconf 87' lang='lat' dir='ltr'><em>Phrasim</em></span> 
     </span>
     <span class='ocr_line' id='line_1_54' title="bbox 246 2820 1127 2868; baseline -0.007 -6"><span class='ocrx_word' id='word_1_378' title='bbox 246 2827 389 2862; x_wconf 76' lang='lat' dir='ltr'><em>aversata</em></span> <span class='ocrx_word' id='word_1_379' title='bbox 408 2837 419 2868; x_wconf 78' lang='lat'>3</span> <span class='ocrx_word' id='word_1_380' title='bbox 446 2820 597 2860; x_wconf 74' lang='lat' dir='ltr'><em>censeBat</em></span> <span class='ocrx_word' id='word_1_381' title='bbox 617 2823 706 2858; x_wconf 88' lang='lat' dir='ltr'><em>enim</em></span> <span class='ocrx_word' id='word_1_382' title='bbox 739 2821 937 2867; x_wconf 88' lang='lat' dir='ltr'><em>Hypostasin</em></span> <span class='ocrx_word' id='word_1_383' title='bbox 959 2822 1021 2856; x_wconf 81' lang='lat' dir='ltr'><em>esse</em></span> <span class='ocrx_word' id='word_1_384' title='bbox 1040 2821 1127 2856; x_wconf 87' lang='lat' dir='ltr'><em>idem</em></span> 
     </span>
     <span class='ocr_line' id='line_1_55' title="bbox 248 2871 1129 2916; baseline -0.007 -4"><span class='ocrx_word' id='word_1_385' title='bbox 248 2887 326 2912; x_wconf 87' lang='lat' dir='ltr'><em>cum</em></span> <span class='ocrx_word' id='word_1_386' title='bbox 346 2876 431 2911; x_wconf 85' lang='lat' dir='ltr'><em>Ufia</em></span> <span class='ocrx_word' id='word_1_387' title='bbox 445 2899 457 2916; x_wconf 87' lang='lat'><em>,</em></span> <span class='ocrx_word' id='word_1_388' title='bbox 482 2882 539 2912; x_wconf 82' lang='lat' dir='ltr'><em>aut</em></span> <span class='ocrx_word' id='word_1_389' title='bbox 560 2872 646 2909; x_wconf 65' lang='lat' dir='ltr'><em>certe</em></span> <span class='ocrx_word' id='word_1_390' title='bbox 666 2884 743 2908; x_wconf 89' lang='lat' dir='ltr'><em>cum</em></span> <span class='ocrx_word' id='word_1_391' title='bbox 764 2872 951 2907; x_wconf 82' lang='lat' dir='ltr'><em>Substantia</em></span> <span class='ocrx_word' id='word_1_392' title='bbox 973 2897 980 2903; x_wconf 94' lang='lat'><strong>.</strong></span> <span class='ocrx_word' id='word_1_393' title='bbox 1010 2871 1129 2907; x_wconf 87' lang='lat' dir='ltr'><em>Tertio</em></span> 
     </span>
     <span class='ocr_line' id='line_1_56' title="bbox 249 2920 1126 2972; baseline -0.006 -11"><span class='ocrx_word' id='word_1_394' title='bbox 249 2925 341 2972; x_wconf 84' lang='lat' dir='ltr'><em>quod</em></span> <span class='ocrx_word' id='word_1_395' title='bbox 367 2925 425 2958; x_wconf 84' lang='lat' dir='ltr'><em>ista</em></span> <span class='ocrx_word' id='word_1_396' title='bbox 449 2924 612 2959; x_wconf 83' lang='lat' dir='ltr'><em>discordia</em></span> <span class='ocrx_word' id='word_1_397' title='bbox 638 2924 737 2958; x_wconf 86' lang='lat' dir='ltr'><em>fuerit</em></span> <span class='ocrx_word' id='word_1_398' title='bbox 761 2933 837 2956; x_wconf 88' lang='lat' dir='ltr'><em>nata</em></span> <span class='ocrx_word' id='word_1_399' title='bbox 855 2920 1015 2972; x_wconf 24' lang='lat' dir='ltr'><em>&#39;angustia</em></span> <span class='ocrx_word' id='word_1_400' title='bbox 1036 2946 1048 2962; x_wconf 91' lang='lat'><em>,</em></span> <span class='ocrx_word' id='word_1_401' title='bbox 1073 2923 1126 2956; x_wconf 89' lang='lat' dir='ltr'><em>seu</em></span> 
     </span>
     <span class='ocr_line' id='line_1_57' title="bbox 249 2972 1128 3019; baseline -0.009 -7"><span class='ocrx_word' id='word_1_402' title='bbox 249 2976 366 3019; x_wconf 85' lang='lat' dir='ltr'><em>inopia</em></span> <span class='ocrx_word' id='word_1_403' title='bbox 379 2975 504 3009; x_wconf 76' lang='lat' dir='ltr'><em>Latinae</em></span> <span class='ocrx_word' id='word_1_404' title='bbox 525 2976 664 3019; x_wconf 85' lang='lat' dir='ltr'><em>linguae.</em></span> <span class='ocrx_word' id='word_1_405' title='bbox 691 2973 826 3008; x_wconf 83' lang='lat' dir='ltr'><em>Etenim</em></span> <span class='ocrx_word' id='word_1_406' title='bbox 839 2972 958 3007; x_wconf 87' lang='lat' dir='ltr'><em>Latina</em></span> <span class='ocrx_word' id='word_1_407' title='bbox 980 2981 1046 3005; x_wconf 86' lang='lat' dir='ltr'><em>vox</em></span> <span class='ocrx_word' id='word_1_408' title='bbox 1055 2972 1128 3006; x_wconf 79' lang='lat' dir='ltr'><em>Sub-</em></span> 
     </span>
     <span class='ocr_line' id='line_1_58' title="bbox 244 3022 1129 3070; baseline -0.006 -9"><span class='ocrx_word' id='word_1_409' title='bbox 244 3027 362 3070; x_wconf 78' lang='lat' dir='ltr'><em>stantia</em></span> <span class='ocrx_word' id='word_1_410' title='bbox 383 3035 453 3059; x_wconf 87' lang='lat' dir='ltr'><em>non</em></span> <span class='ocrx_word' id='word_1_411' title='bbox 473 3025 519 3058; x_wconf 85' lang='lat' dir='ltr'><em>est</em></span> <span class='ocrx_word' id='word_1_412' title='bbox 551 3024 681 3069; x_wconf 84' lang='lat' dir='ltr'><em>penitus</em></span> <span class='ocrx_word' id='word_1_413' title='bbox 706 3023 891 3067; x_wconf 85' lang='lat' dir='ltr'><em>Synonima</em></span> <span class='ocrx_word' id='word_1_414' title='bbox 917 3032 994 3056; x_wconf 88' lang='lat' dir='ltr'><em>cum</em></span> <span class='ocrx_word' id='word_1_415' title='bbox 1015 3022 1129 3056; x_wconf 83' lang='lat' dir='ltr'><em>Graeca</em></span> 
     </span>
     <span class='ocr_line' id='line_1_59' title="bbox 249 3071 1128 3118; baseline -0.006 -7"><span class='ocrx_word' id='word_1_416' title='bbox 249 3087 332 3112; x_wconf 90' lang='lat' dir='ltr'><em>voce</em></span> <span class='ocrx_word' id='word_1_417' title='bbox 343 3099 355 3116; x_wconf 88' lang='lat'>‚</span> <span class='ocrx_word' id='word_1_418' title='bbox 379 3073 550 3117; x_wconf 68' lang='lat' dir='ltr'><em>Hypostafis,</em></span> <span class='ocrx_word' id='word_1_419' title='bbox 561 3074 652 3118; x_wconf 83' lang='lat' dir='ltr'><em>cujus</em></span> <span class='ocrx_word' id='word_1_420' title='bbox 666 3075 833 3118; x_wconf 80' lang='lat' dir='ltr'><em>energiam</em></span> <span class='ocrx_word' id='word_1_421' title='bbox 843 3071 956 3107; x_wconf 82' lang='lat' dir='ltr'><em>Latini</em></span> <span class='ocrx_word' id='word_1_422' title='bbox 969 3082 1048 3106; x_wconf 87' lang='lat' dir='ltr'><em>tunc</em></span> <span class='ocrx_word' id='word_1_423' title='bbox 1060 3082 1128 3106; x_wconf 90' lang='lat' dir='ltr'><em>non</em></span> 
     </span>
    </p>
   </div>
   <div class='ocr_carea' id='block_1_6' title="bbox 249 3122 1132 3172">
    <p class='ocr_par' dir='ltr' id='par_1_7' title="bbox 249 3122 1132 3172">
     <span class='ocr_line' id='line_1_60' title="bbox 249 3122 1132 3172; baseline -0.008 -10"><span class='ocrx_word' id='word_1_424' title='bbox 249 3133 431 3172; x_wconf 83' lang='lat' dir='ltr'><em>potuerunt.</em></span> <span class='ocrx_word' id='word_1_425' title='bbox 452 3124 631 3167; x_wconf 73' lang='lat' dir='ltr'><em>exprrmere</em></span> <span class='ocrx_word' id='word_1_426' title='bbox 655 3136 663 3156; x_wconf 81' lang='lat' dir='ltr'>z</span> <span class='ocrx_word' id='word_1_427' title='bbox 702 3124 736 3158; x_wconf 89' lang='lat'>&amp;</span> <span class='ocrx_word' id='word_1_428' title='bbox 756 3122 798 3157; x_wconf 88' lang='lat' dir='ltr'><em>ad</em></span> <span class='ocrx_word' id='word_1_429' title='bbox 821 3124 924 3166; x_wconf 81' lang='lat' dir='ltr'><em>ipsam</em></span> <span class='ocrx_word' id='word_1_430' title='bbox 949 3122 1132 3165; x_wconf 84' lang='lat' dir='ltr'><em>exprimen-</em></span> 
     </span>
    </p>
   </div>
   <div class='ocr_carea' id='block_1_7' title="bbox 719 175 1547 228">
    <p class='ocr_par' dir='ltr' id='par_1_8' title="bbox 719 175 1547 228">
     <span class='ocr_line' id='line_1_61' title="bbox 719 175 1547 228; baseline 0.006 -7"><span class='ocrx_word' id='word_1_431' title='bbox 719 194 722 197; x_wconf 92' lang='lat'>·</span> <span class='ocrx_word' id='word_1_432' title='bbox 771 175 1190 226; x_wconf 67' lang='lat' dir='ltr'><em>Drssrnrarto</em></span> <span class='ocrx_word' id='word_1_433' title='bbox 1226 176 1547 228; x_wconf 73' lang='lat' dir='ltr'><em>PosrnoMA</em></span> 
     </span>
    </p>
   </div>
   <div class='ocr_carea' id='block_1_8' title="bbox 1188 257 2095 2613">
    <p class='ocr_par' dir='ltr' id='par_1_9' title="bbox 1188 257 2095 2613">
     <span class='ocr_line' id='line_1_62' title="bbox 1191 257 2074 309; baseline 0.018 -18"><span class='ocrx_word' id='word_1_434' title='bbox 1191 257 1258 291; x_wconf 86' lang='lat' dir='ltr'><em>nis.</em></span> <span class='ocrx_word' id='word_1_435' title='bbox 1286 260 1387 297; x_wconf 82' lang='lat' dir='ltr'><em>Sexto</em></span> <span class='ocrx_word' id='word_1_436' title='bbox 1402 261 1491 309; x_wconf 73' lang='lat' dir='ltr'><em>quod</em></span> <span class='ocrx_word' id='word_1_437' title='bbox 1516 259 1583 296; x_wconf 77' lang='lat' dir='ltr'><em>baec</em></span> <span class='ocrx_word' id='word_1_438' title='bbox 1607 263 1808 307; x_wconf 19' lang='lat' dir='ltr'><em>videam-*ae</em></span> <span class='ocrx_word' id='word_1_439' title='bbox 1827 276 1979 304; x_wconf 79' lang='lat' dir='ltr'><em>metue-ns</em></span> <span class='ocrx_word' id='word_1_440' title='bbox 1996 269 2074 306; x_wconf 54' lang='lat' dir='ltr'><em>Mai</em></span> 
     </span>
     <span class='ocr_line' id='line_1_63' title="bbox 1189 307 2078 364; baseline 0.018 -24"><span class='ocrx_word' id='word_1_441' title='bbox 1189 318 1275 350; x_wconf 87' lang='lat' dir='ltr'><em>gnus</em></span> <span class='ocrx_word' id='word_1_442' title='bbox 1295 308 1499 346; x_wconf 73' lang='lat' dir='ltr'><em>Athanafius·</em></span> <span class='ocrx_word' id='word_1_443' title='bbox 1515 311 1628 350; x_wconf 70' lang='lat' dir='ltr'><em>Partes</em></span> <span class='ocrx_word' id='word_1_444' title='bbox 1651 311 1839 360; x_wconf 46' lang='lat' dir='ltr'><em>accidui-it,</em></span> <span class='ocrx_word' id='word_1_445' title='bbox 1863 321 1909 354; x_wconf 31' lang='lat' dir='ltr'><em>f&amp;</em></span> <span class='ocrx_word' id='word_1_446' title='bbox 1928 307 2078 364; x_wconf 75' lang='lat' dir='ltr'><em>ipsarum·</em></span> 
     </span>
     <span class='ocr_line' id='line_1_64' title="bbox 1189 358 2075 410; baseline 0.011 -19"><span class='ocrx_word' id='word_1_447' title='bbox 1189 358 1278 394; x_wconf 86' lang='lat' dir='ltr'><em>sensa</em></span> <span class='ocrx_word' id='word_1_448' title='bbox 1301 361 1501 404; x_wconf 78' lang='lat' dir='ltr'><em>inquisierit.</em></span> <span class='ocrx_word' id='word_1_449' title='bbox 1530 362 1678 406; x_wconf 70' lang='lat' dir='ltr'><em>septime,</em></span> <span class='ocrx_word' id='word_1_450' title='bbox 1699 365 1789 408; x_wconf 85' lang='lat' dir='ltr'><em>quod</em></span> <span class='ocrx_word' id='word_1_451' title='bbox 1808 366 1895 410; x_wconf 51' lang='lat' dir='ltr'><em>ipsis,</em></span> <span class='ocrx_word' id='word_1_452' title='bbox 1908 369 2075 405; x_wconf 76' lang='lat' dir='ltr'><em>invenerit</em></span> 
     </span>
     <span class='ocr_line' id='line_1_65' title="bbox 1191 410 2072 455; baseline 0.015 -12"><span class='ocrx_word' id='word_1_453' title='bbox 1191 410 1310 444; x_wconf 85' lang='lat' dir='ltr'><em>sentire</em></span> <span class='ocrx_word' id='word_1_454' title='bbox 1322 410 1406 446; x_wconf 81' lang='lat' dir='ltr'><em>idem</em></span> <span class='ocrx_word' id='word_1_455' title='bbox 1418 436 1429 452; x_wconf 87' lang='lat'>‚</span> <span class='ocrx_word' id='word_1_456' title='bbox 1455 410 1619 447; x_wconf 77' lang='lat' dir='ltr'><em>dissentire</em></span> <span class='ocrx_word' id='word_1_457' title='bbox 1631 414 1664 451; x_wconf 85' lang='lat' dir='ltr'><em>in</em></span> <span class='ocrx_word' id='word_1_458' title='bbox 1677 415 1753 448; x_wconf 90' lang='lat' dir='ltr'><em>solis</em></span> <span class='ocrx_word' id='word_1_459' title='bbox 1765 415 1917 451; x_wconf 79' lang='lat' dir='ltr'><em>vocibus.</em></span> <span class='ocrx_word' id='word_1_460' title='bbox 1942 421 2072 455; x_wconf 70' lang='lat' dir='ltr'><em>Ostavo</em></span> 
     </span>
     <span class='ocr_line' id='line_1_66' title="bbox 1189 460 2071 514; baseline 0.011 -20"><span class='ocrx_word' id='word_1_461' title='bbox 1189 460 1278 503; x_wconf 82' lang='lat' dir='ltr'><em>quod</em></span> <span class='ocrx_word' id='word_1_462' title='bbox 1302 462 1433 505; x_wconf 79' lang='lat' dir='ltr'><em>ipsasin</em></span> <span class='ocrx_word' id='word_1_463' title='bbox 1454 465 1667 498; x_wconf 85' lang='lat' dir='ltr'><em>concordiam</em></span> <span class='ocrx_word' id='word_1_464' title='bbox 1685 464 1833 514; x_wconf 75' lang='lat' dir='ltr'><em>duxerit.</em></span> <span class='ocrx_word' id='word_1_465' title='bbox 1861 466 2071 514; x_wconf 33' lang='lat' dir='ltr'><em>Nono‘quod</em></span> 
     </span>
     <span class='ocr_line' id='line_1_67' title="bbox 1190 510 2073 556; baseline 0.01 -12"><span class='ocrx_word' id='word_1_466' title='bbox 1190 510 1385 546; x_wconf 78' lang='lat' dir='ltr'><em>Concordia:</em></span> <span class='ocrx_word' id='word_1_467' title='bbox 1394 532 1399 542; x_wconf 68' lang='lat'><strong>2</strong></span> <span class='ocrx_word' id='word_1_468' title='bbox 1408 514 1559 548; x_wconf 90' lang='lat' dir='ltr'><em>conditio</em></span> <span class='ocrx_word' id='word_1_469' title='bbox 1571 515 1668 548; x_wconf 90' lang='lat' dir='ltr'><em>fuerit</em></span> <span class='ocrx_word' id='word_1_470' title='bbox 1680 538 1691 554; x_wconf 86' lang='lat'><em>,</em></span> <span class='ocrx_word' id='word_1_471' title='bbox 1719 527 1753 549; x_wconf 87' lang='lat' dir='ltr'><em>ut</em></span> <span class='ocrx_word' id='word_1_472' title='bbox 1766 515 1879 550; x_wconf 90' lang='lat' dir='ltr'><em>Latini</em></span> <span class='ocrx_word' id='word_1_473' title='bbox 1890 524 1954 551; x_wconf 86' lang='lat' dir='ltr'><em>tres</em></span> <span class='ocrx_word' id='word_1_474' title='bbox 1965 517 2073 556; x_wconf 83' lang='lat' dir='ltr'><em>Perso-</em></span> 
     </span>
     <span class='ocr_line' id='line_1_68' title="bbox 1190 562 2072 609; baseline 0.009 -13"><span class='ocrx_word' id='word_1_475' title='bbox 1190 572 1268 601; x_wconf 80' lang='lat' dir='ltr'><em>nas,</em></span> <span class='ocrx_word' id='word_1_476' title='bbox 1295 562 1398 597; x_wconf 88' lang='lat' dir='ltr'><em>Graeci</em></span> <span class='ocrx_word' id='word_1_477' title='bbox 1420 564 1566 598; x_wconf 82' lang='lat' dir='ltr'><em>dicerent</em></span> <span class='ocrx_word' id='word_1_478' title='bbox 1586 575 1651 599; x_wconf 85' lang='lat' dir='ltr'><em>tres</em></span> <span class='ocrx_word' id='word_1_479' title='bbox 1662 565 1887 609; x_wconf 85' lang='lat' dir='ltr'><em>Hypostases,</em></span> <span class='ocrx_word' id='word_1_480' title='bbox 1913 567 2072 604; x_wconf 68' lang='lat' dir='ltr'><em>&amp;neutra</em></span> 
     </span>
     <span class='ocr_line' id='line_1_69' title="bbox 1189 612 2073 655; baseline 0.01 -11"><span class='ocrx_word' id='word_1_481' title='bbox 1189 622 1259 655; x_wconf 88' lang='lat' dir='ltr'><em>pars</em></span> <span class='ocrx_word' id='word_1_482' title='bbox 1280 612 1412 646; x_wconf 87' lang='lat' dir='ltr'><em>alterius</em></span> <span class='ocrx_word' id='word_1_483' title='bbox 1439 613 1585 649; x_wconf 87' lang='lat' dir='ltr'><em>Phrasim</em></span> <span class='ocrx_word' id='word_1_484' title='bbox 1614 626 1744 650; x_wconf 85' lang='lat' dir='ltr'><em>notaret</em></span> <span class='ocrx_word' id='word_1_485' title='bbox 1769 642 1777 649; x_wconf 92' lang='lat'><strong><em>.</em></strong></span> <span class='ocrx_word' id='word_1_486' title='bbox 1804 617 1948 652; x_wconf 87' lang='lat' dir='ltr'><em>Decimo</em></span> <span class='ocrx_word' id='word_1_487' title='bbox 1980 618 2073 653; x_wconf 88' lang='lat' dir='ltr'><em>addit</em></span> 
     </span>
     <span class='ocr_line' id='line_1_70' title="bbox 1190 662 2076 711; baseline 0.009 -16"><span class='ocrx_word' id='word_1_488' title='bbox 1190 662 1274 695; x_wconf 85' lang='lat' dir='ltr'><em>istud</em></span> <span class='ocrx_word' id='word_1_489' title='bbox 1288 665 1400 697; x_wconf 85' lang='lat' dir='ltr'><em>omnia</em></span> <span class='ocrx_word' id='word_1_490' title='bbox 1422 664 1508 698; x_wconf 90' lang='lat' dir='ltr'><em>inter</em></span> <span class='ocrx_word' id='word_1_491' title='bbox 1520 663 1694 700; x_wconf 79' lang='lat' dir='ltr'><em>Athanasii</em></span> <span class='ocrx_word' id='word_1_492' title='bbox 1715 678 1811 710; x_wconf 86' lang='lat' dir='ltr'><em>opera</em></span> <span class='ocrx_word' id='word_1_493' title='bbox 1823 668 1918 703; x_wconf 70' lang='lat' dir='ltr'><em>fuisse</em></span> <span class='ocrx_word' id='word_1_494' title='bbox 1930 668 2076 711; x_wconf 80' lang='lat' dir='ltr'><em>praestan-</em></span> 
     </span>
     <span class='ocr_line' id='line_1_71' title="bbox 1190 712 2074 762; baseline 0.011 -18"><span class='ocrx_word' id='word_1_495' title='bbox 1190 712 1346 748; x_wconf 83' lang='lat' dir='ltr'><em>tiffimum</em></span> <span class='ocrx_word' id='word_1_496' title='bbox 1359 738 1367 745; x_wconf 90' lang='lat'>.</span> <span class='ocrx_word' id='word_1_497' title='bbox 1394 713 1471 749; x_wconf 91' lang='lat' dir='ltr'><em>Hoc</em></span> <span class='ocrx_word' id='word_1_498' title='bbox 1494 715 1539 749; x_wconf 88' lang='lat' dir='ltr'><em>est</em></span> <span class='ocrx_word' id='word_1_499' title='bbox 1561 715 1729 751; x_wconf 87' lang='lat' dir='ltr'><em>laudatum</em></span> <span class='ocrx_word' id='word_1_500' title='bbox 1741 718 1885 753; x_wconf 54' lang='lat' dir='ltr'><em>&amp;sancto</em></span> <span class='ocrx_word' id='word_1_501' title='bbox 1904 719 2074 762; x_wconf 85' lang='lat' dir='ltr'><em>Hierony·</em></span> 
     </span>
     <span class='ocr_line' id='line_1_72' title="bbox 1190 762 2046 809; baseline 0.005 -12"><span class='ocrx_word' id='word_1_502' title='bbox 1190 774 1247 797; x_wconf 89' lang='lat' dir='ltr'><em>mo</em></span> <span class='ocrx_word' id='word_1_503' title='bbox 1259 762 1520 799; x_wconf 79' lang='lat' dir='ltr'><em>Alexandrinum</em></span> <span class='ocrx_word' id='word_1_504' title='bbox 1535 765 1646 809; x_wconf 65' lang='lat' dir='ltr'><em>junCio</em></span> <span class='ocrx_word' id='word_1_505' title='bbox 1660 767 1847 803; x_wconf 87' lang='lat' dir='ltr'><em>Occidente</em></span> <span class='ocrx_word' id='word_1_506' title='bbox 1854 768 2022 804; x_wconf 80' lang='lat' dir='ltr'><em>decretum</em></span> <span class='ocrx_word' id='word_1_507' title='bbox 2038 794 2046 801; x_wconf 92' lang='lat'><strong>.</strong></span> 
     </span>
     <span class='ocr_line' id='line_1_73' title="bbox 1241 812 2074 860; baseline 0.008 -13"><span class='ocrx_word' id='word_1_508' title='bbox 1241 814 1375 848; x_wconf 64' lang='lat' dir='ltr'><em>Fadium</em></span> <span class='ocrx_word' id='word_1_509' title='bbox 1401 812 1466 850; x_wconf 90' lang='lat' dir='ltr'><em>hoc</em></span> <span class='ocrx_word' id='word_1_510' title='bbox 1479 815 1523 850; x_wconf 85' lang='lat' dir='ltr'><em>est</em></span> <span class='ocrx_word' id='word_1_511' title='bbox 1546 817 1650 860; x_wconf 88' lang='lat' dir='ltr'><em>quarti</em></span> <span class='ocrx_word' id='word_1_512' title='bbox 1663 816 1842 854; x_wconf 82' lang='lat' dir='ltr'><em>Christiani</em></span> <span class='ocrx_word' id='word_1_513' title='bbox 1865 819 2074 854; x_wconf 80' lang='lat' dir='ltr'><em>saeculianno</em></span> 
     </span>
     <span class='ocr_line' id='line_1_74' title="bbox 1190 865 2073 911; baseline 0.007 -14"><span class='ocrx_word' id='word_1_514' title='bbox 1190 865 1391 908; x_wconf 84' lang='lat' dir='ltr'><em>sexagesimo</em></span> <span class='ocrx_word' id='word_1_515' title='bbox 1412 866 1555 900; x_wconf 86' lang='lat' dir='ltr'><em>secundo</em></span> <span class='ocrx_word' id='word_1_516' title='bbox 1569 891 1580 907; x_wconf 95' lang='lat'>‚</span> <span class='ocrx_word' id='word_1_517' title='bbox 1606 868 1642 902; x_wconf 89' lang='lat' dir='ltr'><em>in</em></span> <span class='ocrx_word' id='word_1_518' title='bbox 1653 879 1721 911; x_wconf 88' lang='lat' dir='ltr'><em>quo</em></span> <span class='ocrx_word' id='word_1_519' title='bbox 1733 869 1904 903; x_wconf 67' lang='lat' dir='ltr'><em>defunctus</em></span> <span class='ocrx_word' id='word_1_520' title='bbox 1923 869 1969 904; x_wconf 86' lang='lat' dir='ltr'><em>est</em></span> <span class='ocrx_word' id='word_1_521' title='bbox 1982 869 2073 904; x_wconf 90' lang='lat' dir='ltr'><em>Con-</em></span> 
     </span>
     <span class='ocr_line' id='line_1_75' title="bbox 1193 914 2073 962; baseline 0.008 -15"><span class='ocrx_word' id='word_1_522' title='bbox 1193 914 1350 957; x_wconf 85' lang='lat' dir='ltr'><em>stantius,</em></span> <span class='ocrx_word' id='word_1_523' title='bbox 1376 927 1413 949; x_wconf 88' lang='lat' dir='ltr'><em>ac</em></span> <span class='ocrx_word' id='word_1_524' title='bbox 1425 916 1576 960; x_wconf 84' lang='lat' dir='ltr'><em>Julianus</em></span> <span class='ocrx_word' id='word_1_525' title='bbox 1597 917 1697 951; x_wconf 86' lang='lat' dir='ltr'><em>inivit</em></span> <span class='ocrx_word' id='word_1_526' title='bbox 1718 919 1912 962; x_wconf 80' lang='lat' dir='ltr'><em>Imperium.</em></span> <span class='ocrx_word' id='word_1_527' title='bbox 1938 919 2073 954; x_wconf 75' lang='lat' dir='ltr'><em>Etenim</em></span> 
     </span>
     <span class='ocr_line' id='line_1_76' title="bbox 1192 965 2076 1005; baseline 0.008 -8"><span class='ocrx_word' id='word_1_528' title='bbox 1192 973 1272 998; x_wconf 89' lang='lat' dir='ltr'><em>tunc</em></span> <span class='ocrx_word' id='word_1_529' title='bbox 1282 965 1324 999; x_wconf 80' lang='lat' dir='ltr'><em>ab</em></span> <span class='ocrx_word' id='word_1_530' title='bbox 1333 966 1434 999; x_wconf 87' lang='lat' dir='ltr'><em>exilio</em></span> <span class='ocrx_word' id='word_1_531' title='bbox 1446 965 1684 1002; x_wconf 84' lang='lat' dir='ltr'><em>Alexandriam</em></span> <span class='ocrx_word' id='word_1_532' title='bbox 1703 969 1804 1003; x_wconf 83' lang='lat' dir='ltr'><em>redux</em></span> <span class='ocrx_word' id='word_1_533' title='bbox 1817 967 2014 1004; x_wconf 83' lang='lat' dir='ltr'><em>Athanasius</em></span> <span class='ocrx_word' id='word_1_534' title='bbox 2025 981 2076 1005; x_wconf 88' lang='lat' dir='ltr'><em>ce-</em></span> 
     </span>
     <span class='ocr_line' id='line_1_77' title="bbox 1191 1014 2095 1060; baseline 0.008 -13"><span class='ocrx_word' id='word_1_535' title='bbox 1191 1014 1330 1050; x_wconf 84' lang='lat' dir='ltr'><em>lebravit</em></span> <span class='ocrx_word' id='word_1_536' title='bbox 1351 1016 1618 1052; x_wconf 75' lang='lat' dir='ltr'><em>solemnissimam</em></span> <span class='ocrx_word' id='word_1_537' title='bbox 1630 1018 1827 1060; x_wconf 84' lang='lat' dir='ltr'><em>synodum,</em></span> <span class='ocrx_word' id='word_1_538' title='bbox 1851 1019 1904 1053; x_wconf 87' lang='lat' dir='ltr'><em>eui</em></span> <span class='ocrx_word' id='word_1_539' title='bbox 1916 1019 2021 1054; x_wconf 86' lang='lat' dir='ltr'><em>adfuit</em></span> <span class='ocrx_word' id='word_1_540' title='bbox 2039 1021 2075 1054; x_wconf 77' lang='grc' dir='ltr'><em>δε</em></span> <span class='ocrx_word' id='word_1_541' title='bbox 2092 1038 2095 1040; x_wconf 90' lang='grc'>-</span> 
     </span>
     <span class='ocr_line' id='line_1_78' title="bbox 1192 1065 2075 1114; baseline 0.006 -15"><span class='ocrx_word' id='word_1_542' title='bbox 1192 1065 1326 1100; x_wconf 66' lang='lat' dir='ltr'><em>Sanetus</em></span> <span class='ocrx_word' id='word_1_543' title='bbox 1338 1066 1501 1101; x_wconf 87' lang='lat' dir='ltr'><em>Eusebius</em></span> <span class='ocrx_word' id='word_1_544' title='bbox 1528 1066 1743 1103; x_wconf 86' lang='lat' dir='ltr'><em>Vercellenfis</em></span> <span class='ocrx_word' id='word_1_545' title='bbox 1755 1069 1956 1114; x_wconf 85' lang='lat' dir='ltr'><em>Episcopus,</em></span> <span class='ocrx_word' id='word_1_546' title='bbox 1981 1069 2075 1105; x_wconf 82' lang='lat' dir='ltr'><em>acle-</em></span> 
     </span>
     <span class='ocr_line' id='line_1_79' title="bbox 1191 1116 2076 1161; baseline 0.006 -12"><span class='ocrx_word' id='word_1_547' title='bbox 1191 1116 1283 1159; x_wconf 82' lang='lat' dir='ltr'><em>gatio</em></span> <span class='ocrx_word' id='word_1_548' title='bbox 1306 1116 1449 1151; x_wconf 85' lang='lat' dir='ltr'><em>Luciferi</em></span> <span class='ocrx_word' id='word_1_549' title='bbox 1469 1117 1690 1161; x_wconf 74' lang='lat' dir='ltr'><em>Metropolitae</em></span> <span class='ocrx_word' id='word_1_550' title='bbox 1711 1119 1892 1154; x_wconf 81' lang='lat' dir='ltr'><em>calaritani</em></span> <span class='ocrx_word' id='word_1_551' title='bbox 1909 1145 1921 1161; x_wconf 90' lang='lat'><em>,</em></span> <span class='ocrx_word' id='word_1_552' title='bbox 1947 1119 2076 1154; x_wconf 74' lang='lat' dir='ltr'><em>Heren—</em></span> 
     </span>
     <span class='ocr_line' id='line_1_80' title="bbox 1193 1166 2076 1212; baseline 0.007 -13"><span class='ocrx_word' id='word_1_553' title='bbox 1193 1166 1266 1201; x_wconf 88' lang='lat' dir='ltr'><em>nius</em></span> <span class='ocrx_word' id='word_1_554' title='bbox 1286 1167 1321 1200; x_wconf 86' lang='lat'>&amp;</span> <span class='ocrx_word' id='word_1_555' title='bbox 1344 1167 1513 1211; x_wconf 79' lang='lat' dir='ltr'><em>Agapetus</em></span> <span class='ocrx_word' id='word_1_556' title='bbox 1533 1169 1680 1203; x_wconf 84' lang='lat' dir='ltr'><em>Diaconi</em></span> <span class='ocrx_word' id='word_1_557' title='bbox 1707 1181 1717 1212; x_wconf 80' lang='lat'>3</span> <span class='ocrx_word' id='word_1_558' title='bbox 1746 1170 1878 1205; x_wconf 89' lang='lat' dir='ltr'><em>aderant</em></span> <span class='ocrx_word' id='word_1_559' title='bbox 1899 1170 1978 1204; x_wconf 88' lang='lat' dir='ltr'><em>item</em></span> <span class='ocrx_word' id='word_1_560' title='bbox 1994 1171 2076 1205; x_wconf 84' lang='lat' dir='ltr'><em>Dia·</em></span> 
     </span>
     <span class='ocr_line' id='line_1_81' title="bbox 1192 1216 2071 1266; baseline 0.007 -17"><span class='ocrx_word' id='word_1_561' title='bbox 1192 1216 1268 1250; x_wconf 91' lang='lat' dir='ltr'><em>coni</em></span> <span class='ocrx_word' id='word_1_562' title='bbox 1291 1216 1461 1251; x_wconf 83' lang='lat' dir='ltr'><em>Maximus</em></span> <span class='ocrx_word' id='word_1_563' title='bbox 1483 1218 1518 1251; x_wconf 88' lang='lat'>&amp;</span> <span class='ocrx_word' id='word_1_564' title='bbox 1541 1218 1761 1262; x_wconf 77' lang='lat' dir='ltr'><em>Calemerius,</em></span> <span class='ocrx_word' id='word_1_565' title='bbox 1789 1220 1913 1266; x_wconf 87' lang='lat' dir='ltr'><em>legatio</em></span> <span class='ocrx_word' id='word_1_566' title='bbox 1932 1220 2071 1255; x_wconf 86' lang='lat' dir='ltr'><em>Paulini</em></span> 
     </span>
     <span class='ocr_line' id='line_1_82' title="bbox 1192 1265 2075 1316; baseline 0.008 -17"><span class='ocrx_word' id='word_1_567' title='bbox 1192 1265 1386 1301; x_wconf 83' lang='lat' dir='ltr'><em>Patriarchae</em></span> <span class='ocrx_word' id='word_1_568' title='bbox 1408 1267 1614 1304; x_wconf 86' lang='lat' dir='ltr'><em>Antiocheni</em></span> <span class='ocrx_word' id='word_1_569' title='bbox 1629 1295 1636 1302; x_wconf 93' lang='lat'><em>.</em></span> <span class='ocrx_word' id='word_1_570' title='bbox 1665 1269 1744 1304; x_wconf 86' lang='lat' dir='ltr'><em>Erat</em></span> <span class='ocrx_word' id='word_1_571' title='bbox 1764 1270 1867 1316; x_wconf 89' lang='lat' dir='ltr'><em>igitur</em></span> <span class='ocrx_word' id='word_1_572' title='bbox 1887 1272 1992 1315; x_wconf 83' lang='lat' dir='ltr'><em>ampla</em></span> <span class='ocrx_word' id='word_1_573' title='bbox 2015 1272 2075 1316; x_wconf 85' lang='lat' dir='ltr'><em>Sy-</em></span> 
     </span>
     <span class='ocr_line' id='line_1_83' title="bbox 1192 1317 2073 1365; baseline 0.007 -16"><span class='ocrx_word' id='word_1_574' title='bbox 1192 1317 1300 1350; x_wconf 87' lang='lat' dir='ltr'><em>nodus</em></span> <span class='ocrx_word' id='word_1_575' title='bbox 1326 1342 1333 1349; x_wconf 89' lang='lat'><strong>.</strong></span> <span class='ocrx_word' id='word_1_576' title='bbox 1371 1319 1502 1353; x_wconf 83' lang='lat' dir='ltr'><em>sancita</em></span> <span class='ocrx_word' id='word_1_577' title='bbox 1545 1321 1621 1353; x_wconf 85' lang='lat' dir='ltr'><em>sunt</em></span> <span class='ocrx_word' id='word_1_578' title='bbox 1647 1319 1742 1354; x_wconf 85' lang='lat' dir='ltr'><em>isthic</em></span> <span class='ocrx_word' id='word_1_579' title='bbox 1768 1322 1857 1354; x_wconf 89' lang='lat' dir='ltr'><em>varia</em></span> <span class='ocrx_word' id='word_1_580' title='bbox 1883 1344 1896 1361; x_wconf 88' lang='lat'><em>,</em></span> <span class='ocrx_word' id='word_1_581' title='bbox 1930 1332 2073 1365; x_wconf 87' lang='lat' dir='ltr'><em>quorum</em></span> 
     </span>
     <span class='ocr_line' id='line_1_84' title="bbox 1193 1366 2072 1409; baseline 0.005 -9"><span class='ocrx_word' id='word_1_582' title='bbox 1193 1378 1295 1401; x_wconf 85' lang='lat' dir='ltr'><em>unum</em></span> <span class='ocrx_word' id='word_1_583' title='bbox 1309 1367 1372 1401; x_wconf 90' lang='lat' dir='ltr'><em>fuit</em></span> <span class='ocrx_word' id='word_1_584' title='bbox 1398 1366 1463 1402; x_wconf 91' lang='lat' dir='ltr'><em>hoc</em></span> <span class='ocrx_word' id='word_1_585' title='bbox 1479 1381 1485 1402; x_wconf 90' lang='lat'>:</span> <span class='ocrx_word' id='word_1_586' title='bbox 1513 1370 1677 1402; x_wconf 82' lang='lat' dir='ltr'><em>Eademin</em></span> <span class='ocrx_word' id='word_1_587' title='bbox 1697 1371 1804 1409; x_wconf 77' lang='lat' dir='ltr'><em>synodo</em></span> <span class='ocrx_word' id='word_1_588' title='bbox 1818 1377 1909 1404; x_wconf 87' lang='lat' dir='ltr'><em>etiam</em></span> <span class='ocrx_word' id='word_1_589' title='bbox 1929 1371 2072 1404; x_wconf 78' lang='lat' dir='ltr'><em>vocabula</em></span> 
     </span>
     <span class='ocr_line' id='line_1_85' title="bbox 1194 1415 2072 1464; baseline 0.006 -15"><span class='ocrx_word' id='word_1_590' title='bbox 1194 1415 1275 1458; x_wconf 87' lang='lat' dir='ltr'><em>Ufias</em></span> <span class='ocrx_word' id='word_1_591' title='bbox 1296 1418 1332 1450; x_wconf 61' lang='grc' dir='ltr'><em>ὠ·</em></span> <span class='ocrx_word' id='word_1_592' title='bbox 1357 1416 1538 1461; x_wconf 59' lang='lat' dir='ltr'><em>&amp;ypostaseos</em></span> <span class='ocrx_word' id='word_1_593' title='bbox 1559 1418 1687 1462; x_wconf 79' lang='lat' dir='ltr'><em>expofita</em></span> <span class='ocrx_word' id='word_1_594' title='bbox 1709 1429 1799 1463; x_wconf 86' lang='lat' dir='ltr'><em>atque</em></span> <span class='ocrx_word' id='word_1_595' title='bbox 1820 1422 1971 1463; x_wconf 75' lang='lat' dir='ltr'><em>explicata</em></span> <span class='ocrx_word' id='word_1_596' title='bbox 1980 1418 2072 1464; x_wconf 67' lang='lat' dir='ltr'><em>suno.</em></span> 
     </span>
     <span class='ocr_line' id='line_1_86' title="bbox 1192 1464 2075 1510; baseline 0.009 -12"><span class='ocrx_word' id='word_1_597' title='bbox 1192 1470 1285 1509; x_wconf 78' lang='lat' dir='ltr'><em>Atque</em></span> <span class='ocrx_word' id='word_1_598' title='bbox 1307 1464 1415 1509; x_wconf 57' lang='lat' dir='ltr'><em>diserte</em></span> <span class='ocrx_word' id='word_1_599' title='bbox 1425 1465 1608 1508; x_wconf 79' lang='lat' dir='ltr'><em>constitutum</em></span> <span class='ocrx_word' id='word_1_600' title='bbox 1628 1469 1667 1510; x_wconf 76' lang='lat' dir='ltr'><em>est</em></span> <span class='ocrx_word' id='word_1_601' title='bbox 1679 1493 1691 1509; x_wconf 91' lang='lat'><em>,</em></span> <span class='ocrx_word' id='word_1_602' title='bbox 1715 1471 1834 1505; x_wconf 80' lang='lat' dir='ltr'><em>vocibus</em></span> <span class='ocrx_word' id='word_1_603' title='bbox 1846 1472 1906 1505; x_wconf 73' lang='lat' dir='ltr'><em>illis</em></span> <span class='ocrx_word' id='word_1_604' title='bbox 1928 1471 2075 1506; x_wconf 87' lang='lat' dir='ltr'><em>utendum</em></span> 
     </span>
     <span class='ocr_line' id='line_1_87' title="bbox 1191 1515 2074 1562; baseline 0.008 -14"><span class='ocrx_word' id='word_1_605' title='bbox 1191 1516 1242 1559; x_wconf 75' lang='lat' dir='ltr'><em>effe</em></span> <span class='ocrx_word' id='word_1_606' title='bbox 1258 1515 1352 1559; x_wconf 89' lang='lat' dir='ltr'><em>solum</em></span> <span class='ocrx_word' id='word_1_607' title='bbox 1372 1526 1475 1551; x_wconf 86' lang='lat' dir='ltr'><em>contra</em></span> <span class='ocrx_word' id='word_1_608' title='bbox 1487 1517 1667 1559; x_wconf 77' lang='lat' dir='ltr'><em>sabellium,</em></span> <span class='ocrx_word' id='word_1_609' title='bbox 1692 1532 1729 1554; x_wconf 83' lang='lat' dir='ltr'><em>ne</em></span> <span class='ocrx_word' id='word_1_610' title='bbox 1742 1527 1843 1562; x_wconf 76' lang='lat' dir='ltr'><em>inopia</em></span> <span class='ocrx_word' id='word_1_611' title='bbox 1856 1545 1866 1562; x_wconf 92' lang='lat'><em>,</em></span> <span class='ocrx_word' id='word_1_612' title='bbox 1892 1522 1988 1555; x_wconf 78' lang='lat' dir='ltr'><em>veluti</em></span> <span class='ocrx_word' id='word_1_613' title='bbox 2009 1516 2074 1555; x_wconf 72' lang='lat' dir='ltr'><em>una</em></span> 
     </span>
     <span class='ocr_line' id='line_1_88' title="bbox 1192 1569 2077 1613; baseline 0.005 -14"><span class='ocrx_word' id='word_1_614' title='bbox 1192 1578 1240 1600; x_wconf 86' lang='lat' dir='ltr'><em>res</em></span> <span class='ocrx_word' id='word_1_615' title='bbox 1253 1572 1422 1602; x_wconf 78' lang='lat' dir='ltr'><em>trinominis</em></span> <span class='ocrx_word' id='word_1_616' title='bbox 1439 1573 1472 1601; x_wconf 83' lang='lat' dir='ltr'><em>in</em></span> <span class='ocrx_word' id='word_1_617' title='bbox 1487 1571 1694 1603; x_wconf 84' lang='lat' dir='ltr'><em>Divinitatem</em></span> <span class='ocrx_word' id='word_1_618' title='bbox 1704 1569 1754 1613; x_wconf 82' lang='lat' dir='ltr'><em>effe</em></span> <span class='ocrx_word' id='word_1_619' title='bbox 1758 1579 1931 1612; x_wconf 84' lang='lat' dir='ltr'><em>putaretur,</em></span> <span class='ocrx_word' id='word_1_620' title='bbox 1942 1582 2006 1604; x_wconf 86' lang='lat' dir='ltr'><em>cum</em></span> <span class='ocrx_word' id='word_1_621' title='bbox 2017 1573 2077 1604; x_wconf 87' lang='lat' dir='ltr'><em>Pa-</em></span> 
     </span>
     <span class='ocr_line' id='line_1_89' title="bbox 1193 1619 2076 1663; baseline 0.005 -13"><span class='ocrx_word' id='word_1_622' title='bbox 1193 1623 1250 1650; x_wconf 84' lang='lat' dir='ltr'><em>tris</em></span> <span class='ocrx_word' id='word_1_623' title='bbox 1266 1642 1277 1659; x_wconf 92' lang='lat'>‚</span> <span class='ocrx_word' id='word_1_624' title='bbox 1304 1619 1399 1659; x_wconf 79' lang='lat' dir='ltr'><em>Filii,</em></span> <span class='ocrx_word' id='word_1_625' title='bbox 1425 1619 1600 1660; x_wconf 68' lang='lat' dir='ltr'><em>&amp;spiritus</em></span> <span class='ocrx_word' id='word_1_626' title='bbox 1610 1619 1712 1653; x_wconf 68' lang='lat' dir='ltr'><em>sanlli</em></span> <span class='ocrx_word' id='word_1_627' title='bbox 1729 1626 1849 1654; x_wconf 85' lang='lat' dir='ltr'><em>nomina</em></span> <span class='ocrx_word' id='word_1_628' title='bbox 1874 1619 2076 1663; x_wconf 77' lang='lat' dir='ltr'><em>usurpantur,</em></span> 
     </span>
     <span class='ocr_line' id='line_1_90' title="bbox 1188 1665 2075 1714; baseline 0.005 -14"><span class='ocrx_word' id='word_1_629' title='bbox 1188 1665 1286 1711; x_wconf 78' lang='lat' dir='ltr'><em>sedut</em></span> <span class='ocrx_word' id='word_1_630' title='bbox 1303 1666 1419 1712; x_wconf 82' lang='lat' dir='ltr'><em>fingula</em></span> <span class='ocrx_word' id='word_1_631' title='bbox 1432 1674 1551 1703; x_wconf 82' lang='lat' dir='ltr'><em>nomina</em></span> <span class='ocrx_word' id='word_1_632' title='bbox 1564 1668 1726 1713; x_wconf 84' lang='lat' dir='ltr'><em>Personam</em></span> <span class='ocrx_word' id='word_1_633' title='bbox 1741 1669 1938 1714; x_wconf 82' lang='lat' dir='ltr'><em>subfistentem</em></span> <span class='ocrx_word' id='word_1_634' title='bbox 1959 1678 1994 1705; x_wconf 88' lang='lat' dir='ltr'><em>in</em></span> <span class='ocrx_word' id='word_1_635' title='bbox 2014 1683 2075 1704; x_wconf 82' lang='lat' dir='ltr'><em>una</em></span> 
     </span>
     <span class='ocr_line' id='line_1_91' title="bbox 1193 1718 2076 1766; baseline 0.007 -15"><span class='ocrx_word' id='word_1_636' title='bbox 1193 1718 1354 1760; x_wconf 78' lang='lat' dir='ltr'><em>eademque</em></span> <span class='ocrx_word' id='word_1_637' title='bbox 1365 1722 1543 1754; x_wconf 80' lang='lat' dir='ltr'><em>Divinitate</em></span> <span class='ocrx_word' id='word_1_638' title='bbox 1563 1718 1712 1764; x_wconf 55' lang='lat' dir='ltr'><em>designent</em></span> <span class='ocrx_word' id='word_1_639' title='bbox 1724 1746 1731 1752; x_wconf 94' lang='lat'><strong>.</strong></span> <span class='ocrx_word' id='word_1_640' title='bbox 1759 1721 1808 1755; x_wconf 88' lang='lat' dir='ltr'><em>Ita</em></span> <span class='ocrx_word' id='word_1_641' title='bbox 1822 1719 1921 1756; x_wconf 85' lang='lat' dir='ltr'><em>habet</em></span> <span class='ocrx_word' id='word_1_642' title='bbox 1940 1718 2076 1766; x_wconf 77' lang='lat' dir='ltr'><em>antiqua</em></span> 
     </span>
     <span class='ocr_line' id='line_1_92' title="bbox 1191 1767 2077 1811; baseline 0.006 -9"><span class='ocrx_word' id='word_1_643' title='bbox 1191 1767 1359 1811; x_wconf 82' lang='lat' dir='ltr'><em>cujusdam</em></span> <span class='ocrx_word' id='word_1_644' title='bbox 1379 1768 1499 1803; x_wconf 87' lang='lat' dir='ltr'><em>eruditi</em></span> <span class='ocrx_word' id='word_1_645' title='bbox 1521 1770 1582 1803; x_wconf 86' lang='lat' dir='ltr'><em>viri</em></span> <span class='ocrx_word' id='word_1_646' title='bbox 1591 1772 1713 1806; x_wconf 89' lang='lat' dir='ltr'><em>Oratio</em></span> <span class='ocrx_word' id='word_1_647' title='bbox 1734 1770 1777 1806; x_wconf 89' lang='lat' dir='ltr'><em>de</em></span> <span class='ocrx_word' id='word_1_648' title='bbox 1786 1771 2019 1806; x_wconf 83' lang='lat' dir='ltr'><em>certaminibus</em></span> <span class='ocrx_word' id='word_1_649' title='bbox 2036 1771 2077 1807; x_wconf 73' lang='grc' dir='ltr'><em>δε</em></span> 
     </span>
     <span class='ocr_line' id='line_1_93' title="bbox 1193 1818 2074 1862; baseline 0.003 -11"><span class='ocrx_word' id='word_1_650' title='bbox 1193 1818 1344 1853; x_wconf 87' lang='lat' dir='ltr'><em>laudibus</em></span> <span class='ocrx_word' id='word_1_651' title='bbox 1359 1819 1473 1853; x_wconf 64' lang='lat' dir='ltr'><em>‚saneti</em></span> <span class='ocrx_word' id='word_1_652' title='bbox 1499 1818 1669 1854; x_wconf 77' lang='lat' dir='ltr'><em>Athanasii</em></span> <span class='ocrx_word' id='word_1_653' title='bbox 1693 1845 1701 1853; x_wconf 86' lang='lat'><strong>.</strong></span> <span class='ocrx_word' id='word_1_654' title='bbox 1730 1821 1774 1855; x_wconf 88' lang='lat' dir='ltr'><em>Et</em></span> <span class='ocrx_word' id='word_1_655' title='bbox 1795 1821 1874 1856; x_wconf 89' lang='lat' dir='ltr'><em>hinc</em></span> <span class='ocrx_word' id='word_1_656' title='bbox 1898 1822 2074 1862; x_wconf 81' lang='lat' dir='ltr'><em>discimus,</em></span> 
     </span>
     <span class='ocr_line' id='line_1_94' title="bbox 1191 1867 2075 1911; baseline 0.002 -9"><span class='ocrx_word' id='word_1_657' title='bbox 1191 1868 1281 1911; x_wconf 87' lang='lat' dir='ltr'><em>quod</em></span> <span class='ocrx_word' id='word_1_658' title='bbox 1292 1869 1416 1907; x_wconf 84' lang='lat' dir='ltr'><em>Latinae</em></span> <span class='ocrx_word' id='word_1_659' title='bbox 1426 1868 1578 1904; x_wconf 84' lang='lat' dir='ltr'><em>Ecclefiae</em></span> <span class='ocrx_word' id='word_1_660' title='bbox 1598 1869 1633 1902; x_wconf 88' lang='lat' dir='ltr'><em>in</em></span> <span class='ocrx_word' id='word_1_661' title='bbox 1655 1867 1716 1904; x_wconf 88' lang='lat' dir='ltr'><em>hac</em></span> <span class='ocrx_word' id='word_1_662' title='bbox 1731 1869 1950 1905; x_wconf 86' lang='lat' dir='ltr'><em>controversia</em></span> <span class='ocrx_word' id='word_1_663' title='bbox 1962 1870 2075 1905; x_wconf 89' lang='lat' dir='ltr'><em>defen-</em></span> 
     </span>
     <span class='ocr_line' id='line_1_95' title="bbox 1193 1917 2076 1959; baseline 0.005 -8"><span class='ocrx_word' id='word_1_664' title='bbox 1193 1919 1276 1954; x_wconf 86' lang='lat' dir='ltr'><em>sores</em></span> <span class='ocrx_word' id='word_1_665' title='bbox 1298 1919 1422 1953; x_wconf 85' lang='lat' dir='ltr'><em>fuerint</em></span> <span class='ocrx_word' id='word_1_666' title='bbox 1435 1917 1570 1953; x_wconf 68' lang='lat' dir='ltr'><em>Sanetus</em></span> <span class='ocrx_word' id='word_1_667' title='bbox 1580 1918 1739 1953; x_wconf 87' lang='lat' dir='ltr'><em>Eusebius</em></span> <span class='ocrx_word' id='word_1_668' title='bbox 1752 1944 1762 1959; x_wconf 94' lang='lat'>‚</span> <span class='ocrx_word' id='word_1_669' title='bbox 1790 1920 1824 1954; x_wconf 77' lang='grc' dir='ltr'><em>ὅ(</em></span> <span class='ocrx_word' id='word_1_670' title='bbox 1836 1919 1970 1955; x_wconf 87' lang='lat' dir='ltr'><em>Lucifer</em></span> <span class='ocrx_word' id='word_1_671' title='bbox 1979 1920 2076 1955; x_wconf 88' lang='lat' dir='ltr'><em>Cala·</em></span> 
     </span>
     <span class='ocr_line' id='line_1_96' title="bbox 1191 1966 2076 2004; baseline 0.002 -2"><span class='ocrx_word' id='word_1_672' title='bbox 1191 1968 1330 2004; x_wconf 86' lang='lat' dir='ltr'><em>ritanus.</em></span> <span class='ocrx_word' id='word_1_673' title='bbox 1358 1969 1435 2002; x_wconf 85' lang='lat' dir='ltr'><em>Hos</em></span> <span class='ocrx_word' id='word_1_674' title='bbox 1449 1966 1647 2004; x_wconf 75' lang='lat' dir='ltr'><em>Athanasius</em></span> <span class='ocrx_word' id='word_1_675' title='bbox 1666 1969 1821 2004; x_wconf 85' lang='lat' dir='ltr'><em>invitavit</em></span> <span class='ocrx_word' id='word_1_676' title='bbox 1841 1969 1883 2004; x_wconf 85' lang='lat' dir='ltr'><em>ad</em></span> <span class='ocrx_word' id='word_1_677' title='bbox 1894 1971 1984 2004; x_wconf 87' lang='lat' dir='ltr'><em>suam</em></span> <span class='ocrx_word' id='word_1_678' title='bbox 1997 1969 2076 2004; x_wconf 87' lang='lat' dir='ltr'><em>Ale-</em></span> 
     </span>
     <span class='ocr_line' id='line_1_97' title="bbox 1191 2018 2076 2064; baseline -0.002 -9"><span class='ocrx_word' id='word_1_679' title='bbox 1191 2018 1384 2055; x_wconf 83' lang='lat' dir='ltr'><em>xandrinam</em></span> <span class='ocrx_word' id='word_1_680' title='bbox 1395 2018 1590 2063; x_wconf 56' lang='lat' dir='ltr'><em>Synodum2</em></span> <span class='ocrx_word' id='word_1_681' title='bbox 1617 2019 1661 2054; x_wconf 86' lang='lat' dir='ltr'><em>Et</em></span> <span class='ocrx_word' id='word_1_682' title='bbox 1681 2018 1737 2054; x_wconf 88' lang='lat' dir='ltr'><em>ille</em></span> <span class='ocrx_word' id='word_1_683' title='bbox 1747 2018 1855 2054; x_wconf 87' lang='lat' dir='ltr'><em>adfuit</em></span> <span class='ocrx_word' id='word_1_684' title='bbox 1873 2020 1970 2064; x_wconf 83' lang='lat' dir='ltr'><em>perse</em></span> <span class='ocrx_word' id='word_1_685' title='bbox 1982 2043 1993 2059; x_wconf 92' lang='lat'>‚</span> <span class='ocrx_word' id='word_1_686' title='bbox 2018 2018 2076 2054; x_wconf 77' lang='lat' dir='ltr'><em>hic</em></span> 
     </span>
     <span class='ocr_line' id='line_1_98' title="bbox 1191 2068 2078 2119; baseline 0 -15"><span class='ocrx_word' id='word_1_687' title='bbox 1191 2081 1245 2114; x_wconf 88' lang='lat' dir='ltr'><em>per</em></span> <span class='ocrx_word' id='word_1_688' title='bbox 1274 2071 1348 2104; x_wconf 87' lang='lat' dir='ltr'><em>suos</em></span> <span class='ocrx_word' id='word_1_689' title='bbox 1358 2069 1545 2105; x_wconf 84' lang='lat' dir='ltr'><em>Diaconos.</em></span> <span class='ocrx_word' id='word_1_690' title='bbox 1570 2069 1718 2119; x_wconf 82' lang='lat' dir='ltr'><em>Qaestio</em></span> <span class='ocrx_word' id='word_1_691' title='bbox 1741 2070 1809 2111; x_wconf 89' lang='lat' dir='ltr'><em>est,</em></span> <span class='ocrx_word' id='word_1_692' title='bbox 1831 2069 2005 2115; x_wconf 17' lang='lat' dir='ltr'><em>*quomodo</em></span> <span class='ocrx_word' id='word_1_693' title='bbox 2027 2068 2078 2104; x_wconf 88' lang='lat' dir='ltr'><em>di-</em></span> 
     </span>
     <span class='ocr_line' id='line_1_99' title="bbox 1192 2119 2076 2164; baseline 0 -9"><span class='ocrx_word' id='word_1_694' title='bbox 1192 2130 1281 2155; x_wconf 89' lang='lat' dir='ltr'><em>catur</em></span> <span class='ocrx_word' id='word_1_695' title='bbox 1304 2120 1356 2156; x_wconf 87' lang='lat' dir='ltr'><em>isti</em></span> <span class='ocrx_word' id='word_1_696' title='bbox 1380 2121 1534 2164; x_wconf 88' lang='lat' dir='ltr'><em>decreto,</em></span> <span class='ocrx_word' id='word_1_697' title='bbox 1562 2122 1616 2155; x_wconf 90' lang='lat' dir='ltr'><em>cui</em></span> <span class='ocrx_word' id='word_1_698' title='bbox 1642 2131 1712 2155; x_wconf 87' lang='lat' dir='ltr'><em>non</em></span> <span class='ocrx_word' id='word_1_699' title='bbox 1732 2119 1907 2157; x_wconf 81' lang='lat' dir='ltr'><em>adsuerunt</em></span> <span class='ocrx_word' id='word_1_700' title='bbox 1928 2119 1987 2154; x_wconf 83' lang='lat' dir='ltr'><em>nisi</em></span> <span class='ocrx_word' id='word_1_701' title='bbox 2005 2119 2076 2155; x_wconf 89' lang='lat' dir='ltr'><em>duo</em></span> 
     </span>
     <span class='ocr_line' id='line_1_100' title="bbox 1192 2169 2076 2215; baseline -0.005 -8"><span class='ocrx_word' id='word_1_702' title='bbox 1192 2171 1306 2207; x_wconf 84' lang='lat' dir='ltr'><em>Latini</em></span> <span class='ocrx_word' id='word_1_703' title='bbox 1327 2171 1482 2215; x_wconf 83' lang='lat' dir='ltr'><em>Episcopi</em></span> <span class='ocrx_word' id='word_1_704' title='bbox 1504 2194 1516 2212; x_wconf 91' lang='lat'>‚</span> <span class='ocrx_word' id='word_1_705' title='bbox 1543 2171 1635 2206; x_wconf 78' lang='lat' dir='ltr'><em>fuisse</em></span> <span class='ocrx_word' id='word_1_706' title='bbox 1655 2170 1803 2215; x_wconf 70' lang='lat' dir='ltr'><em>junctum</em></span> <span class='ocrx_word' id='word_1_707' title='bbox 1821 2180 1957 2206; x_wconf 88' lang='lat' dir='ltr'><em>omnem</em></span> <span class='ocrx_word' id='word_1_708' title='bbox 1975 2169 2076 2205; x_wconf 87' lang='lat' dir='ltr'><em>Occi·</em></span> 
     </span>
     <span class='ocr_line' id='line_1_101' title="bbox 1191 2219 2075 2266; baseline -0.003 -9"><span class='ocrx_word' id='word_1_709' title='bbox 1191 2221 1351 2257; x_wconf 79' lang='lat' dir='ltr'><em>dentem?</em></span> <span class='ocrx_word' id='word_1_710' title='bbox 1375 2219 1573 2266; x_wconf 79' lang='lat' dir='ltr'><em>Respondeo</em></span> <span class='ocrx_word' id='word_1_711' title='bbox 1595 2221 1683 2265; x_wconf 90' lang='lat' dir='ltr'><em>quod</em></span> <span class='ocrx_word' id='word_1_712' title='bbox 1694 2219 1743 2255; x_wconf 93' lang='lat' dir='ltr'><em>illi</em></span> <span class='ocrx_word' id='word_1_713' title='bbox 1762 2222 1860 2256; x_wconf 73' lang='lat' dir='ltr'><em>essent</em></span> <span class='ocrx_word' id='word_1_714' title='bbox 1880 2231 1935 2264; x_wconf 80' lang='lat' dir='ltr'><em>per</em></span> <span class='ocrx_word' id='word_1_715' title='bbox 1956 2221 2075 2257; x_wconf 86' lang='lat' dir='ltr'><em>Orien-</em></span> 
     </span>
     <span class='ocr_line' id='line_1_102' title="bbox 1191 2270 2076 2317; baseline -0.003 -10"><span class='ocrx_word' id='word_1_716' title='bbox 1191 2282 1259 2307; x_wconf 85' lang='lat' dir='ltr'><em>tem</em></span> <span class='ocrx_word' id='word_1_717' title='bbox 1283 2271 1402 2317; x_wconf 87' lang='lat' dir='ltr'><em>Legati</em></span> <span class='ocrx_word' id='word_1_718' title='bbox 1422 2284 1460 2307; x_wconf 86' lang='lat' dir='ltr'><em>ac</em></span> <span class='ocrx_word' id='word_1_719' title='bbox 1485 2272 1612 2307; x_wconf 85' lang='lat' dir='ltr'><em>Vicarii</em></span> <span class='ocrx_word' id='word_1_720' title='bbox 1625 2272 1788 2307; x_wconf 65' lang='lat' dir='ltr'><em>Romana.</em></span> <span class='ocrx_word' id='word_1_721' title='bbox 1808 2283 1845 2306; x_wconf 88' lang='lat' dir='ltr'><em>ac</em></span> <span class='ocrx_word' id='word_1_722' title='bbox 1864 2270 1966 2307; x_wconf 83' lang='lat' dir='ltr'><em>totius</em></span> <span class='ocrx_word' id='word_1_723' title='bbox 1977 2270 2076 2305; x_wconf 89' lang='lat' dir='ltr'><em>Occi-</em></span> 
     </span>
     <span class='ocr_line' id='line_1_103' title="bbox 1191 2321 2075 2367; baseline 0 -11"><span class='ocrx_word' id='word_1_724' title='bbox 1191 2322 1331 2358; x_wconf 84' lang='lat' dir='ltr'><em>dentalis</em></span> <span class='ocrx_word' id='word_1_725' title='bbox 1351 2322 1502 2357; x_wconf 80' lang='lat' dir='ltr'><em>Ecclefiae</em></span> <span class='ocrx_word' id='word_1_726' title='bbox 1515 2347 1524 2356; x_wconf 89' lang='lat'>.</span> <span class='ocrx_word' id='word_1_727' title='bbox 1552 2321 1616 2357; x_wconf 81' lang='lat' dir='ltr'><em>Ista</em></span> <span class='ocrx_word' id='word_1_728' title='bbox 1641 2322 1777 2367; x_wconf 85' lang='lat' dir='ltr'><em>legatio,</em></span> <span class='ocrx_word' id='word_1_729' title='bbox 1793 2321 1835 2357; x_wconf 87' lang='lat' dir='ltr'><em>de</em></span> <span class='ocrx_word' id='word_1_730' title='bbox 1854 2332 1918 2365; x_wconf 91' lang='lat' dir='ltr'><em>qua</em></span> <span class='ocrx_word' id='word_1_731' title='bbox 1938 2321 2075 2363; x_wconf 82' lang='lat' dir='ltr'><em>quidam</em></span> 
     </span>
     <span class='ocr_line' id='line_1_104' title="bbox 1191 2369 2077 2413; baseline -0.002 -7"><span class='ocrx_word' id='word_1_732' title='bbox 1191 2373 1257 2407; x_wconf 82' lang='lat' dir='ltr'><em>fine</em></span> <span class='ocrx_word' id='word_1_733' title='bbox 1268 2372 1488 2408; x_wconf 88' lang='lat' dir='ltr'><em>fundamento</em></span> <span class='ocrx_word' id='word_1_734' title='bbox 1511 2371 1687 2413; x_wconf 85' lang='lat' dir='ltr'><em>dubitant,</em></span> <span class='ocrx_word' id='word_1_735' title='bbox 1714 2370 1823 2406; x_wconf 72' lang='lat' dir='ltr'><em>lucide</em></span> <span class='ocrx_word' id='word_1_736' title='bbox 1833 2370 2007 2405; x_wconf 84' lang='lat' dir='ltr'><em>adstruitur</em></span> <span class='ocrx_word' id='word_1_737' title='bbox 2023 2369 2077 2406; x_wconf 82' lang='lat' dir='ltr'><em>vel</em></span> 
     </span>
     <span class='ocr_line' id='line_1_105' title="bbox 1190 2419 2073 2462; baseline -0.005 -5"><span class='ocrx_word' id='word_1_738' title='bbox 1190 2434 1231 2457; x_wconf 85' lang='lat' dir='ltr'><em>ex</em></span> <span class='ocrx_word' id='word_1_739' title='bbox 1257 2422 1325 2457; x_wconf 62' lang='lat' dir='ltr'><em>isto*</em></span> <span class='ocrx_word' id='word_1_740' title='bbox 1355 2423 1426 2457; x_wconf 88' lang='lat' dir='ltr'><em>solo</em></span> <span class='ocrx_word' id='word_1_741' title='bbox 1477 2422 1584 2456; x_wconf 60' lang='lat' dir='ltr'><em>Sancti</em></span> <span class='ocrx_word' id='word_1_742' title='bbox 1619 2421 1822 2462; x_wconf 87' lang='lat' dir='ltr'><em>Hieronymi</em></span> <span class='ocrx_word' id='word_1_743' title='bbox 1863 2419 2073 2454; x_wconf 86' lang='lat' dir='ltr'><em>testimonio.</em></span> 
     </span>
     <span class='ocr_line' id='line_1_106' title="bbox 1191 2469 2076 2513; baseline -0.003 -7"><span class='ocrx_word' id='word_1_744' title='bbox 1191 2472 1337 2506; x_wconf 85' lang='lat' dir='ltr'><em>Eandem</em></span> <span class='ocrx_word' id='word_1_745' title='bbox 1347 2470 1596 2506; x_wconf 78' lang='lat' dir='ltr'><em>controversiam</em></span> <span class='ocrx_word' id='word_1_746' title='bbox 1607 2471 1742 2506; x_wconf 60' lang='lat' dir='ltr'><em>Sanetus</em></span> <span class='ocrx_word' id='word_1_747' title='bbox 1751 2469 2076 2513; x_wconf 83' lang='lat' dir='ltr'><em>GregoriusNazian-</em></span> 
     </span>
     <span class='ocr_line' id='line_1_107' title="bbox 1191 2518 2072 2558; baseline -0.006 0"><span class='ocrx_word' id='word_1_748' title='bbox 1191 2531 1288 2558; x_wconf 84' lang='lat' dir='ltr'><em>zenus</em></span> <span class='ocrx_word' id='word_1_749' title='bbox 1309 2530 1469 2556; x_wconf 85' lang='lat' dir='ltr'><em>memorat</em></span> <span class='ocrx_word' id='word_1_750' title='bbox 1493 2521 1529 2555; x_wconf 85' lang='lat' dir='ltr'><em>in</em></span> <span class='ocrx_word' id='word_1_751' title='bbox 1552 2521 1708 2555; x_wconf 78' lang='lat' dir='ltr'><em>oratione.</em></span> <span class='ocrx_word' id='word_1_752' title='bbox 1728 2518 1769 2553; x_wconf 89' lang='lat' dir='ltr'><em>ad</em></span> <span class='ocrx_word' id='word_1_753' title='bbox 1794 2519 1901 2554; x_wconf 67' lang='lat' dir='ltr'><em>sancta</em></span> <span class='ocrx_word' id='word_1_754' title='bbox 1926 2519 2072 2554; x_wconf 88' lang='lat' dir='ltr'><em>lumina:</em></span> 
     </span>
     <span class='ocr_line' id='line_1_108' title="bbox 1191 2569 2074 2613; baseline -0.001 -9"><span class='ocrx_word' id='word_1_755' title='bbox 1191 2575 1287 2605; x_wconf 86' lang='lat' dir='ltr'><em>Deum</em></span> <span class='ocrx_word' id='word_1_756' title='bbox 1304 2595 1315 2612; x_wconf 92' lang='lat'>‚</span> <span class='ocrx_word' id='word_1_757' title='bbox 1344 2582 1407 2605; x_wconf 85' lang='lat' dir='ltr'><em>cum</em></span> <span class='ocrx_word' id='word_1_758' title='bbox 1421 2572 1484 2604; x_wconf 86' lang='lat' dir='ltr'><em>dieo</em></span> <span class='ocrx_word' id='word_1_759' title='bbox 1496 2595 1507 2612; x_wconf 87' lang='lat'><em>,</em></span> <span class='ocrx_word' id='word_1_760' title='bbox 1532 2581 1588 2604; x_wconf 87' lang='lat' dir='ltr'><em>uno</em></span> <span class='ocrx_word' id='word_1_761' title='bbox 1596 2571 1753 2613; x_wconf 76' lang='lat' dir='ltr'><em>eodemque</em></span> <span class='ocrx_word' id='word_1_762' title='bbox 1763 2571 1874 2612; x_wconf 84' lang='lat' dir='ltr'><em>triplici</em></span> <span class='ocrx_word' id='word_1_763' title='bbox 1883 2569 1994 2603; x_wconf 71' lang='lat' dir='ltr'><em>lumine</em></span> <span class='ocrx_word' id='word_1_764' title='bbox 1999 2578 2074 2612; x_wconf 85' lang='lat' dir='ltr'><em>per-</em></span> 
     </span>
    </p>
   </div>
   <div class='ocr_carea' id='block_1_9' title="bbox 1183 2615 2228 2676">
    <p class='ocr_par' dir='ltr' id='par_1_10' title="bbox 1183 2615 2228 2676">
     <span class='ocr_line' id='line_1_109' title="bbox 1183 2615 2228 2676; baseline -0.002 -21"><span class='ocrx_word' id='word_1_765' title='bbox 1183 2615 1395 2665; x_wconf 64' lang='lat' dir='ltr'><em>stringamin‘i:</em></span> <span class='ocrx_word' id='word_1_766' title='bbox 1423 2621 1548 2663; x_wconf 83' lang='lat' dir='ltr'><em>Triplici</em></span> <span class='ocrx_word' id='word_1_767' title='bbox 1557 2621 1678 2664; x_wconf 83' lang='lat' dir='ltr'><em>quidem</em></span> <span class='ocrx_word' id='word_1_768' title='bbox 1692 2645 1701 2660; x_wconf 92' lang='lat'><strong>‚</strong></span> <span class='ocrx_word' id='word_1_769' title='bbox 1729 2629 1877 2662; x_wconf 87' lang='lat' dir='ltr'><em>quantum</em></span> <span class='ocrx_word' id='word_1_770' title='bbox 1886 2620 1931 2653; x_wconf 79' lang='lat' dir='ltr'><em>ad</em></span> <span class='ocrx_word' id='word_1_771' title='bbox 1939 2624 2073 2662; x_wconf 84' lang='lat' dir='ltr'><em>proprie-</em></span> <span class='ocrx_word' id='word_1_772' title='bbox 2089 2639 2173 2669; x_wconf 50' lang='lat' dir='ltr'><em>om·</em></span> <span class='ocrx_word' id='word_1_773' title='bbox 2179 2646 2196 2676; x_wconf 86' lang='lat'><em>3</em></span> <span class='ocrx_word' id='word_1_774' title='bbox 2200 2648 2228 2676; x_wconf 49' lang='lat'><em>9.</em></span> 
     </span>
    </p>
   </div>
   <div class='ocr_carea' id='block_1_10' title="bbox 1183 2668 2075 3165">
    <p class='ocr_par' dir='ltr' id='par_1_11' title="bbox 1183 2668 2075 3165">
     <span class='ocr_line' id='line_1_110' title="bbox 1190 2668 2074 2714; baseline 0.002 -11"><span class='ocrx_word' id='word_1_775' title='bbox 1190 2679 1267 2705; x_wconf 85' lang='lat' dir='ltr'><em>tates</em></span> <span class='ocrx_word' id='word_1_776' title='bbox 1284 2670 1350 2713; x_wconf 62' lang='lat' dir='ltr'><em>five*</em></span> <span class='ocrx_word' id='word_1_777' title='bbox 1364 2669 1532 2714; x_wconf 74' lang='lat' dir='ltr'><em>Hypostafhs</em></span> <span class='ocrx_word' id='word_1_778' title='bbox 1544 2695 1555 2712; x_wconf 89' lang='lat'>‚</span> <span class='ocrx_word' id='word_1_779' title='bbox 1574 2668 1603 2712; x_wconf 80' lang='lat' dir='ltr'><em>fi</em></span> <span class='ocrx_word' id='word_1_780' title='bbox 1621 2669 1726 2704; x_wconf 81' lang='lat' dir='ltr'><em>cuiboc</em></span> <span class='ocrx_word' id='word_1_781' title='bbox 1747 2669 1872 2704; x_wconf 84' lang='lat' dir='ltr'><em>verbum</em></span> <span class='ocrx_word' id='word_1_782' title='bbox 1881 2674 1980 2714; x_wconf 80' lang='lat' dir='ltr'><em>magis</em></span> <span class='ocrx_word' id='word_1_783' title='bbox 1996 2676 2074 2705; x_wconf 70' lang='lat' dir='ltr'><em>arri-</em></span> 
     </span>
     <span class='ocr_line' id='line_1_111' title="bbox 1186 2718 2075 2764; baseline 0 -9"><span class='ocrx_word' id='word_1_784' title='bbox 1186 2723 1241 2755; x_wconf 81' lang='lat' dir='ltr'><em>det</em></span> <span class='ocrx_word' id='word_1_785' title='bbox 1253 2747 1264 2762; x_wconf 90' lang='lat'><em>‚</em></span> <span class='ocrx_word' id='word_1_786' title='bbox 1283 2721 1349 2763; x_wconf 86' lang='lat' dir='ltr'><em>five</em></span> <span class='ocrx_word' id='word_1_787' title='bbox 1368 2720 1539 2764; x_wconf 85' lang='lat' dir='ltr'><em>Personas(</em></span> <span class='ocrx_word' id='word_1_788' title='bbox 1565 2732 1656 2763; x_wconf 82' lang='lat' dir='ltr'><em>neque</em></span> <span class='ocrx_word' id='word_1_789' title='bbox 1686 2725 1765 2754; x_wconf 85' lang='lat' dir='ltr'><em>enim</em></span> <span class='ocrx_word' id='word_1_790' title='bbox 1784 2722 1822 2753; x_wconf 91' lang='lat' dir='ltr'><em>de</em></span> <span class='ocrx_word' id='word_1_791' title='bbox 1841 2718 1991 2756; x_wconf 64' lang='lat' dir='ltr'><em>vocabulis</em></span> <span class='ocrx_word' id='word_1_792' title='bbox 2009 2719 2075 2764; x_wconf 74' lang='lat' dir='ltr'><em>dis-</em></span> 
     </span>
     <span class='ocr_line' id='line_1_112' title="bbox 1184 2768 2073 2814; baseline -0.002 -9"><span class='ocrx_word' id='word_1_793' title='bbox 1184 2770 1365 2813; x_wconf 83' lang='lat' dir='ltr'><em>fidebimus,</em></span> <span class='ocrx_word' id='word_1_794' title='bbox 1391 2771 1533 2814; x_wconf 74' lang='lat' dir='ltr'><em>quamdiu</em></span> <span class='ocrx_word' id='word_1_795' title='bbox 1548 2768 1669 2813; x_wconf 72' lang='lat' dir='ltr'><em>syllaba</em></span> <span class='ocrx_word' id='word_1_796' title='bbox 1691 2771 1736 2804; x_wconf 81' lang='lat' dir='ltr'><em>ad</em></span> <span class='ocrx_word' id='word_1_797' title='bbox 1750 2772 1873 2803; x_wconf 79' lang='lat' dir='ltr'><em>eandem</em></span> <span class='ocrx_word' id='word_1_798' title='bbox 1891 2768 2073 2814; x_wconf 76' lang='lat' dir='ltr'><em>sententiam·</em></span> 
     </span>
     <span class='ocr_line' id='line_1_113' title="bbox 1183 2818 2073 2864; baseline 0 -10"><span class='ocrx_word' id='word_1_799' title='bbox 1183 2821 1304 2863; x_wconf 83' lang='lat' dir='ltr'><em>ferent:</em></span> <span class='ocrx_word' id='word_1_800' title='bbox 1331 2823 1410 2864; x_wconf 74' lang='lat' dir='ltr'><em>&gt;uno</em></span> <span class='ocrx_word' id='word_1_801' title='bbox 1418 2831 1541 2860; x_wconf 83' lang='lat' dir='ltr'><em>autem,</em></span> <span class='ocrx_word' id='word_1_802' title='bbox 1566 2830 1715 2863; x_wconf 85' lang='lat' dir='ltr'><em>quantum</em></span> <span class='ocrx_word' id='word_1_803' title='bbox 1738 2820 1782 2854; x_wconf 88' lang='lat' dir='ltr'><em>ad</em></span> <span class='ocrx_word' id='word_1_804' title='bbox 1788 2818 1990 2861; x_wconf 65' lang='lat' dir='ltr'><em>Substantia,</em></span> <span class='ocrx_word' id='word_1_805' title='bbox 2013 2820 2073 2854; x_wconf 68' lang='lat' dir='ltr'><em>hoc*</em></span> 
     </span>
     <span class='ocr_line' id='line_1_114' title="bbox 1190 2868 2074 2913; baseline 0 -7"><span class='ocrx_word' id='word_1_806' title='bbox 1190 2871 1229 2913; x_wconf 86' lang='lat' dir='ltr'><em>est</em></span> <span class='ocrx_word' id='word_1_807' title='bbox 1249 2876 1434 2906; x_wconf 77' lang='lat' dir='ltr'><em>Divinitatis</em></span> <span class='ocrx_word' id='word_1_808' title='bbox 1451 2876 1616 2904; x_wconf 81' lang='lat' dir='ltr'><em>rationem.</em></span> <span class='ocrx_word' id='word_1_809' title='bbox 1645 2871 1690 2904; x_wconf 90' lang='lat' dir='ltr'><em>Et</em></span> <span class='ocrx_word' id='word_1_810' title='bbox 1713 2868 1803 2905; x_wconf 86' lang='lat' dir='ltr'><em>hunc</em></span> <span class='ocrx_word' id='word_1_811' title='bbox 1823 2870 1935 2905; x_wconf 87' lang='lat' dir='ltr'><em>locum</em></span> <span class='ocrx_word' id='word_1_812' title='bbox 1958 2870 2074 2906; x_wconf 85' lang='lat' dir='ltr'><em>lauda-</em></span> 
     </span>
     <span class='ocr_line' id='line_1_115' title="bbox 1191 2916 2073 2967; baseline 0 -11"><span class='ocrx_word' id='word_1_813' title='bbox 1191 2922 1237 2956; x_wconf 89' lang='lat' dir='ltr'><em>vit</em></span> <span class='ocrx_word' id='word_1_814' title='bbox 1261 2923 1296 2955; x_wconf 87' lang='lat' dir='ltr'><em>in</em></span> <span class='ocrx_word' id='word_1_815' title='bbox 1318 2923 1429 2956; x_wconf 69' lang='lat' dir='ltr'><em>octava</em></span> <span class='ocrx_word' id='word_1_816' title='bbox 1443 2920 1625 2967; x_wconf 83' lang='lat' dir='ltr'><em>Florentini</em></span> <span class='ocrx_word' id='word_1_817' title='bbox 1646 2919 1791 2955; x_wconf 88' lang='lat' dir='ltr'><em>Concilii</em></span> <span class='ocrx_word' id='word_1_818' title='bbox 1814 2918 1951 2956; x_wconf 88' lang='lat' dir='ltr'><em>seffione</em></span> <span class='ocrx_word' id='word_1_819' title='bbox 1976 2916 2073 2956; x_wconf 62' lang='lat' dir='ltr'><em>veness</em></span> 
     </span>
     <span class='ocr_line' id='line_1_116' title="bbox 1192 2970 2074 3015; baseline -0.001 -10"><span class='ocrx_word' id='word_1_820' title='bbox 1192 2971 1300 3006; x_wconf 85' lang='lat' dir='ltr'><em>rabilis</em></span> <span class='ocrx_word' id='word_1_821' title='bbox 1320 2971 1487 3006; x_wconf 79' lang='lat' dir='ltr'><em>Bessarion</em></span> <span class='ocrx_word' id='word_1_822' title='bbox 1510 2970 1724 3014; x_wconf 87' lang='lat' dir='ltr'><em>Metropolita</em></span> <span class='ocrx_word' id='word_1_823' title='bbox 1747 2970 1904 3005; x_wconf 87' lang='lat' dir='ltr'><em>Nicaenus</em></span> <span class='ocrx_word' id='word_1_824' title='bbox 1927 2982 1936 3003; x_wconf 74' lang='grc' dir='ltr'><strong>ε</strong></span> <span class='ocrx_word' id='word_1_825' title='bbox 1963 2973 2074 3015; x_wconf 81' lang='lat' dir='ltr'><em>Grego-</em></span> 
     </span>
     <span class='ocr_line' id='line_1_117' title="bbox 1190 3018 2070 3065; baseline -0.001 -10"><span class='ocrx_word' id='word_1_826' title='bbox 1190 3028 1253 3056; x_wconf 83' lang='lat' dir='ltr'><em>rius</em></span> <span class='ocrx_word' id='word_1_827' title='bbox 1265 3022 1301 3055; x_wconf 85' lang='lat' dir='ltr'><em>de</em></span> <span class='ocrx_word' id='word_1_828' title='bbox 1313 3023 1433 3055; x_wconf 85' lang='lat' dir='ltr'><em>vocibus</em></span> <span class='ocrx_word' id='word_1_829' title='bbox 1443 3021 1571 3064; x_wconf 88' lang='lat' dir='ltr'><em>loquitur</em></span> <span class='ocrx_word' id='word_1_830' title='bbox 1583 3045 1593 3061; x_wconf 94' lang='lat'><em>,</em></span> <span class='ocrx_word' id='word_1_831' title='bbox 1606 3032 1674 3064; x_wconf 84' lang='lat' dir='ltr'><em>quae</em></span> <span class='ocrx_word' id='word_1_832' title='bbox 1684 3021 1761 3054; x_wconf 83' lang='lat' dir='ltr'><em>idem</em></span> <span class='ocrx_word' id='word_1_833' title='bbox 1764 3018 1932 3065; x_wconf 65' lang='lat' dir='ltr'><em>significant</em></span> <span class='ocrx_word' id='word_1_834' title='bbox 1944 3045 1954 3062; x_wconf 90' lang='lat'>‚</span> <span class='ocrx_word' id='word_1_835' title='bbox 1979 3029 2070 3064; x_wconf 87' lang='lat' dir='ltr'><em>atque</em></span> 
     </span>
     <span class='ocr_line' id='line_1_118' title="bbox 1189 3069 2072 3114; baseline -0.003 -9"><span class='ocrx_word' id='word_1_836' title='bbox 1189 3073 1226 3105; x_wconf 85' lang='lat' dir='ltr'><em>de</em></span> <span class='ocrx_word' id='word_1_837' title='bbox 1235 3083 1293 3105; x_wconf 86' lang='lat' dir='ltr'><em>uno</em></span> <span class='ocrx_word' id='word_1_838' title='bbox 1303 3073 1457 3114; x_wconf 82' lang='lat' dir='ltr'><em>eodemque</em></span> <span class='ocrx_word' id='word_1_839' title='bbox 1463 3069 1595 3114; x_wconf 75' lang='lat' dir='ltr'><em>subJ&#39;ec‘lo</em></span> <span class='ocrx_word' id='word_1_840' title='bbox 1600 3072 1828 3113; x_wconf 83' lang='lat' dir='ltr'><em>praedicantur.</em></span> <span class='ocrx_word' id='word_1_841' title='bbox 1856 3069 1910 3111; x_wconf 78' lang='lat' dir='ltr'><em>Est</em></span> <span class='ocrx_word' id='word_1_842' title='bbox 1922 3075 2000 3104; x_wconf 83' lang='lat' dir='ltr'><em>enim</em></span> <span class='ocrx_word' id='word_1_843' title='bbox 2026 3070 2072 3104; x_wconf 69' lang='lat' dir='ltr'><em>illi</em></span> 
     </span>
     <span class='ocr_line' id='line_1_119' title="bbox 1183 3119 2070 3165; baseline -0.002 -10"><span class='ocrx_word' id='word_1_844' title='bbox 1183 3121 1281 3165; x_wconf 77' lang='lat' dir='ltr'><em>sermo</em></span> <span class='ocrx_word' id='word_1_845' title='bbox 1291 3123 1328 3155; x_wconf 86' lang='lat' dir='ltr'><em>de</em></span> <span class='ocrx_word' id='word_1_846' title='bbox 1339 3119 1534 3164; x_wconf 64' lang='lat' dir='ltr'><em>Hypostafibus</em></span> <span class='ocrx_word' id='word_1_847' title='bbox 1545 3145 1556 3161; x_wconf 89' lang='lat'>‚</span> <span class='ocrx_word' id='word_1_848' title='bbox 1572 3119 1708 3164; x_wconf 78' lang='lat' dir='ltr'><em>Perfimis</em></span> <span class='ocrx_word' id='word_1_849' title='bbox 1719 3145 1730 3162; x_wconf 91' lang='lat'><em>,</em></span> <span class='ocrx_word' id='word_1_850' title='bbox 1754 3121 1789 3154; x_wconf 61' lang='grc' dir='ltr'><em>(ν</em></span> <span class='ocrx_word' id='word_1_851' title='bbox 1810 3120 2070 3163; x_wconf 80' lang='lat' dir='ltr'><em>proprietatibus,</em></span> 
     </span>
    </p>
   </div>
   <div class='ocr_carea' id='block_1_11' title="bbox 251 3169 2072 3218">
    <p class='ocr_par' dir='ltr' id='par_1_12' title="bbox 251 3169 2072 3218">
     <span class='ocr_line' id='line_1_120' title="bbox 251 3169 2072 3218; baseline -0.005 -7"><span class='ocrx_word' id='word_1_852' title='bbox 251 3177 329 3211; x_wconf 87' lang='lat' dir='ltr'><em>dam</em></span> <span class='ocrx_word' id='word_1_853' title='bbox 339 3173 514 3218; x_wconf 76' lang='lat' dir='ltr'><em>postmodo</em></span> <span class='ocrx_word' id='word_1_854' title='bbox 523 3174 712 3215; x_wconf 82' lang='lat' dir='ltr'><em>finxerunt,</em></span> <span class='ocrx_word' id='word_1_855' title='bbox 737 3173 979 3207; x_wconf 86' lang='lat' dir='ltr'><em>&amp;induxerunt</em></span> <span class='ocrx_word' id='word_1_856' title='bbox 994 3183 1146 3215; x_wconf 64' lang='lat' dir='ltr'><em>vocem„</em></span> <span class='ocrx_word' id='word_1_857' title='bbox 1190 3182 1371 3215; x_wconf 83' lang='lat' dir='ltr'><em>quaeunum</em></span> <span class='ocrx_word' id='word_1_858' title='bbox 1390 3173 1425 3207; x_wconf 61' lang='grc' dir='ltr'><em>ὀ·</em></span> <span class='ocrx_word' id='word_1_859' title='bbox 1447 3172 1526 3205; x_wconf 87' lang='lat' dir='ltr'><em>idem</em></span> <span class='ocrx_word' id='word_1_860' title='bbox 1538 3169 1722 3215; x_wconf 51' lang='lat' dir='ltr'><em>fignificant.</em></span> <span class='ocrx_word' id='word_1_861' title='bbox 1749 3170 1808 3204; x_wconf 85' lang='lat' dir='ltr'><em>Est</em></span> <span class='ocrx_word' id='word_1_862' title='bbox 1833 3171 2000 3205; x_wconf 85' lang='lat' dir='ltr'><em>illiserrno</em></span> <span class='ocrx_word' id='word_1_863' title='bbox 2023 3169 2072 3203; x_wconf 65' lang='lat' dir='ltr'><em>de*</em></span> 
     </span>
    </p>
   </div>
   <div class='ocr_carea' id='block_1_12' title="bbox 252 3222 1130 3318">
    <p class='ocr_par' dir='ltr' id='par_1_13' title="bbox 252 3222 1130 3318">
     <span class='ocr_line' id='line_1_121' title="bbox 253 3222 1130 3267; baseline -0.002 -8"><span class='ocrx_word' id='word_1_864' title='bbox 253 3226 421 3265; x_wconf 78' lang='lat' dir='ltr'><em>Substantia</em></span> <span class='ocrx_word' id='word_1_865' title='bbox 440 3249 448 3255; x_wconf 91' lang='lat'>.</span> <span class='ocrx_word' id='word_1_866' title='bbox 475 3222 577 3258; x_wconf 80' lang='lat' dir='ltr'><em>Hanc·</em></span> <span class='ocrx_word' id='word_1_867' title='bbox 597 3223 660 3256; x_wconf 72' lang='lat' dir='ltr'><em>esse</em></span> <span class='ocrx_word' id='word_1_868' title='bbox 683 3233 869 3264; x_wconf 86' lang='lat' dir='ltr'><em>recentem,</em></span> <span class='ocrx_word' id='word_1_869' title='bbox 895 3223 940 3256; x_wconf 87' lang='lat' dir='ltr'><em>est</em></span> <span class='ocrx_word' id='word_1_870' title='bbox 963 3222 1054 3267; x_wconf 85' lang='lat' dir='ltr'><em>supra</em></span> <span class='ocrx_word' id='word_1_871' title='bbox 1078 3223 1130 3257; x_wconf 87' lang='lat' dir='ltr'><em>de·</em></span> 
     </span>
     <span class='ocr_line' id='line_1_122' title="bbox 252 3271 1129 3318; baseline -0.002 -9"><span class='ocrx_word' id='word_1_872' title='bbox 252 3274 485 3310; x_wconf 82' lang='lat' dir='ltr'><em>monstratum.</em></span> <span class='ocrx_word' id='word_1_873' title='bbox 511 3272 692 3318; x_wconf 84' lang='lat' dir='ltr'><em>Gregorius</em></span> <span class='ocrx_word' id='word_1_874' title='bbox 710 3271 790 3307; x_wconf 87' lang='lat' dir='ltr'><em>dicit</em></span> <span class='ocrx_word' id='word_1_875' title='bbox 803 3281 944 3316; x_wconf 79' lang='lat' dir='ltr'><em>quarto,</em></span> <span class='ocrx_word' id='word_1_876' title='bbox 956 3273 1047 3316; x_wconf 82' lang='lat' dir='ltr'><em>quod</em></span> <span class='ocrx_word' id='word_1_877' title='bbox 1070 3272 1129 3307; x_wconf 87' lang='lat' dir='ltr'><em>ista</em></span> 
     </span>
    </p>
   </div>
   <div class='ocr_carea' id='block_1_13' title="bbox 1184 3219 2070 3316">
    <p class='ocr_par' dir='ltr' id='par_1_14' title="bbox 1184 3219 2070 3316">
     <span class='ocr_line' id='line_1_123' title="bbox 1190 3219 2070 3265; baseline -0.008 -8"><span class='ocrx_word' id='word_1_878' title='bbox 1190 3224 1391 3262; x_wconf 75' lang='lat' dir='ltr'><em>Graecorum,</em></span> <span class='ocrx_word' id='word_1_879' title='bbox 1405 3219 1575 3265; x_wconf 73' lang='lat' dir='ltr'><em>Hypostafis,</em></span> <span class='ocrx_word' id='word_1_880' title='bbox 1586 3220 1621 3256; x_wconf 76' lang='grc' dir='ltr'>ἀ</span> <span class='ocrx_word' id='word_1_881' title='bbox 1632 3220 1673 3255; x_wconf 90' lang='lat' dir='ltr'><em>de</em></span> <span class='ocrx_word' id='word_1_882' title='bbox 1685 3220 1881 3255; x_wconf 79' lang='lat' dir='ltr'><em>Latinorum</em></span> <span class='ocrx_word' id='word_1_883' title='bbox 1892 3225 1989 3265; x_wconf 72' lang='lat' dir='ltr'><em>voce,</em></span> <span class='ocrx_word' id='word_1_884' title='bbox 2000 3220 2070 3251; x_wconf 78' lang='lat' dir='ltr'><em>Per-</em></span> 
     </span>
     <span class='ocr_line' id='line_1_124' title="bbox 1184 3268 2070 3316; baseline -0.005 -10"><span class='ocrx_word' id='word_1_885' title='bbox 1184 3271 1260 3316; x_wconf 86' lang='lat' dir='ltr'><em>sona</em></span> <span class='ocrx_word' id='word_1_886' title='bbox 1273 3297 1281 3304; x_wconf 92' lang='lat'>.</span> <span class='ocrx_word' id='word_1_887' title='bbox 1310 3272 1355 3306; x_wconf 83' lang='lat' dir='ltr'><em>Er</em></span> <span class='ocrx_word' id='word_1_888' title='bbox 1364 3271 1420 3306; x_wconf 86' lang='lat' dir='ltr'><em>hic</em></span> <span class='ocrx_word' id='word_1_889' title='bbox 1440 3269 1542 3305; x_wconf 84' lang='lat' dir='ltr'><em>habes</em></span> <span class='ocrx_word' id='word_1_890' title='bbox 1553 3270 1656 3304; x_wconf 91' lang='lat' dir='ltr'><em>alium</em></span> <span class='ocrx_word' id='word_1_891' title='bbox 1670 3271 1782 3305; x_wconf 88' lang='lat' dir='ltr'><em>locum</em></span> <span class='ocrx_word' id='word_1_892' title='bbox 1793 3294 1805 3311; x_wconf 90' lang='lat'>‚</span> <span class='ocrx_word' id='word_1_893' title='bbox 1815 3270 1851 3304; x_wconf 90' lang='lat' dir='ltr'><em>in</em></span> <span class='ocrx_word' id='word_1_894' title='bbox 1863 3282 1934 3314; x_wconf 86' lang='lat' dir='ltr'><em>quo</em></span> <span class='ocrx_word' id='word_1_895' title='bbox 1942 3268 2070 3312; x_wconf 77' lang='lat' dir='ltr'><em>Grego-</em></span> 
     </span>
    </p>
   </div>
   <div class='ocr_carea' id='block_1_14' title="bbox 252 3319 2068 3469">
    <p class='ocr_par' dir='ltr' id='par_1_15' title="bbox 252 3319 2068 3469">
     <span class='ocr_line' id='line_1_125' title="bbox 252 3319 2068 3363; baseline -0.007 -3"><span class='ocrx_word' id='word_1_896' title='bbox 252 3325 296 3360; x_wconf 88' lang='lat' dir='ltr'><em>de</em></span> <span class='ocrx_word' id='word_1_897' title='bbox 306 3323 441 3358; x_wconf 81' lang='lat' dir='ltr'><em>vocibus</em></span> <span class='ocrx_word' id='word_1_898' title='bbox 466 3323 635 3358; x_wconf 85' lang='lat' dir='ltr'><em>altercatio</em></span> <span class='ocrx_word' id='word_1_899' title='bbox 646 3321 758 3357; x_wconf 87' lang='lat' dir='ltr'><em>Partes</em></span> <span class='ocrx_word' id='word_1_900' title='bbox 779 3322 825 3356; x_wconf 87' lang='lat' dir='ltr'><em>ita</em></span> <span class='ocrx_word' id='word_1_901' title='bbox 845 3321 1067 3363; x_wconf 66' lang='lat' dir='ltr'><em>exacerbant,</em></span> <span class='ocrx_word' id='word_1_902' title='bbox 1092 3333 1130 3358; x_wconf 87' lang='lat' dir='ltr'><em>ut</em></span> <span class='ocrx_word' id='word_1_903' title='bbox 1190 3323 1256 3357; x_wconf 86' lang='lat' dir='ltr'><em>rius</em></span> <span class='ocrx_word' id='word_1_904' title='bbox 1276 3321 1538 3356; x_wconf 69' lang='lat' dir='ltr'><em>sacro-Sanctam</em></span> <span class='ocrx_word' id='word_1_905' title='bbox 1559 3319 1763 3354; x_wconf 81' lang='lat' dir='ltr'><em>Trinitatem</em></span> <span class='ocrx_word' id='word_1_906' title='bbox 1775 3319 1860 3358; x_wconf 66' lang='lat' dir='ltr'><em>dixit</em></span> <span class='ocrx_word' id='word_1_907' title='bbox 1879 3319 1942 3354; x_wconf 77' lang='lat' dir='ltr'><em>effe</em></span> <span class='ocrx_word' id='word_1_908' title='bbox 1963 3325 2068 3350; x_wconf 88' lang='lat' dir='ltr'><em>unum</em></span> 
     </span>
     <span class='ocr_line' id='line_1_126' title="bbox 253 3363 2067 3416; baseline -0.003 -8"><span class='ocrx_word' id='word_1_909' title='bbox 253 3374 360 3409; x_wconf 77' lang='lat' dir='ltr'><em>Graeci</em></span> <span class='ocrx_word' id='word_1_910' title='bbox 370 3373 507 3406; x_wconf 87' lang='lat' dir='ltr'><em>Latinos</em></span> <span class='ocrx_word' id='word_1_911' title='bbox 518 3369 750 3411; x_wconf 69' lang='lat' dir='ltr'><em>sabellianos,</em></span> <span class='ocrx_word' id='word_1_912' title='bbox 765 3371 878 3405; x_wconf 89' lang='lat' dir='ltr'><em>Latini</em></span> <span class='ocrx_word' id='word_1_913' title='bbox 890 3371 1021 3406; x_wconf 71' lang='lat' dir='ltr'><em>Graecos</em></span> <span class='ocrx_word' id='word_1_914' title='bbox 1046 3372 1133 3407; x_wconf 91' lang='lat' dir='ltr'><em>dice-</em></span> <span class='ocrx_word' id='word_1_915' title='bbox 1189 3373 1301 3408; x_wconf 88' lang='lat' dir='ltr'><em>lumen</em></span> <span class='ocrx_word' id='word_1_916' title='bbox 1324 3371 1443 3416; x_wconf 84' lang='lat' dir='ltr'><em>triplex</em></span> <span class='ocrx_word' id='word_1_917' title='bbox 1466 3395 1478 3412; x_wconf 89' lang='lat'><em>,</em></span> <span class='ocrx_word' id='word_1_918' title='bbox 1503 3378 1609 3406; x_wconf 85' lang='lat' dir='ltr'><em>unum</em></span> <span class='ocrx_word' id='word_1_919' title='bbox 1636 3371 1671 3405; x_wconf 92' lang='lat' dir='ltr'><em>in</em></span> <span class='ocrx_word' id='word_1_920' title='bbox 1693 3369 1836 3404; x_wconf 76' lang='lat' dir='ltr'><em>Effentia</em></span> <span class='ocrx_word' id='word_1_921' title='bbox 1855 3373 1869 3407; x_wconf 82' lang='lat'><em>‚¹</em></span> <span class='ocrx_word' id='word_1_922' title='bbox 1890 3363 2009 3410; x_wconf 77' lang='lat' dir='ltr'><em>triplex</em></span> <span class='ocrx_word' id='word_1_923' title='bbox 2029 3366 2067 3400; x_wconf 82' lang='lat' dir='ltr'><em>in</em></span> 
     </span>
     <span class='ocr_line' id='line_1_127' title="bbox 254 3416 1965 3469; baseline -0.005 -9"><span class='ocrx_word' id='word_1_924' title='bbox 254 3434 328 3460; x_wconf 84' lang='lat' dir='ltr'><em>rent</em></span> <span class='ocrx_word' id='word_1_925' title='bbox 349 3422 511 3458; x_wconf 89' lang='lat' dir='ltr'><em>Arianos.</em></span> <span class='ocrx_word' id='word_1_926' title='bbox 538 3423 670 3469; x_wconf 82' lang='lat' dir='ltr'><em>Qinto</em></span> <span class='ocrx_word' id='word_1_927' title='bbox 681 3421 769 3466; x_wconf 89' lang='lat' dir='ltr'><em>quod</em></span> <span class='ocrx_word' id='word_1_928' title='bbox 792 3421 955 3456; x_wconf 87' lang='lat' dir='ltr'><em>discordia</em></span> <span class='ocrx_word' id='word_1_929' title='bbox 977 3433 1020 3456; x_wconf 91' lang='lat' dir='ltr'><em>eo</em></span> <span class='ocrx_word' id='word_1_930' title='bbox 1033 3424 1132 3466; x_wconf 90' lang='lat' dir='ltr'><em>usque</em></span> <span class='ocrx_word' id='word_1_931' title='bbox 1189 3422 1362 3458; x_wconf 88' lang='lat' dir='ltr'><em>Personis.</em></span> <span class='ocrx_word' id='word_1_932' title='bbox 1393 3420 1518 3456; x_wconf 85' lang='lat' dir='ltr'><em>Phrasis</em></span> <span class='ocrx_word' id='word_1_933' title='bbox 1529 3421 1575 3455; x_wconf 84' lang='lat' dir='ltr'><em>est</em></span> <span class='ocrx_word' id='word_1_934' title='bbox 1586 3422 1679 3466; x_wconf 88' lang='lat' dir='ltr'><em>supra</em></span> <span class='ocrx_word' id='word_1_935' title='bbox 1690 3420 1787 3454; x_wconf 83' lang='lat' dir='ltr'><em>latius</em></span> <span class='ocrx_word' id='word_1_936' title='bbox 1804 3416 1944 3460; x_wconf 75' lang='lat' dir='ltr'><em>exposita</em></span> <span class='ocrx_word' id='word_1_937' title='bbox 1957 3440 1965 3448; x_wconf 92' lang='lat'><em>-</em></span> 
     </span>
    </p>
   </div>
   <div class='ocr_carea' id='block_1_15' title="bbox 254 3469 1132 3518">
    <p class='ocr_par' dir='ltr' id='par_1_16' title="bbox 254 3469 1132 3518">
     <span class='ocr_line' id='line_1_128' title="bbox 254 3469 1132 3518; baseline -0.003 -8"><span class='ocrx_word' id='word_1_938' title='bbox 254 3471 393 3518; x_wconf 78' lang='lat' dir='ltr'><em>venerit,</em></span> <span class='ocrx_word' id='word_1_939' title='bbox 400 3481 441 3509; x_wconf 90' lang='lat' dir='ltr'><em>ut</em></span> <span class='ocrx_word' id='word_1_940' title='bbox 450 3471 714 3518; x_wconf 76' lang='lat' dir='ltr'><em>effetpericulum</em></span> <span class='ocrx_word' id='word_1_941' title='bbox 724 3471 901 3509; x_wconf 71' lang='lat' dir='ltr'><em>laceranda:</em></span> <span class='ocrx_word' id='word_1_942' title='bbox 913 3469 1132 3510; x_wconf 84' lang='lat' dir='ltr'><em>Communio-</em></span> 
     </span>
    </p>
   </div>
   <div class='ocr_carea' id='block_1_16' title="bbox 1240 3463 2070 3551">
    <p class='ocr_par' dir='ltr' id='par_1_17' title="bbox 1240 3463 2070 3551">
     <span class='ocr_line' id='line_1_129' title="bbox 1240 3463 2070 3523; baseline -0.01 -16"><span class='ocrx_word' id='word_1_943' title='bbox 1240 3471 1391 3507; x_wconf 86' lang='lat' dir='ltr'><em>Eandem</em></span> <span class='ocrx_word' id='word_1_944' title='bbox 1401 3470 1571 3515; x_wconf 82' lang='lat' dir='ltr'><em>Synodum</em></span> <span class='ocrx_word' id='word_1_945' title='bbox 1585 3482 1624 3506; x_wconf 86' lang='lat' dir='ltr'><em>ac</em></span> <span class='ocrx_word' id='word_1_946' title='bbox 1646 3470 1822 3505; x_wconf 85' lang='lat' dir='ltr'><em>Decretum</em></span> <span class='ocrx_word' id='word_1_947' title='bbox 1832 3465 1921 3501; x_wconf 86' lang='lat' dir='ltr'><em>idem</em></span> <span class='ocrx_word' id='word_1_948' title='bbox 1942 3463 2070 3523; x_wconf 52' lang='lat' dir='ltr'><em>Grego-u</em></span> 
     </span>
     <span class='ocr_line' id='line_1_130' title="bbox 1955 3525 2022 3551; baseline -0.015 0"><span class='ocrx_word' id='word_1_949' title='bbox 1955 3525 2022 3551; x_wconf 75' lang='lat' dir='ltr'><em>rius</em></span> 
     </span>
    </p>
   </div>
  </div>
 </body>
</html>
