2340 3736
356 166 417 214 36

287 245 320 276 &
346 242 435 284 super
453 249 570 273 omnes
596 237 729 273 Sanctus
749 231 907 270 Paulinus
925 233 1076 268 Nolenfis
1096 233 1168 276 Epi-

288 295 424 335 scopus,
450 301 509 334 pro
535 287 705 324 liberando
730 285 833 320 viduae
846 285 918 318 filio
942 283 1013 327 post
1033 284 1170 317 effusum

287 353 345 386 pro
378 341 450 374 aliis
473 350 575 375 omne
598 348 713 371 aurum
743 336 823 370 dans
844 333 1016 368 Wandalis
1037 333 1170 370 Arianis

116 400 146 428 L.
172 408 196 424 ι.
218 398 269 433 ΕΓ.
287 392 491 435 semetipsum
514 414 520 421 .
558 389 691 422 Saucius
720 385 900 431 Gregorius
934 384 1081 429 Magnus
1099 394 1167 417 non

117 447 163 474 3²·
287 444 419 478 tantum
438 440 589 476 homines
598 437 717 476 liberos
730 461 741 477 ,
769 436 821 470 sed
840 435 972 478 &ipsos
987 445 1160 477 pauperum

118 479 149 507 L·
174 485 199 511 ⁵·
221 476 270 512 Ep.
288 493 500 527 dominorum
536 490 642 523 servos
687 487 825 522 redemit
860 487 878 518 ὲ
915 483 1166 529 Longobardis,

118 525 168 585 Ξῖ
180 565 205 589 7·
227 554 271 592 Jn.
290 542 511 587 quosdamque
536 540 698 573 Firmanae
724 536 868 572 civitatis
888 534 1035 573 Clericos
1061 533 1095 567 δε
1115 532 1172 566 lai-

119 594 187 625 dist.
208 605 232 622 2-
291 604 347 627 cos
383 589 600 628 Ecclesiastica
620 588 759 633 pecunia
784 585 968 632 redemptos
987 584 1110 618 exemit
1130 582 1172 623 ab

120 634 253 680 Ep³sp¹4
291 641 384 676 omni
405 651 503 677 onere
524 638 759 677 restitutionis,
786 636 942 680 quoniam
955 635 1041 679 leges
1064 633 1172 672 &Ca-

117 673 256 718 Jnsset'ffi
290 702 395 730 nones
415 690 608 735 permittunt
631 687 778 723 Ecclefiae
800 685 1011 725 substantiam
1034 683 1172 728 captivis

120 714 255 754 Epsshw'
292 741 469 786 impendi.
498 741 542 774 Et
575 738 652 773 hinc
684 737 876 782 pauperibus
905 735 1076 783 Episcopis
1097 759 1108 774 ‚
1134 743 1172 768 ut

291 791 429 842 ‘captivis
454 791 496 826 ad
529 788 765 826 emendicanda
800 785 1035 835 redemptionis
1069 785 1171 829 pretia

876 150 1506 196 DIsSERTAr10

1231 231 1309 266 dent
1333 230 1454 266 litteras
1476 234 1654 277 formatas,
1678 234 1763 280 apud
1787 238 1946 283 Jacobum
1966 243 2110 279 Sirmon·

1232 282 1312 316 dum
1334 281 1467 315 mandat
1488 284 1582 317 tertia
1594 285 1746 330 synodus
1757 280 2002 336 Lugdunensis.
2031 294 2112 329 Erat

1233 331 1415 369 miserabile
1436 331 1572 366 miseriae
1594 334 1737 372 levamen
1750 363 1758 372 .
1784 341 1897 389 Qare
1916 342 2112 380 Valerianus

1233 381 1406 426 Presbyter
1418 394 1476 429 pro
1490 383 1499 416 i
1503 381 1562 425 pfis
1571 386 1705 427 captivis
1716 391 1923 428 mendicabat
1934 418 1947 434 ,
1971 394 2013 430 ad
2024 395 2112 439 ipsos

1234 433 1268 467 in
1279 433 1432 478 regiones
1453 433 1651 477 longinquas
1662 440 1815 479 acquisita
1826 441 1974 479 deferens
1985 470 1997 486 ,
2021 456 2112 480 eum.

1233 494 1296 527 que
1325 483 1535 539 commendat
1558 484 1735 527 plurimum
1757 488 1906 527 laudatus
1930 495 2112 540 Gregorius
2128 478 2207 546 ‘1535'
2222 477 2286 546 ¹1¹¹*

1234 533 1399 578 Magnus.
1426 534 1505 577 Ejus
1524 535 1712 579 exemplum
1734 539 1856 581 peperit
1877 542 2024 581 Ecclefiae
2034 547 2112 581 San.
2130 534 2267 595 Epfm'

1234 584 1316 622 ,stam
1351 583 1482 618 Divinae
1511 584 1688 626 Trinitatis
1721 588 1902 632 regularem
1929 595 2112 635 familiam,

1234 634 1290 674 cui
1317 633 1431 667 titulus
1453 658 1465 674 ,
1503 637 1584 668 Ordo
1614 638 1653 670 de
1677 639 1875 680 redemptione
1906 647 2089 683 captivorum
2102 670 2110 677 .

1238 682 1316 726 Ejus
1338 684 1458 726 pietate
1478 696 1635 729 magnum
1653 687 1761 732 Belgii
1783 688 1978 725 Chronicon
1998 690 2111 729 deseri·
2129 712 2156 741 p·
2180 720 2244 742 ιη,
2289 724 2292 725 ⁷

1237 732 1286 767 bit
1298 758 1305 765 .
1331 732 1496 780 roirca
1518 733 1586 770 haec
1607 737 1642 770 in
1653 737 1745 774 Ibam
1766 741 1928 776 accusatio
1941 765 1954 783 ,
1980 742 2003 776 fi
2017 754 2111 789 vera,

1236 784 1303 824 fuit
1315 782 1456 820 ,omnino
1464 782 1547 832 justa
1554 809 1562 816 .

2129 361 2201 400 Cap.
2220 345 2247 399 3⁴.

688 1056 1537 1149 CAPITULUM
1593 1059 1713 1145 ΙΙ.

298 1288 300 1290 ’
422 1278 584 1332 Ursum
620 1279 800 1330 calicem
835 1292 1101 1340 gemmatum
1137 1274 1286 1337 magni
1320 1277 1450 1341 pretii
1485 1312 1498 1336 ‚
1543 1273 1742 1325 oblatum
1778 1277 1926 1327 nostrae
1961 1281 2115 1330 Eccle-

457 1350 521 1399 fiae
557 1347 582 1402 ὲ
618 1347 760 1397 saneto
797 1352 894 1401 viro
929 1364 1032 1397 ante
1067 1362 1202 1395 annos
1239 1343 1467 1406 undecim,
1502 1347 1615 1397 inter
1651 1346 1752 1397 vasa
1786 1347 1935 1398 sanstae
1961 1352 2112 1401 Eccle-

291 1420 357 1474 fiae
391 1438 478 1470 non
512 1417 726 1492 reposuit,
763 1423 806 1473 &
840 1418 1053 1491 nescimus
1089 1413 1199 1488 quid
1235 1413 1394 1468 faeum
1429 1416 1481 1470 fit
1517 1415 1572 1470 de
1608 1434 1662 1467 eo
1682 1453 1696 1470 .

520 1592 922 1642 SCHOLION
946 1625 961 1641 .

372 1649 384 1671 6

367 1739 471 1778 Tiam
490 1739 524 1774 in
549 1738 664 1775 mediis
689 1737 966 1782 persecutionibus
992 1737 1085 1775 fuisse
1110 1738 1169 1775 Ec=

392 1789 496 1824 clefiis
507 1801 620 1827 aureos
634 1815 643 1830 ,
668 1800 840 1833 argenteos
854 1814 864 1830 ‚
885 1798 1068 1834 gemmatos
1079 1813 1090 1829 ,
1112 1801 1165 1826 εκ-

289 1841 372 1878 latos
404 1840 520 1874 calices
553 1840 655 1882 liquet
687 1852 727 1874 ex
748 1839 929 1875 Prudentio
954 1863 964 1879 ,
994 1838 1170 1876 inducente

288 1889 544 1928 debacchantem
569 1899 746 1938 tyrannum
767 1889 801 1923 in
814 1889 881 1923 haec
903 1889 998 1924 verba
1021 1887 1169 1926 adversus

289 1940 439 1972 sanctum
463 1940 676 1978 Laurentium
699 1939 859 1973 Romanae
880 1939 1027 1975 Ecclefiae
1051 1938 1167 1973 Archi-

290 1990 478 2027 Diaconum
498 2015 505 2021 .
535 1995 620 2026 Hunc
639 1990 691 2031 esse
713 1988 818 2029 vestris
840 1995 928 2033 orgiis
949 2001 1114 2032 moremque
1133 1990 1168 2027 ψ

289 2048 386 2072 artem
407 2063 417 2083 ‚
441 2041 596 2081 proditum
616 2039 653 2084 est
675 2064 686 2079 ‚
713 2038 789 2071 hanc
813 2038 999 2084 disciplinam
1015 2039 1143 2080 foederIs
1157 2064 1167 2081 ,

1239 1585 1326 1622 sacra
1348 1586 1421 1621 vasa
1443 1585 1589 1622 Ecclefiae
1610 1586 1850 1632 Antiochenae,
1875 1590 1986 1625 scribit
2003 1590 2037 1624 in
2049 1589 2113 1623 Ec-

1239 1635 1408 1671 clesmstica
1428 1635 1561 1673 historia
1573 1637 1806 1675 Theodoretus
1819 1665 1826 1672 .
1854 1641 1944 1677 Felix
1961 1638 2111 1683 sacrariam

1235 1684 1375 1728 vasorum
1395 1686 1644 1731 magnificentiam
1664 1688 1842 1734 conspicatus
1854 1713 1865 1729 ,
1893 1688 2018 1723 ECCE
2031 1711 2043 1728 ,
2067 1694 2114 1729 m-

1235 1742 1322 1777 quit,
1388 1735 1506 1771 UAM
1525 1737 1831 1772 SUMPTUOSIS
1842 1737 1974 1774 VAsls
1982 1737 2110 1773 FILIO

1235 1784 1359 1818 MARl
1402 1784 1411 1790 '
1433 1785 1785 1821 Mile‘rRETUR
1804 1811 1811 1819 .
1849 1787 1958 1823 Simili
1981 1789 2112 1831 magni·-

1235 1834 1362 1868 ficentia
1382 1845 1497 1870 omnes
1516 1835 1627 1878 passim
1650 1836 1808 1874 Ecclesras
1830 1835 2003 1877 abundafl‘e
2029 1837 2111 1881 ppos-

1233 1884 1270 1919 fit
1285 1884 1380 1918 facile
1396 1885 1546 1922 ostendi.
1576 1885 1668 1921 Hinc
1679 1887 1765 1921 inter
1786 1887 2020 1923 eminentiores
2040 1885 2109 1929 ejus

1232 1933 1408 1978 dignitates
1431 1946 1498 1969 erat
1511 1934 1611 1975 Custos
1627 1934 1780 1980 sacrorum
1790 1936 1948 1981 vasorum.

1280 1983 1416 2022 Obstare
1438 1985 1564 2020 viderur
1577 1987 1804 2022 Tertullianus
1823 1988 1858 2025 in
1872 1987 1955 2022 libro
1965 1987 2006 2022 de
2017 1985 2109 2032 pudi-
2126 1978 2159 2008 C*
2174 1986 2202 2014 ⁷⁹

1231 2034 1306 2068 citia
1320 2059 1327 2066 .
1356 2037 1522 2071 Procedant
1541 2034 1614 2079 ipsae
1630 2037 1757 2079 pic‘lurae
1778 2039 1901 2073 calicum
1926 2037 2107 2077 vestrorum,

288 2089 383 2123 libent
394 2097 426 2126 ut
437 2096 470 2121 in
493 2101 565 2123 auro
580 2089 751 2129 antistites:
778 2092 932 2132 Argenteis
946 2089 1169 2131 feruntfuma-
1223 2082 1252 2125 fi
1261 2086 1315 2118 'vel
1334 2087 1438 2118 inilh's
1453 2086 1616 2126 perlucebit
1635 2093 1841 2129 interpretatio
1856 2089 1982 2131 pecudi:
2008 2087 2105 2119 illius.

289 2151 320 2173 re
342 2136 459 2181 sacrum
493 2137 670 2183 sanguinem
693 2163 700 2170 .
730 2139 832 2186 Qod
865 2149 1006 2180 namque
1037 2140 1167 2173 Sanetus
1231 2134 1382 2168 Romana
1410 2146 1570 2177 namque,
1596 2136 1746 2171 adversus
1757 2147 1855 2179 quam
1868 2145 1990 2180 pugnat
2001 2135 2106 2168 homo

238 2226 240 2235 ,
289 2190 484 2226 Laurentius
505 2200 573 2222 non
604 2189 815 2222 solummodo
835 2188 998 2233 lignatum
1021 2188 1168 2224 Ecclefiae

155 2245 164 2256 '
216 2246 239 2262 ·2
266 2258 269 2261 ·
290 2239 418 2273 Aurum
438 2262 449 2278 ,
475 2238 529 2271 sed
551 2239 586 2271 ὃς
608 2239 735 2273 initiata
758 2249 852 2272 aurea
875 2240 945 2271 vasa
965 2238 1108 2274 diviserit
1131 2239 1164 2272 in

290 2299 443 2332 pauperes
462 2311 472 2327 ‚
499 2288 632 2322 testatur
653 2288 786 2324 Sandius
808 2287 998 2323 Ambrosius
1020 2288 1054 2320 in
1076 2287 1166 2322 libris

288 2333 474 2372 officiorum
493 2362 500 2369 .
539 2336 638 2371 Adeo
671 2337 815 2371 vetustus
846 2336 892 2373 est
915 2336 992 2372 ritus
1022 2337 1167 2373 Ecclefiae

289 2386 435 2431 quaedam
448 2388 518 2421 vasa
542 2386 716 2424 initiandi.
744 2386 932 2422 Eorundem
944 2387 1093 2422 vasorum
1114 2398 1167 2420 cuv

290 2437 465 2482 piditatem
484 2436 577 2471 fuisse
599 2436 774 2482 gentilium
797 2437 987 2483 Principum
1010 2436 1167 2473 Procurae

289 2487 415 2522 toribus
438 2488 640 2531 frequentem
662 2488 773 2520 ansam
786 2486 952 2521 movendae
974 2486 1007 2520 in
1022 2497 1083 2520 nos
1099 2498 1166 2531 pere

289 2537 465 2575 secutionis
496 2537 633 2574 affirmat
665 2536 824 2570 Eusebius
858 2536 1063 2573 Caesareenfis
1086 2561 1093 2567 .
1121 2537 1164 2572 Et

119 2579 252 2608 L.3.c.22,
287 2585 367 2623 hinc
393 2587 564 2625 inductum
584 2586 602 2623 ὲ
623 2587 837 2621 Diocletiano
860 2584 1012 2630 Augusto
1038 2586 1161 2621 crimen

288 2637 474 2672 traditionis
494 2648 563 2671 non
587 2636 673 2670 solos
692 2637 794 2670 sacros
817 2636 947 2673 codices
966 2660 977 2676 ,
1004 2636 1056 2670 sed
1080 2637 1164 2673 sacra

289 2687 388 2722 etiam
402 2689 475 2725 vasa
494 2687 535 2721 ab
547 2686 717 2730 Episcopis
740 2687 774 2720 &
786 2685 922 2722 Clericis
933 2686 1161 2731 extorquebat.

290 2737 423 2772 Etenim
442 2737 478 2772 in
500 2737 615 2772 litteris
624 2736 665 2771 ad
677 2737 879 2771 Generosum
894 2737 1027 2772 Sanctus
1050 2737 1164 2779 Augu-

201 2772 273 2803 -165-
290 2787 392 2820 stinus
414 2789 509 2823 refert
533 2786 614 2820 Aeta
635 2787 762 2830 publica
787 2810 798 2826 ,
836 2787 870 2819 in
897 2785 1014 2829 quibus
1040 2786 1163 2821 Paulus

291 2836 570 2871 Constantinenfis
582 2837 760 2881 Episcopus
771 2835 921 2870 scribitur
931 2835 1095 2872 tradidisse
1117 2842 1161 2871 in-

282 2887 448 2927 strumenta
469 2892 622 2920 Domintca
644 2910 655 2927 ,
683 2887 891 2929 Capitulatam
911 2893 1079 2929 argenteam
1091 2908 1101 2924 ‚
1125 2886 1159 2923 (ἐν

290 2946 459 2980 argenteam
478 2939 626 2971 lucernam
648 2960 657 2973 ‚
682 2938 727 2971 Et
747 2937 780 2970 in
804 2935 894 2972 libris
915 2935 1064 2972 adversus
1088 2934 1165 2969 Cre-

122 2766 197 2805 Epist

291 2988 440 3025 sconium
460 2987 668 3025 Donatistam
689 2986 822 3021 adducit
844 2986 979 3023 Brevem
1004 3010 1014 3025 ,
1042 2987 1096 3022 seu
1115 2996 1165 3018 cae

291 3037 439 3080 talogum
462 3048 568 3074 rerum
599 3047 678 3075 tunc
697 3036 716 3071 a
738 3036 922 3073 Donatistis
954 3036 1141 3072 traditarum
1155 3060 1164 3075 ‚

292 3087 406 3129 easque
430 3087 513 3120 inter
534 3088 607 3124 sunt
630 3098 693 3124 tres
706 3087 793 3121 aurei
815 3086 910 3123 &sex
930 3085 1044 3122 calices
1056 3096 1164 3130 argen-

235 3165 255 3182 2¹
272 3174 278 3185 ³
293 3137 336 3172 tei
354 3161 360 3167 .
389 3136 433 3170 Et
452 3139 594 3179 Optatus
615 3138 831 3174 Milevitanus
855 3136 1035 3183 Episcopus
1055 3136 1102 3171 ait
1126 3135 1166 3168 de

295 3187 404 3219 eadem
426 3188 647 3229 persecutione
669 3200 675 3218 :
714 3190 818 3223 Erant
837 3197 876 3220 ex
899 3197 971 3219 auro
991 3187 1025 3221 ὠ·
1045 3194 1166 3233 argento

297 3246 384 3274 quam
391 3238 522 3276 plurima
535 3245 724 3268 ornamenta.
756 3236 798 3271 Et
809 3248 848 3268 ex
860 3235 1001 3279 antiquis
1021 3236 1143 3281 cryptis
1155 3258 1165 3274 ‚

299 3283 332 3315 in
347 3286 461 3324 quibus
485 3287 566 3319 olim
579 3284 689 3321 fideles
706 3296 799 3330 egere
810 3285 934 3318 Divina
946 3309 956 3325 ,
981 3286 1079 3321 effodi
1092 3296 1168 3322 con-

300 3332 430 3367 sueviffe
450 3336 534 3369 varia
555 3334 733 3371 ministeria
753 3345 903 3378 argentea
925 3334 1057 3368 testatur
1080 3336 1115 3369 in
1135 3334 1169 3366 li-

301 3379 359 3414 bro
380 3380 420 3414 de
441 3383 543 3425 gloria
558 3386 742 3427 Martyrum
756 3386 887 3420 Sanetus
910 3384 1088 3428 Gregorius
1098 3384 1165 3419 Tu-

299 3432 461 3464 ronensls.
491 3432 531 3464 Et
544 3434 582 3466 de
595 3436 702 3468 Felice
713 3434 811 3478 Regii
833 3432 971 3467 thesauri
984 3434 1151 3482 Qaestore
1161 3456 1171 3472 ‚

130 3386 201 3420 Cap.
217 3387 263 3419 38.

133 3501 162 3528 L
167 3506 233 3534 3.c.1
244 3508 267 3526 1,
301 3481 395 3516 mjffo
416 3481 434 3514 a
448 3481 575 3524 Juliano
590 3483 739 3527 Augusto
751 3484 909 3527 Apostata
932 3483 973 3518 ad
990 3482 1167 3529 diripienda
1233 3481 1322 3519 enim
1332 3481 1401 3516 vini
1422 3481 1463 3516 de
1473 3481 1595 3519 alboin
1605 3478 1737 3516 rubrum
1762 3477 1909 3515 colorem
1918 3476 2111 3512 transmuta-

1230 2184 1362 2223 devius‚
1388 2184 1531 2219 Ecclesia
1543 2185 1577 2218 in
1591 2185 1746 2222 calicibus
1758 2186 1823 2218 suis
1843 2185 2029 2220 Dominum
2041 2184 2107 2216 Sal·

1231 2244 1376 2268 vatorem
1386 2234 1539 2277 pingebat
1547 2234 1580 2266 in
1593 2234 1696 2276 specie
1705 2233 1783 2266 boni
1793 2232 1934 2266 Pastoris
1943 2242 2105 2268 errantem

1228 2294 1325 2317 ovem
1336 2285 1371 2316 in
1392 2282 1533 2319 humeris
1545 2282 1585 2316 ad
1605 2283 1781 2327 gregem&
1803 2283 1917 2329 pascua
1938 2292 2106 2326 reportan-

1229 2333 1287 2365 tis.
1315 2331 1390 2367 Ubi
1412 2356 1423 2371 ,
1450 2343 1516 2365 vox
1536 2355 1547 2372 ‚
1574 2332 1697 2367 Pictura
1718 2355 1730 2374 ,
1754 2331 1899 2367 ostendit
1919 2333 2036 2368 calices
2058 2332 2105 2366 vi-

1227 2392 1313 2415 treos
1326 2381 1436 2415 fuisse.
1463 2382 1557 2417 Hinc
1568 2383 1671 2426 pergit
1683 2382 1931 2418 Tertullianus:
1958 2386 2026 2427 Ego
2037 2383 2115 2423 ejus·>

1229 2431 1359 2466 Pastoris
1382 2434 1550 2473 scripturas
1570 2430 1698 2472 haurio,
1723 2438 1773 2474 qui
1785 2431 1898 2475 frangi
1915 2444 1972 2465 non
1989 2431 2083 2475 potest
2095 2456 2103 2463 .

1225 2480 1339 2515 Innuit
1362 2481 1481 2524 pictum
1507 2482 1542 2514 in
1575 2481 1736 2517 Romanis
1761 2480 1916 2518 calicibus
1937 2481 2105 2518 Pastorem
2150 2491 2152 2493 ’

1226 2532 1317 2565 fuisse
1338 2530 1488 2575 fragilem
1510 2555 1522 2571 ‚
1549 2531 1625 2575 quia
1646 2532 1763 2576 nempe
1797 2531 1831 2564 in
1855 2533 1940 2567 vitro
1963 2556 1971 2564 .
1996 2532 2042 2568 Et
2061 2530 2116 2566 de>

1228 2580 1418 2624 Zephyrino
1429 2580 1515 2624 Papa
1527 2606 1537 2622 ‚
1563 2581 1599 2614 in
1610 2593 1707 2625 quem
1722 2581 1831 2618 scribit
1850 2580 2106 2622 Tertullianus,

1228 2630 1308 2664 dicit
1321 2629 1402 2668 liber
1424 2630 1647 2667 Pontificalis.
1677 2635 1762 2669 Fecit
1771 2630 1954 2672 constitutum
1978 2632 2106 2665 demas

1227 2679 1352 2722 Ecclesia
1364 2705 1375 2720 ‚
1401 2688 1434 2717 ut
1438 2689 1569 2722 patenas
1581 2687 1695 2717 vitreas
1708 2682 1834 2721 ministri
1844 2690 1916 2715 ante
1934 2681 2105 2715 Sacerdotes

1223 2739 1400 2772 portarent,
1426 2732 1499 2766 dum
1525 2729 1690 2774 Episcopus
1717 2732 1832 2775 Miffam
1855 2731 2031 2767 celebraret.
2058 2730 2106 2765 Et

1225 2779 1265 2814 de
1277 2781 1394 2818 SanCto
1406 2781 1543 2818 Donato
1554 2780 1694 2818 Aretino
1721 2781 1884 2824 Episcopo
1909 2779 2006 2817 habet
2018 2780 2103 2814 Mar,

1227 2831 1430 2878 tyrologium
1452 2831 1662 2867 Romanum-t
1690 2831 1866 2868 Frac‘lumd
1889 2833 2024 2875 Paganis
2034 2829 2101 2864 cali.
2122 2844 2235 2878 Aug-8.

1226 2892 1309 2921 cem,
1335 2880 1426 2923 quod
1438 2881 1550 2923 utique
1572 2881 1689 2917 vitreus
1711 2881 1790 2915 effer
1807 2905 1818 2921 ‚
1840 2882 1951 2915 orando
1960 2879 2103 2924 instaura-

1227 2936 1293 2964 vit.
1322 2929 1415 2970 Etde
1429 2930 1585 2974 antiquo,
1612 2930 1875 2976 Apostolicisque
1901 2928 2103 2973 temporibus

1229 2981 1340 3014 vicino
1352 2979 1501 3017 haeretico
1521 2981 1665 3025 &mago
1685 2981 1802 3015 Marco
1823 2981 1954 3017 Sanetus
1967 2981 2104 3014 lrenaeus

1229 3031 1404 3076 Episcopus
1427 3029 1653 3076 Lugdunensis
1675 3056 1681 3065 .
1711 3033 1770 3064 Pro
1790 3033 1875 3067 calice
1906 3035 1978 3064 vino
2010 3034 2106 3066 mixto
2124 3034 2184 3064 La.
2199 3041 2258 3069 c-9.

1223 3080 1340 3124 fingens
1345 3079 1378 3128 se
1383 3086 1504 3124 gratias
1515 3093 1602 3128 agere
1613 3105 1623 3125 ‚
1650 3083 1684 3115 (3·
1694 3087 1726 3114 in
1737 3084 1862 3116 multum
1872 3081 2036 3117 extendens
2040 3076 2105 3121 ser-

1228 3142 1340 3177 monem
1362 3136 1558 3167 invocatitmis
1570 3155 1581 3171 ,
1603 3133 1832 3173 purpureum&
1853 3131 1973 3170 rubrum
1981 3135 2106 3172 appare-

1230 3179 1367 3224 refacit,
1392 3188 1425 3212 ut
1430 3188 1554 3221 putetur
1567 3192 1603 3214 ea
1607 3187 1712 3225 gratia
1722 3181 1760 3213 ab
1772 3186 1810 3214 iis
1825 3205 1836 3223 ‚
1862 3191 1928 3223 quae
1935 3175 2009 3220 sunt
2016 3175 2106 3221 fitper

1230 3237 1348 3268 omnia,
1368 3228 1545 3274 sanguinem
1551 3229 1640 3273 suum
1657 3231 1816 3272 stillaret),
1834 3231 1916 3270 fillius
1927 3228 2043 3263 calicem
2049 3235 2107 3268 per

1230 3274 1440 3316 invocationem
1459 3282 1545 3327 ejus,
1572 3282 1706 3319 &valde
1727 3276 1921 3323 conpuplfiere
1938 3275 2106 3320 presentes

1231 3343 1267 3364 ex
1290 3331 1337 3364 illo
1344 3330 1462 3374 gustare
1479 3332 1599 3373 poculo,
1624 3334 1703 3369 ut&
1720 3338 1814 3370 ,meos
1826 3326 1940 3368 stillet,
1967 3338 2035 3369 quae
2050 3334 2108 3368 per

1231 3392 1346 3425 magum
1357 3380 1433 3414 bunc
1444 3390 1566 3415 vocatur
1584 3387 1689 3426 gratia
1702 3404 1709 3411 .
1737 3377 1814 3420 Ejus
1835 3377 1952 3413 calices
1962 3377 2054 3413 fuisse
2065 3388 2108 3409 ex

1234 3434 1314 3467 vitro
1338 3431 1412 3466 albo
1435 3431 1571 3465 Sane’cus
1603 3427 1804 3473 Epiphanius
1825 3425 1956 3467 testatur
1978 3449 1986 3457 .
2014 3425 2109 3459 Hinc
2131 3448 2283 3487 Emesam

2010 3525 2061 3560 tio
