2340 3736
326 166 437 208 232.

253 239 287 269 ta
294 229 388 275 sunt,
415 243 490 266 nunc
506 231 727 270 retrudantur.
765 230 900 266 Etenim
928 241 983 274 per
1005 226 1142 271 appella-

255 283 384 318 tionem
404 284 492 327 prior
511 283 610 327 judex
636 281 820 316 demutatur
846 281 882 315 in
903 279 1143 317 accusatorem,

254 343 353 376 atque
365 334 409 367 ita
422 345 491 368 non
502 333 673 367 dumtaxat
683 334 835 368 Sanctum
847 329 1041 369 Flavianum
1054 350 1065 366 ‚
1088 326 1142 360 sed

254 383 358 427 &qui
371 382 467 427 hujus
477 382 649 418 sententias
658 383 886 420 confirmarat,
913 379 947 413 ἀ
966 378 984 411 ὲ
1005 388 1072 422 quo
1098 376 1140 410 ad

253 433 438 478 generalem
459 434 630 476 Synodum
658 430 828 476 Eutyches
867 425 1143 473 impudentissime

253 483 354 519 etiam
375 483 569 527 appellarat,
595 485 748 524 Sanctum
768 481 918 515 Leonem
941 476 1139 513 Pontificem

251 532 583 569 exclusitetribunali
593 534 733 578 judicis,
759 541 854 574 atque
870 529 916 563 ita
940 528 974 561 in
997 524 1141 561 Praefidis

251 582 376 619 throno
387 584 588 620 Dioscorum
599 582 740 618 firmavit
757 578 949 618 miserabilis
972 576 1141 622 Augustus

250 631 483 677 Theodosius,
509 645 564 671 aut
576 633 686 678 potius
697 631 753 667 sub
763 631 830 674 ejus
844 629 981 664 nomine
1003 626 1143 670 Chrysa-

252 683 351 728 phius
363 685 563 720 Eunuchus.
589 685 674 730 Qis
684 683 774 717 enim
797 680 1006 715 Christianus
1019 678 1142 713 nesciat

249 735 445 770 Romanum
456 736 653 780 Episcopum
669 733 759 767 nulla
769 731 989 775 appellatione
1009 729 1028 762 a
1041 730 1142 772 supre-

241 795 305 820 ‘ma
317 785 442 829 Judicis
454 784 526 820 sede
537 785 625 829 posse
638 782 787 828 suspendi
799 782 816 813 ἓ
836 779 991 816 Secundo
1003 803 1013 819 ‚
1023 779 1140 814 eadem

250 835 383 874 Divalis
395 836 531 870 mandat
541 844 647 870 motas
658 833 699 868 de
711 833 775 868 fide
794 831 989 876 quaestiones
1014 829 1139 863 tractari

246 895 326 920 ante
337 886 451 921 omnia
464 887 497 921 &
509 886 603 931 plene
614 884 742 920 definiri
754 896 764 927 ;
789 882 919 927 quasvis
927 880 1005 914 alias
1020 903 1030 918 ‚
1041 880 1141 912 etiam

246 937 485 980 pecuniarias,
510 936 607 971 antea
627 934 812 976 nequidem
836 931 974 966 moveri.
1001 928 1143 970 Tertio,

250 986 479 1031 speftabilibus
494 987 568 1021 viris
580 984 715 1028 Elpidio
726 984 758 1018 &
771 982 917 1027 Eulogio
940 981 996 1014 dat
1018 979 1144 1014 Princi-

250 1038 302 1083 pis
314 1038 348 1072 in
361 1036 499 1080 Synodo
513 1037 599 1070 vices
608 1035 649 1069 ad
662 1032 909 1069 accelerandum
923 1029 1017 1066 rebus
1027 1029 1141 1068 finem,

250 1085 476 1132 impediendas
502 1085 632 1126 turbas,
658 1083 824 1129 inquietos
853 1081 1034 1126 Episcopus
1054 1092 1141 1115 coer—

249 1137 372 1173 cendos
384 1136 482 1171 etiam
497 1148 551 1182 per
562 1134 745 1171 custodiam
758 1157 769 1175 ,
795 1132 973 1177 synodales
984 1129 1140 1173 constitu-

249 1189 357 1223 tiones
368 1186 571 1222 mandandas
591 1184 807 1225 executioni,
832 1183 866 1217 δε
891 1181 1037 1224 Principi
1060 1182 1140 1216 refe-

249 1238 384 1274 rendas.
413 1236 541 1286 Qarto
552 1262 563 1278 ‚
588 1234 710 1270 Proclo
724 1234 807 1267 Afiae
817 1231 1011 1267 Proconsuli
1024 1230 1114 1274 jubet
1127 1255 1139 1272 ,

249 1300 287 1323 ut
301 1286 469 1332 Elpidium
488 1290 523 1323 &
536 1287 719 1332 Eulogium
738 1283 868 1335 adjuvet
880 1307 892 1327 ,
916 1283 950 1323 ὃς
970 1283 1066 1319 omni
1087 1283 1139 1318 sua

253 1339 435 1384 apparitura
449 1338 513 1374 illis
524 1338 651 1375 adsistat
660 1363 667 1371 .

301 1391 400 1424 Lesta
413 1388 465 1423 hic
479 1390 559 1424 item
570 1388 632 1424 fuit
644 1389 731 1424 sacra
753 1386 883 1423 Divalis
906 1384 948 1422 ad
958 1384 1140 1430 *Synodum

250 1438 398 1484 Epistola
410 1464 420 1479 ‚
448 1440 489 1475 ab
502 1440 632 1484 impuro
644 1438 854 1484 synodalium
865 1438 1025 1472 Actorum
1042 1436 1142 1480 Dige-

250 1491 336 1524 stote
346 1490 519 1525 redactain
543 1490 610 1525 hoc
632 1488 888 1532 compendium:
917 1490 1009 1520 Sacra
1028 1487 1139 1519 litterae

249 1542 290 1574 de
317 1540 433 1583 sanllae
459 1546 606 1573 memoriae
643 1541 820 1579 Flaviano,
844 1539 945 1579 utpote
975 1542 1141 1571 innovante

250 1591 352 1633 aliqua
380 1591 417 1623 de
436 1590 499 1633 fide
516 1598 620 1624 contra
644 1587 796 1627 Eutychen
817 1612 825 1619 .
865 1586 915 1624 Ea
936 1612 947 1628 ,
984 1588 1118 1629 inquam
1132 1611 1141 1626 ,

252 1639 401 1684 Epistola
415 1639 568 1675 Sanctum
589 1639 784 1673 Flavianum
808 1649 847 1672 ac
874 1637 944 1680 eJus
966 1636 1143 1681 Synodum

249 1691 290 1725 de
301 1691 484 1735 inquietato
498 1689 684 1734 Eutychete
694 1714 705 1730 ,
731 1687 859 1723 turbata
872 1699 927 1731 per
938 1698 1041 1722 novas
1061 1699 1142 1732 quae-

253 1742 377 1775 stiones
389 1741 527 1776 Ecclesia
539 1767 550 1781 ,
576 1742 609 1775 &
621 1738 782 1783 frequenti
797 1737 1019 1783 Augustarum
1030 1738 1143 1772 admo-

249 1792 417 1826 nitionum
437 1802 633 1834 contemptu
659 1790 787 1834 arguit,
813 1788 916 1824 trahit
935 1788 970 1822 in
992 1789 1143 1832 suspicio-

249 1854 327 1877 nem
338 1842 453 1876 erroris
465 1841 656 1876 Nestoriani
670 1865 682 1881 ,
707 1838 848 1882 ideoque
863 1839 1070 1873 necessariam
1094 1837 1142 1872 di-

249 1893 296 1927 cit
321 1893 506 1936 generalem
539 1890 734 1935 Synodum,
761 1889 978 1933 judicaturam
1003 1901 1046 1923 ex
1071 1888 1142 1923 solo

250 1942 391 1977 Nicaeno
414 1941 576 1985 Symbolo
590 1965 601 1982 ,
629 1951 724 1984 prout
748 1940 944 1973 confirmato
963 1950 1019 1982 per
1041 1940 1144 1981 Syno-

249 1993 332 2026 dum
348 1990 566 2034 Ephesinam.
595 1988 1005 2032 Constantinopolitanum
1024 1989 1143 2032 quippe

250 2041 451 2086 Symbolum
473 2042 559 2075 varia
582 2039 754 2075 adversum
777 2038 976 2082 Apollinarii
997 2049 1143 2079 errores,

251 2090 472 2138 Eutychianae
486 2089 692 2134 blasphemiae
703 2090 814 2123 fratres
822 2099 997 2132 germanos
1016 2088 1051 2122 &
1071 2089 1143 2122 fon·

250 2153 322 2181 tes,
357 2141 578 2176 additamenta
603 2139 720 2181 habet;
748 2151 786 2172 ea
817 2137 988 2181 Eutyches
1013 2137 1142 2181 pessime

251 2191 364 2228 oderat
381 2218 391 2233 ‚
418 2190 558 2235 ideoque
568 2201 609 2224 ex
624 2190 694 2223 solo
708 2189 845 2223 Nicaeno
857 2213 867 2229 ,
895 2187 953 2222 sub
975 2188 1068 2230 cujus
1081 2187 1141 2231 syl·

255 2243 339 2277 labis
353 2242 479 2277 facilius
491 2242 588 2275 latere
603 2238 695 2283 possit
709 2239 841 2274 dolosus
860 2238 955 2281 lupus
967 2262 978 2278 ,
1005 2238 1142 2282 Symbo-

253 2294 289 2331 lo
300 2291 524 2337 Chrysaphius
536 2288 720 2325 Eunuchus
733 2289 860 2334 jusserat
869 2288 1011 2337 judicari
1023 2312 1031 2324 ,

290 2563 507 2629 Exponitnr
532 2563 563 2605 S
549 2555 701 2623 ymboli
722 2553 1110 2624 Cotstamz'nopolitani

372 2630 592 2689 damnatio,
634 2626 810 2696 palmare
845 2625 1029 2675 latrocinii

533 2698 828 2767 fimdamentum
840 2732 853 2747 .

254 2842 386 2926 *AD
413 2841 509 2875 leftas
534 2837 628 2874 hasce
665 2838 829 2883 Epistolas
856 2836 1073 2873 interlocutus
1099 2835 1144 2872 est

376 2890 563 2926 Thalamus
575 2889 775 2924 Caesareenfis
795 2889 830 2922 in
853 2889 957 2932 prima
978 2888 1146 2931 Cappado-

259 2943 310 2976 cia
349 2939 666 2984 Archi-Episcopus,
707 2939 834 2972 Primas
871 2939 974 2972 totius
1000 2937 1147 2972 Ponticae

260 2990 455 3025 dioeceseos:
484 2989 639 3034 Piisstmus
658 2991 692 3024 (ν’
705 2988 961 3029 Christianae'sfimus
982 2991 1146 3030 Imperator

262 3039 431 3083 definieram
452 3040 543 3082 fidem
561 3066 571 3081 ,
599 3052 666 3083 quae
698 3039 839 3074 haelenas
863 3038 923 3078 est,
959 3039 1146 3081 inconcuffam

262 3102 404 3129 manere,
428 3096 569 3131 praecepit
581 3090 659 3123 nihil
667 3090 753 3123 aliud
763 3090 878 3127 dicere,
904 3099 995 3130 neque
1015 3099 1101 3132 agere
1112 3093 1144 3120 in

261 3140 369 3187 sanc‘t‘a
389 3140 517 3178 synodo,
543 3140 600 3180 nisi
612 3141 702 3181 prit'cs
724 3141 760 3172 de
776 3139 840 3182 fide
856 3138 1024 3179 statuatur.
1062 3139 1147 3171 Unde*

265 3196 364 3223 omnia
379 3198 505 3226 vacent,
530 3199 598 3230 quae
608 3188 681 3231 sunt
689 3199 786 3223 autem
806 3191 843 3222 de
858 3188 923 3231 fide
938 3193 1124 3230 proveniant
1138 3212 1145 3219 .

267 3241 338 3274 Cur
356 3240 479 3282 primus
497 3237 539 3272 ad
569 3236 653 3271 hanc
673 3238 843 3281 Synodum
866 3239 1068 3277 Dioscorus,
1105 3239 1151 3272 se·

266 3290 397 3323 cundus
410 3288 571 3331 Juvenalis
581 3313 591 3329 ,
618 3287 729 3321 tertius
742 3288 780 3321 stt
793 3289 922 3322 locutus
939 3287 1128 3323 Thalaffius
1138 3313 1149 3329 ,

266 3339 393 3381 operuit
405 3339 469 3380 ipse
481 3338 515 3372 in
527 3336 664 3380 synodo
677 3335 935 3383 Chalcedonenfi
949 3339 1131 3373 Dioscorus
1140 3361 1151 3377 ‚

268 3387 440 3430 alloquens
453 3388 696 3431 gloriofiffimos
708 3386 856 3430 Iudices:
884 3391 1034 3429 Comperit
1055 3389 1151 3423 vestra

270 3441 436 3475 clementia
447 3461 458 3478 ‚
484 3443 554 3483 quia
573 3450 632 3474 non
657 3437 732 3474 mibi
742 3436 798 3484 fili
810 3435 1033 3482 sacratiſsimus
1059 3439 1148 3479 noster

949 146 1409 193 Appzamx

1213 231 1377 267 Imperator
1387 228 1697 272 commifity‘udtcium‚
1717 231 1778 276 sed
1796 234 1829 269 ἐπ’
1849 235 2019 281 beatissimo
2031 240 2095 282 Ja-

1210 278 1336 318 venali,
1363 277 1591 322 &sandisstmo
1602 282 1750 326 Episcopo
1767 285 1919 329 Thalassio
1938 289 2096 323 auc‘lorita·

1208 333 1268 359 tem
1278 328 1382 365 synodi
1393 329 1477 361 dedit
1485 353 1492 361 .
1521 329 1701 366 Dioscorus
1709 335 1814 369 Sancti
1825 338 1989 379 Flaviani,
2000 340 2096 383 Juve-v

1208 375 1292 411 nalis
1304 377 1435 414 Domni
1446 377 1639 414 Patriarchae
1649 381 1851 420 Antiocheni
1874 388 2070 424 adversarius
2081 413 2095 430 ‚

1210 425 1400 461 Thalaffius
1409 438 1478 463 erat
1494 426 1599 463 homo
1611 431 1799 475 neophytus
1811 458 1822 474 ‚
1832 439 1876 470 ex
1886 438 2006 481 palatio
2017 452 2096 474 con.

1207 486 1254 510 tra
1266 477 1422 519 Canones
1435 479 1468 513 in
1481 480 1708 524 Episcopalem
1719 481 1904 519 cathedram
1918 489 2074 524 immissus
2084 511 2096 529 ,

1206 525 1350 572 ideoque
1373 526 1596 574 Chrysaphius
1624 531 1807 567 Eunuchus
1829 534 1893 568 suis
1912 548 1971 580 pro
1991 539 2096 584 Euty.

1205 576 1301 612 chete
1310 577 1462 613 adversus
1472 581 1585 615 Deum
1597 581 1631 615 δε
1655 582 1808 617 Sanctum
1828 583 2020 623 Flavianum
2040 602 2095 624 co-

1205 628 1424 672 gitationibus
1449 630 1645 674 exequendis
1663 641 1756 676 aptos
1777 633 1952 677 judicavit.
1991 638 2095 674 Dom·

1205 690 1287 712 num
1299 679 1333 713 ὃς
1345 679 1497 714 sanetum
1508 680 1716 717 Flavianum.
1727 682 1772 719 ob
1794 696 1916 729 nupera
1936 686 1978 721 de
1996 690 2096 724 tertio

1206 728 1580 775 Constantinopolitano
1621 733 1763 768 Canone
1810 736 1967 771 servando
2005 740 2097 781 pasta

1204 780 1303 813 etiam
1328 778 1515 815 Thalassius
1533 783 1645 817 oderat
1667 798 1678 818 .·
1714 784 1839 820 Oderat
1860 786 1902 820 ab
1923 786 2095 833 Episcopis

1206 828 1587 875 Constantinopolitanis
1605 833 1717 868 invadi
1740 836 1774 869 &
1793 836 1955 881 subjugari
1978 838 2096 874 dioece-

1205 880 1264 913 sim
1279 881 1366 916 suam
1375 880 1550 917 Ponticam
1562 906 1573 923 ‚
1599 884 1747 918 imitatus
1755 888 1986 922 antecessorem
2001 890 2094 924 suum

1207 929 1400 966 Helladium
1428 955 1439 972 ,
1475 933 1530 976 qui
1569 933 1706 977 qualiter
1742 935 1894 971 sanctum
1933 934 2095 981 Ioannem

1207 980 1483 1024 Chrysostomum
1505 984 1538 1017 in
1558 983 1651 1018 exilii
1675 984 1791 1020 itinere
1812 989 1954 1022 tractarit
1973 1000 2015 1022 ex
2041 1001 2098 1024 eo-

1205 1029 1282 1066 dem
1316 1032 1410 1073 zelo‚
1436 1031 1559 1068 discere
1596 1044 1689 1077 potes
1715 1047 1756 1069 ex
1784 1034 1879 1080 hujus
1909 1037 2028 1073 litteris
2054 1037 2096 1074 ad

1206 1082 1442 1125 Olympiadem
1456 1082 1682 1118 Diaconiffam
1694 1110 1701 1117 .
1729 1085 1822 1121 Hinc
1833 1077 1985 1123 eumdem
2003 1088 2098 1123 Tha-

1207 1132 1331 1168 laffium
1343 1133 1360 1166 a
1374 1131 1567 1168 Theodosio
1586 1134 1738 1179 Augusto
1762 1135 1930 1180 Eutyches
1950 1139 2099 1182 impetra-

1206 1183 1299 1217 ratin
1311 1181 1453 1225 judicem
1465 1209 1475 1224 ,
1503 1194 1613 1218 coram
1622 1195 1689 1228 quo
1701 1185 1808 1221 Sancti
1820 1188 1968 1222 Flaviani
1993 1189 2100 1232 Synov

1206 1233 1265 1267 dus
1277 1232 1318 1267 de
1329 1232 1395 1268 falfi
1408 1234 1545 1269 crimine
1557 1234 1768 1271 discuteretur
1779 1261 1786 1268 .
1815 1238 1925 1272 Etiam
1938 1239 1971 1272 in
1984 1239 2095 1284 vigeli-

1206 1294 1298 1317 mum
1319 1285 1469 1318 octavum
1490 1282 1795 1321 Chalcedonensem
1816 1287 1990 1322 Canonem
2017 1302 2096 1324 con-

1207 1333 1323 1368 sentire
1345 1332 1537 1368 Thalassius
1555 1333 1679 1371 dudum
1702 1337 1810 1371 noluit
1831 1363 1842 1379 ,
1871 1338 2017 1381 solasque
2038 1341 2095 1374 sex

1207 1384 1326 1428 primas
1337 1384 1463 1427 Synodi
1485 1384 1575 1418 istius
1597 1386 1753 1422 Affiones
1774 1385 1892 1422 detulit
1913 1390 1946 1422 in
1971 1390 2097 1434 Cappa·

1207 1434 1338 1470 dociam
1351 1459 1358 1472 ‚
1387 1434 1438 1474 Ex
1450 1434 1568 1484 quibus
1577 1434 1679 1487 liquet
1693 1436 1785 1473 fuisse
1805 1439 1909 1473 virum
1934 1440 2094 1485 propositi

1208 1495 1377 1522 tenacem.

1257 1537 1338 1580 Ejus
1357 1538 1569 1575 interlocutio
1596 1550 1663 1576 erat
1687 1553 1798 1585 aequa,
1825 1540 1963 1587 ideoque
1991 1542 2094 1586 ipsam

1207 1587 1335 1630 adjuvit
1348 1588 1498 1631 Julianus
1514 1590 1650 1625 Coenfis
1662 1591 1842 1637 Episcopus
1854 1617 1865 1633 ,
1890 1593 1998 1626 Sancti
2011 1593 2097 1626 Leo-
2137 1632 2139 1634 ,

1210 1637 1260 1672 nis
1272 1638 1368 1682 Papae
1380 1639 1530 1674 Vicarius
1553 1651 1590 1675 ac
1614 1641 1780 1685 Legmus,
1806 1642 1918 1676 dicens
1942 1653 1996 1686 per
2019 1642 2098 1675 Flo·

1209 1688 1350 1723 rentium
1372 1689 1561 1724 Sardensem
1582 1690 1800 1736 Episcopum,
1827 1693 1921 1726 suum
1945 1692 2102 1736 interpro-

1211 1749 1277 1772 tem
1290 1751 1298 1772 ι
1324 1742 1431 1782 Neque
1443 1745 1522 1774 enim
1533 1742 1804 1785 almdpraeceptum
1816 1742 1855 1784 est
1866 1767 1873 1775 .
1900 1743 1970 1777 Hic
1981 1742 2027 1776 est
2038 1741 2099 1777 ille

1209 1788 1357 1832 Julianus
1369 1813 1380 1829 ‚
1407 1791 1440 1823 &
1454 1790 1559 1824 Graeci
1569 1791 1603 1825 &
1614 1792 1727 1826 Latini
1741 1793 1900 1826 sermonis
1921 1792 2006 1826 adeo
2016 1791 2098 1835 peri-

1210 1850 1284 1879 tus,
1310 1850 1346 1873 ut
1367 1839 1408 1873 ad
1430 1839 1639 1874 Marcianum
1663 1842 1851 1885 Augustum
1872 1842 2030 1884 scripserit
2054 1839 2098 1875 de

1211 1889 1271 1923 illo
1285 1889 1435 1922 laudatus
1458 1888 1639 1924 Pontifex<
1661 1893 1746 1934 ,Quia
1764 1893 1959 1934 quorumdam
1976 1890 2097 1925 baereti-
2210 1930 2215 1935 Ι

1209 1950 1305 1973 corum
1324 1937 1448 1982 versuta
1458 1945 1618 1982 nequitia,
1644 1943 1689 1973 ad
1707 1941 1944 1974 conturbandam
1970 1942 2097 1975 aliorum
2119 1929 2262 1972 Epist269.

1203 1987 1441 2031 simplicitatem,
1469 1989 1633 2031 Epistolam
1668 2002 1786 2031 meam,
1807 2002 1897 2033 quam
1933 1993 1977 2023 ad
1998 1992 2097 2025 beatae

1209 2044 1357 2072 memoriae
1383 2040 1570 2073 Flavianum
1590 2041 1684 2080 dedi,
1703 2038 1827 2084 falsasse
1844 2039 2037 2082 perhibetur,
2063 2049 2100 2075 ue

1209 2093 1397 2122 commutatis
1409 2087 1587 2132 quibusdam
1597 2090 1706 2123 litteris
1728 2091 1781 2124 vel
1787 2087 1908 2133 sillabis
1922 2100 2098 2132 receptorem

1210 2149 1256 2172 me
1274 2137 1445 2177 Nestortant
1455 2145 1564 2173 erroris
1580 2140 1717 2184 afferent
1728 2165 1738 2181 ‚
1765 2138 1876 2183 obsecro
1898 2141 2099 2174 venerabilem

1211 2189 1409 2223 Clementiam
1419 2187 1548 2229 vestram
1558 2214 1569 2230 ,
1595 2199 1629 2223 ut
1639 2191 1774 2224 eamdem
1786 2189 1949 2233 Epssolam
1956 2199 2012 2233 per
2026 2190 2099 2233 fra-

1211 2248 1288 2272 trem
1298 2239 1568 2284 meumJultanum
1580 2238 1759 2284 Episcopum
1781 2247 1813 2273 tn
1836 2244 1974 2274 Graecum
1989 2239 2099 2284 sermo·

1211 2299 1279 2323 nem
1286 2288 1425 2330 jubeatis
1449 2291 1563 2333 integre*
1583 2291 1800 2334 diligenterque
1819 2289 1998 2333 transferri.
2028 2291 2099 2324 Cur

1212 2338 1380 2383 igiturille
1401 2338 1550 2382 Julianus
1569 2340 1611 2386 ad
1633 2341 1718 2375 hanc
1739 2340 1911 2382 Synodum
1931 2341 1976 2376 est
1997 2339 2098 2385 graec&

1211 2400 1266 2433 per
1275 2388 1482 2432 interpretem
1494 2389 1645 2424 locutus?
1673 2391 1810 2432 Propter
1820 2390 2015 2432 majestatem
2030 2390 2097 2424 Ro-

1211 2449 1316 2474 manae
1333 2438 1505 2480 Ecclefiae,
1531 2439 1675 2483 Legatos
1690 2441 1761 2472 suos
1773 2441 1806 2473 in
1820 2439 2024 2483 generalibus
2040 2440 2098 2483 Sy-

1211 2488 1309 2522 nodis
1320 2488 1538 2532 permittentis
1548 2490 1596 2523 uti
1611 2490 1682 2523 solo
1695 2490 1839 2523 sermone
1851 2490 1975 2524 Latino
1985 2515 1992 2522 .
2020 2489 2097 2523 Por·

1211 2535 1248 2572 τὸ
1259 2537 1406 2581 Julianus
1418 2538 1450 2572 ὅ(
1462 2538 1598 2573 Hilarus
1621 2539 1794 2573 Diaconus
1806 2563 1816 2578 ,
1843 2539 1917 2574 licet
1936 2539 2097 2583 praesiden-

1212 2588 1264 2622 tiae
1275 2586 1398 2622 throno
1409 2588 1528 2623 exclusi
1541 2612 1552 2630 ‚
1577 2590 1765 2624 manserunt
1788 2587 1926 2633 Ephesi:
1953 2593 1991 2626 Ut
2012 2591 2099 2624 vide·

1211 2647 1280 2672 rent
1287 2638 1377 2680 finem
1388 2665 1395 2673 .
2087 2653 2091 2656 ”

1261 2687 1422 2723 Thalaffii
1438 2689 1725 2726 interlocutionem
1743 2692 1842 2727 etiam
1864 2691 1989 2727 Comes
2011 2691 2098 2736 Elpi-

1212 2739 1285 2773 dius
1295 2741 1521 2774 confirmavit:
1550 2743 1704 2785 ,Quoniam
1717 2742 1951 2785 fundamentum
1967 2743 2040 2785 fidei
2056 2741 2097 2783 est

1212 2788 1274 2823 haec
1278 2789 1357 2832 fides
1369 2815 1378 2830 ,
1405 2799 1462 2832 pro
1479 2802 1539 2834 qua
1560 2794 1594 2826 &²
1617 2799 1781 2837 congregati
1807 2792 1894 2834 estis,
1931 2795 2097 2837 dignemini

1212 2851 1277 2882 quar
1287 2841 1325 2874 de
1345 2840 1406 2883 fide
1412 2839 1485 2884 sunt
1506 2843 1721 2883 determinare,
1748 2843 1894 2886 quatenns
1910 2841 2037 2885 secundo
2062 2849 2096 2876 in

1212 2890 1434 2934 locosecundicm
1452 2892 1584 2925 ordinem
1605 2901 1766 2935 temporum
1785 2894 1923 2937 legantur
1945 2906 2002 2933 ea,
2029 2904 2097 2936 quae

1212 2947 1245 2973 in
1273 2944 1368 2984 Regia
1391 2941 1615 2976 urbeadversfas
1635 2943 1918 2987 reverendiſsimum
1947 2943 2099 2981 Eutychen

1213 2990 1501 3024 Archi-Mandritam
1513 2993 1581 3024 alla
1592 2991 1667 3036 sunt
1678 3019 1685 3026 .
1721 2993 1848 3028 Verum
1860 2994 2039 3027 Dioscorus
2051 2993 2103 3027 in·

1212 3041 1370 3081 terceffit,
1398 3042 1509 3075 dicens
1522 3042 1718 3086 Eutychetis
1729 3044 1857 3078 causam
1880 3042 1942 3077 esse
1962 3042 2099 3087 appella·

1213 3101 1280 3124 tam
1301 3114 1312 3130 ‚
1339 3090 1481 3134 ideoque
1493 3103 1569 3126 ante
1590 3095 1705 3127 omnia
1731 3094 1893 3137 primum,
1920 3094 1938 3127 a
1958 3105 2024 3137 quo
2044 3102 2097 3134 ap·

1213 3140 1368 3184 penatum
1381 3163 1392 3180 ,
1418 3142 1565 3176 Flaviani
1583 3143 1624 3177 de
1636 3143 1693 3177 illo
1715 3143 1873 3186 judicium
1885 3141 2095 3181 audiendum,

1213 3201 1310 3234 atque
1334 3192 1569 3226 retraetandum
1582 3216 1593 3231 ,
1611 3193 1641 3235 fi
1654 3193 1788 3237 consonet
1802 3194 1924 3234 statutis
1941 3194 1961 3224 ἃ
1977 3187 2095 3234 fandis

1215 3240 1377 3282 Patribus,
1403 3243 1518 3286 utique
1542 3243 1687 3277 Nicaenis
1708 3246 1743 3278 ὃς
1767 3242 1949 3287 Ephefinis.
1979 3240 2022 3273 Et
2041 3241 2094 3274 ad-

1213 3290 1320 3334 junxit
1333 3303 1340 3323 :
1369 3295 1428 3325 Aut
1440 3292 1536 3325 vultis
1544 3292 1638 3334 fidem
1644 3292 1812 3336 sanc‘lorum
1825 3294 1950 3324 Parrum
1970 3295 2096 3324 innova-

1213 3342 1269 3375 re?
1295 3340 1336 3375 Ei
1348 3340 1487 3385 iterum3
1515 3339 1937 3384 EtsiNicaena&Ephesina
1959 3341 2028 3373 duae
2052 3342 2095 3372 di·

1215 3401 1322 3425 cantur
1335 3393 1438 3431 synodi
1450 3417 1461 3432 ,
1486 3402 1586 3426 tamen
1599 3395 1644 3426 ad
1657 3404 1747 3426 unam
1752 3396 1907 3434 pertinent
1922 3389 2035 3431 fidem.
2063 3394 2094 3426 51

1216 3446 1283 3484 quis
1292 3450 1398 3486 preter
1408 3454 1443 3476 ea
1456 3468 1466 3483 ‚
1494 3454 1562 3486 quae
1573 3443 1640 3476 atla
1646 3440 1737 3489 sunt,
1761 3449 1815 3475 aut
1817 3447 1931 3485 praeter
1942 3452 1978 3474 ea
1990 3465 2000 3480 ,
2028 3453 2097 3482 qua

1979 3491 2049 3536 pla³
