2340 3736
545 129 630 172 AD
662 124 1026 171 EPHESINUM
1062 121 1524 170 LATROCINIUM.

1883 142 1977 186 225

228 214 371 245 Notarius
398 213 549 253 Principis
567 235 578 250 ‚
603 221 673 253 quos
698 209 846 242 Tribunos
873 214 981 240 vocant
1006 232 1013 239 .
1042 205 1114 239 Ali·
1153 207 1238 248 'ejus
1259 208 1377 240 litteras
1394 231 1405 247 ,
1432 214 1559 248 oportere
1578 212 1610 240 in
1630 207 1791 252 quibusque
1808 209 1974 252 prouinciis
1991 211 2050 255 sua

226 260 360 306 quando
382 261 515 295 Notarii
529 260 722 294 &Tribuni
734 282 744 298 ,
769 257 948 301 aliquando
963 257 1114 290 Comites
1172 263 1288 302 negotia
1310 257 1458 297 uallari,
1487 267 1577 298 neque
1597 268 1683 290 extra
1693 261 1801 293 limites
1814 261 1932 294 illarum
1945 262 2025 294 trahi
2038 286 2052 303 ,

226 313 262 346 ὅτ.
281 310 410 346 Notarii
422 334 434 351 ,
459 311 639 354 aliquando
662 311 880 344 Notariorum
902 306 1047 341 Tribuni
1060 318 1111 349 ap·
1172 309 1360 344 vehementer
1373 307 1607 340 detret‘iavimus
1621 331 1631 346 ‚
1657 320 1692 340 ne
1707 308 1825 352 causam
1841 308 2051 352 susciperemus

226 361 408 407 pellantur.
436 361 541 395 Erant
562 372 690 405 magnae
709 359 904 404 dignitatis.
933 357 1022 399 Ipsos
1034 357 1112 388 Pro-

227 411 407 445 vincias-um
430 410 588 450 Vicariis,
614 411 757 455 ipsorum
780 408 857 442 vero
881 406 1110 439 Primicerium

228 460 485 495 proconsulibus
505 470 632 505 aequant
651 462 688 494 in
711 459 838 504 legibus
861 456 947 499 apud
959 456 1109 489 codicem

57 514 212 548 Latinio.
227 509 501 546 Theodofianum
512 511 715 546 exstantibus
726 509 904 544 Gratianus
925 530 935 546 ‚
963 505 1113 541 Valenti-

54 565 110 587 0-1·
122 566 176 593 2-3-
194 568 212 593 4
228 561 349 596 nianus
369 560 547 603 secundus,
568 562 602 595 δε
615 557 819 595 Theodosius
834 555 997 601 Augusti.
1026 555 1109 589 Lau-

60 676 91 706 1„-
105 684 130 707 ι,

59 1555 89 1588 1..
102 1561 130 1590 ς.

227 610 309 645 dant
319 612 399 646 item
414 612 447 646 ὅ(
460 606 696 646 Consularibus
705 617 833 652 aequant
849 607 1028 642 Norarium
1042 607 1111 640 Do·

227 661 420 700 mesticum,
443 660 484 695 de
507 672 574 704 quo
593 662 630 695 in
650 658 743 693 libris
762 656 899 691 debello
913 656 1111 690 Wandalico

227 710 409 755 Procopius
419 711 642 745 Caesaroenfis:
671 712 852 742 Arcanorum
862 712 989 739 omnium
1004 704 1088 749 sociis
1100 729 1111 746 ,

228 773 315 805 quem
336 765 466 794 Romani
485 760 677 801 Domesticum
686 767 813 792 vocant.
842 757 886 791 Et
899 755 977 790 hinc
990 757 1080 790 vides
1101 780 1111 796 ,

227 823 286 845 cur
305 811 590 845 Subdiaconorum
614 809 738 853 primus
761 807 845 851 apud
857 808 987 841 Graecas
998 806 1111 840 Eccle-

228 862 287 895 fias
298 861 399 895 didius
409 861 505 894 fuerit
516 861 729 895 Domesticus
747 857 1030 896 Subdiaconorum
1042 856 1111 890 Ro·

228 922 316 945 mam
326 910 368 944 ad
380 910 573 953 exequenda
587 911 739 945 mandata
750 909 815 948 sua,
827 909 862 942 &
874 906 1110 951 Carthaginem

228 961 270 995 ad
282 959 507 995 solenniffimae
517 961 551 995 ὅ(
562 959 850 1001 ῐηοωεηῑοίῑίΐηῐις,
861 955 1111 991 Catholicorum

228 1011 263 1044 δε
293 1010 542 1047 Donatistarum
575 1012 814 1055 Episcoporum
845 1006 1015 1041 collationi
1036 1017 1113 1040 curn

228 1061 426 1105 cognitoris
439 1063 596 1106 potestate
617 1059 846 1105 praefidendum
857 1058 1031 1092 Honorius
1044 1056 1113 1090 Au-

229 1112 342 1155 gustus
363 1110 488 1156 legavit
510 1111 713 1154 spectabilem
734 1109 841 1143 virum
858 1107 1113 1147 Marcellinum,

229 1161 409 1195 Notarium
421 1186 432 1202 ‚
459 1162 494 1196 &
518 1161 710 1196 Tribunum
738 1184 745 1192 .
780 1158 953 1204 Syagrium
980 1158 1013 1192 &
1032 1156 1116 1192 Feli·

227 1221 302 1244 cem
326 1211 507 1251 Notat-ios,
531 1211 574 1245 ad
594 1211 779 1245 officiorum
801 1207 1024 1254 magisterium
1045 1217 1115 1249 pro·

228 1269 339 1294 motos
348 1285 360 1301 ,
387 1260 500 1294 laudat
511 1261 709 1295 Ammianus
720 1258 935 1294 Marcellinus
951 1282 959 1290 .
987 1257 1118 1290 Merno-

226 1319 276 1343 rat
297 1310 331 1343 &
352 1309 576 1345 Theodorum
600 1311 801 1350 Notarium,
825 1308 844 1342 a
864 1318 931 1352 quo
951 1316 1047 1340 motae
1068 1316 1116 1340 res

227 1370 346 1401 novae‚
370 1360 404 1394 dc
423 1361 607 1395 affectatum
630 1359 802 1403 imperium
814 1382 823 1391 .
844 1357 947 1406 Qod
959 1357 1063 1400 ipsum
1074 1357 1117 1390 de

228 1408 395 1454 Procopio
417 1410 561 1445 Notario
584 1411 751 1454 Zozymus
761 1408 911 1444 testatur.
940 1405 1069 1441 Laudat
1082 1407 1116 1440 ὃ(

228 1459 423 1494 stiliconem
434 1486 445 1502 ‚
465 1462 567 1496 totius
578 1460 710 1505 Imperii
722 1457 781 1493 sub
792 1457 950 1494 Honorio
962 1456 1117 1502 Augusto

228 1511 385 1545 rectorem
394 1511 428 1545 ὃς
439 1511 597 1555 arbitrum
611 1537 621 1552 ,
648 1510 738 1555 quod
751 1515 834 1543 unico
850 1509 913 1551 filio
921 1506 974 1551 suo
984 1506 1062 1540 banc
1073 1509 1117 1539 di-

223 1564 357 1603 gnitatis
378 1571 491 1594 metam
496 1561 637 1601 statuerit
649 1586 660 1601 ‚
686 1569 720 1594 ut
729 1561 773 1592 ad
782 1560 901 1601 officium
914 1559 1042 1591 Tribuni
1054 1561 1117 1589 No-

228 1614 373 1643 tariorum
385 1611 527 1653 proveeta
548 1613 661 1644 nullum
671 1611 758 1644 alma
766 1614 924 1651 imperium
935 1614 1116 1651 acquireret.

228 1659 315 1706 Qae
336 1662 451 1695 omnia
472 1663 548 1695 sunt
562 1661 669 1695 lucida
680 1661 767 1705 signa
783 1669 911 1703 magnae
923 1658 1118 1702 dignitatis.

231 1709 372 1751 Jacobus
393 1711 551 1753 Cujacius
573 1722 643 1745 eam
657 1709 832 1744 confundit
844 1720 921 1743 cum
942 1714 966 1741 Α
979 1710 1100 1741 secretis
1111 1729 1121 1746 ,

231 1758 371 1800 Jacobus
382 1760 565 1795 Gutherius
577 1761 683 1795 censet
695 1759 870 1803 distingui.
898 1758 1031 1792 Etenim
1050 1758 1122 1791 No-

229 1807 303 1841 tarii
323 1807 585 1853 Principisintra
602 1810 793 1844 Confistorii
805 1810 923 1842 secreta
938 1832 950 1848 ‚
975 1807 1067 1842 extra
1087 1806 1120 1839 A

228 1859 370 1893 Secretis
382 1858 510 1894 stabant
520 1885 527 1892 .
557 1860 613 1893 Est
630 1872 677 1894 res
689 1859 821 1893 alterius
835 1858 898 1892 fori
911 1883 925 1894 -,

279 1909 334 1942 Ex
359 1909 444 1944 dicia
458 1910 577 1944 Ibianae
588 1911 686 1943 causa:
697 1921 752 1953 per
763 1907 993 1943 Theodosium
1006 1906 1119 1952 Augu-

228 1956 314 2003 stum
335 1960 549 2005 delegatione
568 1960 680 1994 scribit
700 1961 735 1992 in
749 1958 977 1993 Sacerdotiiac
990 1957 1122 2000 Imperii

229 2010 411 2043 concordia
432 2009 478 2043 D.
501 2008 616 2043 Petrus
638 2010 679 2043 de
700 2010 815 2043 Marca
828 2007 1123 2051 Archi-Episcopus

166 2071 174 2078 ·
204 2071 211 2078 ·
229 2058 430 2092 Parifienfis:
457 2061 488 2091 δι’
511 2065 576 2101 quis
604 2058 815 2102 Episcoporum
835 2060 872 2092 de
899 2058 1123 2099 Metropolitani

230 2117 282 2141 aut
297 2108 488 2142 Patrtarcbae
492 2108 660 2152 suspicione
673 2110 838 2151 quereretur
852 2132 863 2147 ‚
889 2112 1015 2140 Romam·
1029 2112 1123 2148 Impe-

231 2167 346 2191 ratores
369 2159 482 2191 luteris
497 2158 562 2202 ficis
576 2161 727 2201 judicium
746 2159 784 2192 ab
806 2170 842 2192 ea
847 2156 920 2201 sede
932 2157 1101 2190 avocabant
1114 2178 1124 2194 ‚

232 2210 267 2242 (5
290 2213 323 2240 in
341 2208 435 2240 aliam
442 2215 635 2251 provinciam
645 2208 871 2250 transferebant
890 2233 898 2240 .
925 2208 996 2240 ibas
1010 2206 1124 2249 Edesse-

232 2270 338 2291 norum
348 2261 597 2301 Metropolitanus
610 2284 620 2299 ,
639 2264 672 2305 J
674 2271 785 2292 oannes
797 2260 833 2292 (θ’
849 2260 957 2290 Daniel
974 2258 1011 2296 df
1024 2255 1129 2297 baerefi

233 2310 253 2340 ἃ
275 2309 400 2341 Clericis-
428 2308 556 2351 accusati
578 2321 674 2342 coram
698 2313 812 2342 Domno
835 2306 1016 2345 Patriarcba
1027 2310 1124 2339 Antio-

233 2357 323 2391 cbeno·
333 2382 344 2398 ,
374 2357 430 2398 etfi
437 2360 476 2391 Iis
485 2360 750 2403 conttstatafuiffi’t
763 2366 795 2392 in
807 2360 916 2398 synodo
928 2356 1125 2395 Antiocheno,

234 2406 386 2451 Rescripto
395 2416 499 2442 tamen
510 2412 545 2443 (s'
555 2410 731 2443 auc‘loritate
743 2409 889 2451 Theodofii
909 2413 1098 2451 Imperatoris
1114 2430 1124 2446 ,

231 2469 271 2491 ex
286 2456 442 2501 sententia
465 2462 616 2492 Flaviani
630 2458 1124 2501 Archi-EpiscopiConstantinopo-

233 2509 324 2541 litani
338 2532 350 2550 ,
375 2508 413 2541 ab
437 2508 591 2551 Osrhocna
607 2515 768 2550 provincia
785 2511 830 2542 ad
832 2514 1024 2550 provinciam
1038 2507 1124 2541 Phae-

235 2563 321 2592 niciae
335 2560 485 2591 translati
494 2557 568 2601 sunt
578 2584 588 2599 ‚
613 2567 645 2590 ut
658 2562 677 2591 ἃ
691 2559 794 2592 Photio
806 2558 951 2602 Episcopo
963 2563 1048 2598 Tyri,
1062 2562 1124 2591 Eu-

226 2606 319 2648 statio
341 2611 465 2648 Beryti,
493 2611 529 2642 (τ
550 2612 659 2641 Urania
685 2614 870 2642 Himerorum
889 2607 1053 2652 Episcopo,
1073 2611 1124 2649 ju-

233 2657 348 2690 dicibus
375 2659 458 2690 datis
485 2682 497 2698 ,
526 2659 678 2699 judicium
701 2661 739 2693 de
760 2657 940 2701 accusatione
961 2658 1097 2699 ferretur
1112 2683 1119 2691 .

234 2707 283 2740 lta
295 2706 494 2751 quandoque
504 2710 520 2741 a
546 2708 707 2743 Romanis
718 2709 880 2753 Augustis
895 2708 989 2742 fuisie
1003 2709 1123 2742 factum

233 2768 355 2801 negare
373 2768 440 2790 non
462 2758 596 2800 poffim.
624 2761 686 2794 Sed
710 2771 819 2803 quaero
839 2770 883 2792 an
904 2759 1009 2799 reete,
1035 2759 1124 2792 &se-

234 2807 382 2841 cundum
408 2807 591 2843 Canones?
620 2811 663 2844 Et
686 2810 872 2843 constanter
892 2820 980 2853 nego
995 2833 1002 2840 .
1029 2808 1123 2842 Hinc

234 2858 326 2890 enirn
363 2859 519 2892 Domnus
558 2859 745 2894 Patriarcha
772 2858 1004 2903 Apostolicum
1030 2859 1123 2892 suum

236 2906 393 2941 thronum
416 2909 521 2950 sperni
543 2909 588 2941 est
611 2910 739 2951 questus
752 2910 784 2943 δε
797 2908 896 2943 verbo
911 2909 951 2941 ad
964 2910 1053 2942 suam
1067 2911 1126 2952 Sy·

237 2957 362 2990 nodum
385 2983 395 2998 ,
421 2958 455 2992 ὅ(
476 2960 600 3002 scriptis
623 2960 737 2994 litteris
760 2960 800 2993 ad
826 2960 979 2994 Sannum
1001 2959 1126 2992 Flavia-

237 3018 339 3041 num.
363 3008 405 3041 Et
418 3008 458 3041 de
471 3009 614 3043 Arcadio
630 3010 781 3054 Augusto
795 3011 828 3044 ὅ(
839 3007 1036 3052 Theophilo
1049 3010 1123 3043 Ale-

237 3057 382 3090 xandriae
404 3058 613 3098 Pauiarcha,
638 3060 679 3093 de
700 3061 889 3104 graviffimis
915 3059 1000 3102 apud
1028 3060 1122 3093 illurn

238 3109 412 3146 accusato,
438 3108 548 3143 scribit
570 3108 610 3141 ad
635 3110 788 3143 Sanctum
812 3109 1042 3144 innocentium
1065 3112 1125 3153 pri-

239 3167 330 3190 mum
343 3157 537 3192 Pontificem
551 3159 685 3193 Sanstus
696 3160 837 3202 Joannes
849 3159 1121 3203 Chrysostomus:

239 3208 317 3239 Cum
342 3207 522 3249 Theophilus
544 3207 664 3251 causam
686 3210 779 3243 dicere
800 3211 907 3247 nollet,
934 3220 1024 3251 neque
1042 3221 1123 3253 urge-

238 3267 306 3290 rent
320 3257 498 3300 accusatores
512 3262 576 3300 ejus
587 3285 597 3299 ‚
625 3266 748 3293 ‘vocavit
762 3271 813 3292 nos
827 3265 995 3301 Imperator
1002 3258 1124 3302 pientifi

232 3306 325 3348 fimus
336 3331 347 3348 ‚
372 3310 407 3342 Θ·
421 3310 503 3349 jufflt
524 3318 555 3341 ut
566 3315 672 3341 iremus
684 3310 729 3341 ad
737 3310 828 3341 Iocum
845 3333 854 3347 ,
879 3315 912 3340 in
930 3320 986 3350 quo
997 3310 1047 3341 ille
1059 3321 1123 3352 age-

239 3357 293 3389 bat
307 3380 317 3396 ,
343 3359 377 3392 (9
387 3359 446 3391 illic
456 3371 492 3392 ea
504 3384 514 3399 ,
527 3371 594 3402 quae
607 3367 706 3391 contra
719 3359 804 3391 illum
814 3359 988 3391 dicebantur
1002 3382 1012 3397 ,
1038 3360 1124 3390 audi-

239 3417 358 3439 remus·
385 3412 452 3440 Nos
475 3417 574 3442 autem
590 3409 715 3452 scientes
736 3410 812 3452 leges
824 3410 970 3447 Parrum,
999 3413 1122 3450 viroque

239 3454 376 3491 bonorem
397 3458 561 3498 defi-rentes
585 3484 595 3499 ‚
631 3459 773 3493 habentes
793 3465 887 3492 etiam
899 3456 992 3502 super
1013 3456 1068 3491 hac
1089 3469 1121 3491 re

339 3504 446 3545 christ.
464 3511 543 3551 Lupi
556 3514 646 3552 oper.
662 3512 783 3542 TomJI.

1164 359 1386 398 judicandam.
1414 357 1457 390 Et
1482 357 1631 391 adversus
1653 357 1786 393 fimilem
1815 360 1963 399 Sacram,
1988 371 2051 404 qua.

1173 408 1296 442 laudati
1320 408 1457 451 Joannis
1478 405 1683 440 criminalem
1700 411 1828 443 causam
1837 409 1923 444 disto
1936 409 2053 444 Theo-

1172 456 1264 501 philo
1282 458 1446 502 delegavit
1460 456 1669 501 postmodum
1682 456 1769 490 idem
1782 459 1959 501 Arcadius,
1986 471 2054 504 per-

1171 509 1220 551 git
1242 508 1329 541 idem
1354 509 1512 551 Joannes:
1541 512 1707 551 congruum
1726 518 1784 539 non
1796 508 1832 547 est
1846 534 1855 548 ,
1881 520 1913 542 ut
1923 511 1975 551 hi,
2001 515 2054 552 qui

1172 565 1204 590 in
1219 557 1453 602 AEgyptosunt,
1473 558 1614 598 judicent
1624 569 1692 596 eos,
1718 562 1769 599 qui
1791 561 1822 588 in
1836 558 1978 592 Thracia.
2008 561 2054 593 Et

1173 608 1278 642 infra.-
1305 612 1424 640 Domini
1445 614 1502 641 mei
1523 609 1656 641 maxim?
1679 608 1845 641 venerandi
1864 609 1897 641 (9⁴
1906 614 1951 649 pii
1964 633 1974 648 ,
1994 608 2055 649 stu-

1172 659 1255 690 dium
1277 658 1405 699 vestrum
1417 659 1451 691 &
1472 670 1612 702 magnam
1625 659 1810 700 diligentiam
1820 657 1955 690 adhibete
1967 682 1977 696 ‚
2002 670 2056 700 quo

1173 709 1347 742 retrudatur
1371 707 1454 746 baec,
1479 719 1547 750 quae
1568 714 1601 740 in
1623 707 1765 750 Ecclefias
1793 713 1925 749 irrupit,
1950 713 2057 748 iniqui-

1173 765 1223 790 tas
1233 782 1240 789 .
1271 760 1393 801 ,Quippe
1399 756 1430 798 fi
1446 769 1507 789 mos
1520 757 1566 790 hic
1578 759 1740 793 invaluerit
1752 781 1763 797 ,
1789 759 1822 791 (9·
1828 757 1886 798 fas
1894 756 1988 799 fuerit
2000 762 2059 789 cui-

1174 813 1224 842 vis
1245 813 1278 840 in
1298 811 1427 841 alienam
1445 813 1610 849 paraecs'am
1622 802 1785 849 irrumpere
1801 831 1811 846 ,
1836 809 1926 850 idque
1938 819 1975 840 ex
1989 816 2059 839 tan·

1174 864 1213 890 tis
1235 858 1408 892 intervallis
1421 881 1433 897 ,
1459 859 1493 891 (θ’
1512 862 1610 891 eiicere
1622 869 1694 899 quos
1709 858 1853 898 voluerit,
1881 859 1915 891 cb·
1932 862 2059 899 propria

1175 907 1350 941 auc‘ioritatc
1368 913 1486 950 quaevis
1502 916 1559 949 pro
1579 907 1703 941 libidine
1723 905 1784 950 sua
1803 906 1906 949 facere
1926 931 1936 947 ‚
1958 905 2060 949 scitote

1175 959 1255 1000 quod
1271 959 1356 992 brevi
1380 956 1544 999 tranfibunt
1564 962 1663 991 omnia
1674 981 1684 996 ‚
1708 959 1842 991 &totius
1859 957 1938 990 orbis
1948 964 2061 999 preme-

1175 1017 1223 1041 tur
1247 1008 1319 1041 bello
1340 1019 1397 1041 non
1420 1008 1529 1040 inditio
1542 1032 1552 1047 ‚
1578 1008 1711 1041 omnibus
1726 1007 1828 1049 ejeffls
1841 1031 1852 1047 ‚
1878 1009 1912 1041 (9¹
1926 1007 2060 1040 omnibus

1174 1058 1357 1091 eiicientibus
1382 1083 1389 1090 .
1428 1058 1597 1101 Ejusmodi
1628 1058 1718 1092 enim
1739 1057 1965 1102 delegationes
1986 1058 2061 1090 sunt

1175 1107 1281 1151 palam
1292 1108 1459 1152 peregrina
1473 1106 1600 1151 Judicia
1613 1131 1623 1151 ‚
1650 1109 1804 1143 damnata
1818 1109 1835 1142 a
1848 1109 1941 1142 sexto
1954 1107 2063 1142 Cano-

1174 1169 1217 1192 ne
1235 1158 1373 1192 Nicaeno
1384 1183 1391 1190 .

1226 1208 1372 1255 Qaestio
1394 1208 1439 1241 est
1454 1232 1464 1248 ‚
1491 1209 1696 1251 quommodo
1721 1207 1810 1244 hisce
1827 1209 1920 1244 sacris
1934 1206 2063 1252 delega-

1176 1259 1344 1298 tionibus,
1370 1257 1635 1293 Alexandrinum
1663 1261 1697 1293 δε
1721 1259 1974 1295 Antiochenum
2001 1259 2065 1292 Pa·

1177 1307 1372 1342 triachatum
1384 1309 1622 1353 tangentibus,
1649 1310 1714 1343 sese
1734 1310 1900 1344 miscuerit
1927 1310 2063 1343 sanctus

1178 1357 1354 1392 Flavianus
1380 1383 1391 1399 ,
1417 1359 1452 1392 δε
1472 1360 1607 1393 Sanctus
1629 1360 1770 1403 Joannes
1795 1359 2060 1402 Chrysostomus

1180 1409 1274 1442 fuerit
1287 1419 1421 1454 rogatus
1443 1409 1505 1442 sese
1516 1410 1668 1444 miscere.
1699 1408 1846 1459 Qidam
1861 1407 1894 1442 id
1923 1409 2063 1451 spectare

1180 1469 1296 1502 putant
1307 1459 1347 1493 ad
1360 1459 1486 1503 rapinas
1499 1459 1651 1502 Episcopi
1668 1457 2037 1503 Constantinopolitani
2052 1480 2065 1497 ,

1180 1519 1311 1542 extunc
1333 1510 1443 1543 conati
1464 1510 1564 1542 etiam
1589 1510 1672 1543 alios
1684 1508 1887 1543 Patriarchas
1910 1507 1970 1542 fibi
1993 1506 2065 1541 sub-

1180 1559 1312 1604 jugare.
1339 1559 1387 1593 At
1413 1558 1549 1592 fallunt.
1581 1559 1710 1602 Rapina
1729 1558 1926 1592 istadudum
1955 1556 2066 1601 postea.

1181 1609 1280 1651 coepit
1303 1634 1310 1641 .
1337 1609 1505 1657 roirca
1528 1609 1738 1652 quaestionem
1758 1609 1880 1643 enodat
1900 1608 1935 1640 in
1962 1607 2068 1650 prima

1183 1661 1237 1693 sua
1264 1658 1431 1704 Apologia
1452 1660 1587 1693 Sanetus
1621 1658 1816 1692 Athanasius
1839 1682 1850 1698 ‚
1886 1657 2068 1700 adloquens

1184 1709 1418 1743 Constantium
1438 1707 1644 1752 Augustum.
1674 1713 1850 1751 Numquam
1867 1707 1930 1750 fine
1953 1711 2064 1739 comiti-

1182 1758 1236 1795 bus
1258 1769 1312 1792 aut
1323 1760 1445 1792 arbitris
1473 1762 1614 1791 Fratrem
1625 1767 1708 1791 tuum
1723 1758 1940 1793 Constantem
1955 1758 2069 1801 Augu»-

1184 1810 1266 1842 stum
1279 1811 1369 1849 vidi,
1396 1820 1489 1852 neque
1499 1811 1663 1842 illemecuno
1686 1819 1818 1850 unquam
1826 1806 1906 1851 solus
1932 1818 1996 1841 cum
2008 1805 2070 1849 [olo

1183 1858 1275 1892 verba
1298 1858 1432 1902 mist-uit,
1457 1858 1514 1902 sed
1517 1858 1635 1902 semper
1661 1870 1725 1891 cum
1739 1857 1882 1902 Episcopo
1906 1860 1969 1899 ejus
1989 1857 2065 1896 loci,

1182 1909 1231 1941 ubi
1253 1909 1362 1953 agebat
1382 1935 1388 1941 .
1417 1909 1511 1942 Istius
1535 1908 1601 1941 loci
1625 1909 1805 1951 Episcopus
1832 1916 1900 1941 erat
1924 1905 2070 1951 Augusti

1182 1958 1345 2002 Principis
1366 1969 1424 2002 pro
1444 1969 1590 2001 ternpore
1617 1958 1765 2001 proprius
1799 1957 1913 1991 Pastor
1933 1982 1943 1997 ,
1970 1956 2070 1990 Pater

1186 2009 1360 2053 spiritualis
1382 2034 1393 2049 ‚
1429 2009 1581 2042 Direstor
1615 2009 1648 2041 in
1682 2007 1777 2041 rebus
1813 2006 2072 2047 Ecclefiasticis‚

1186 2059 1273 2102 quafi
1287 2057 1622 2102 Archi-Capellanus‚
1649 2057 1789 2101 ideoque
1815 2068 1932 2091 ornnes
1943 2057 1984 2090 de
2008 2056 2072 2090 Ec-

1186 2107 1366 2142 clefiastieis
1385 2107 1617 2149 quaestionibus
1631 2109 1722 2140 sacrae
1746 2107 1905 2150 Juffiones
1915 2117 1969 2140 aut
1983 2105 2070 2139 delo⁴

1187 2159 1338 2203 gationes
1358 2157 1425 2199 ejus
1448 2157 1584 2191 confilio
1597 2156 1766 2199 &judicio
1791 2156 2070 2199 disponebantur,

1189 2220 1249 2242 nec
1262 2209 1327 2242 fine
1339 2207 1396 2241 illo
1408 2207 1491 2240 ullus
1503 2207 1627 2240 advena
1639 2207 1820 2249 Episcopus
1831 2207 1871 2240 ad
1885 2205 2069 2248 Maiestatis

1187 2259 1396 2302 conspe-stum
1411 2255 1652 2290 admittebatur.
1669 2257 1752 2303 Qae
1763 2257 1936 2290 auctoritas
1948 2257 2071 2299 praeser-

1186 2309 1248 2343 tim
1270 2308 1332 2342 fuit
1352 2307 1464 2352 Regiae
1484 2307 1629 2341 civitatis
1650 2306 1816 2349 Episcopo
1839 2331 1849 2348 ,
1875 2304 1916 2340 de
1941 2317 2010 2348 quo
2031 2306 2071 2339 in.

1187 2358 1315 2393 secretis
1326 2359 1457 2392 suorum
1480 2357 1518 2390 ad
1533 2357 1694 2400 Justinum
1719 2356 1951 2399 Imperatorem
1966 2357 2069 2399 Lega-

1185 2418 1293 2444 torum
1315 2407 1583 2441 instrastionibus
1608 2407 1788 2440 Hormisda
1814 2405 1986 2440 Pontifex:
2014 2404 2070 2444 Est

1186 2458 1357 2502 consuetudo
1374 2467 1432 2500 per
1444 2456 1623 2500 Epifiopum
1638 2455 1994 2499 Constantinopolitanum
2010 2467 2069 2488 om·

1187 2521 1238 2543 nes
1251 2514 1427 2551 Imperatori
1449 2506 1607 2550 Episcopos
1616 2505 1798 2549 praeftntari
1809 2532 1817 2540 .

1216 2560 1349 2603 »ltaque
1370 2559 1563 2593 Damascius
1576 2557 1734 2590 Notarius
1754 2568 1791 2590 ac
1805 2556 1967 2600 Eulogius
1988 2555 2069 2589 Dia-

1186 2620 1288 2643 conus
1299 2610 1463 2643 accusatos
1488 2608 1670 2651 Episcopos
1692 2607 1727 2639 &
1744 2607 1943 2640 accusatores
1966 2606 2074 2639 Cleri·

1187 2672 1243 2694 cos
1253 2671 1293 2693 ex
1306 2658 1477 2694 Osrhoena
1488 2657 1664 2691 Provincia
1685 2657 1893 2690 deduxerunt
1905 2656 2039 2698 Tyrum
2057 2679 2069 2696 ,

1187 2711 1431 2751 statueruntque
1441 2707 1565 2743 Photio
1577 2707 1697 2740 ibidem
1711 2707 1875 2750 Episcopo
1887 2730 1897 2745 ‚
1924 2706 2069 2750 quicum

1186 2757 1312 2793 duobus
1346 2757 1496 2803 Collegis
1521 2757 1694 2801 Synodum
1729 2758 1806 2791 fecit
1826 2757 1880 2790 die
1910 2756 2069 2801 vigefima

1188 2810 1300 2852 quinta
1312 2807 1480 2842 Februarii
1495 2808 1565 2851 post
1578 2809 1782 2841 consulatum
1797 2806 1903 2840 Flavii
1920 2806 2069 2840 Zenonis

1188 2859 1464 2894 &Posthumiani
1479 2882 1490 2898 ,
1517 2851 1793 2891 ChristiDomini
1816 2856 2068 2900 quadringente·

1188 2910 1268 2943 fimo
1280 2908 1526 2954 quadragesimo
1543 2919 1635 2942 nono
1648 2932 1658 2947 ,
1684 2907 1791 2942 Sansti
1823 2907 1947 2940 Leonis
1957 2905 2072 2940 Ponti-

1190 2961 1258 2994 ficis
1279 2958 1431 3000 decimo,
1457 2958 1641 2992 Theodofii
1658 2957 1799 3002 Augusti
1833 2956 1966 2991 secundi
1993 2967 2073 2999 qua-

1188 3010 1368 3054 dragefimo
1380 3009 1524 3043 secundo
1536 3033 1547 3049 ‚
1574 3008 1804 3042 Valentiniani
1818 3007 1905 3041 tertii
1926 3018 2016 3041 anno
2028 3007 2071 3040 vi-

1189 3061 1309 3104 gesimo
1328 3071 1446 3102 quarto
1459 3083 1466 3090 .

1239 3109 1331 3143 Ante
1343 3111 1454 3142 omnia
1467 3107 1602 3142 Divales
1616 3109 1708 3144 sacrat
1717 3106 1934 3153 delegationis
1948 3108 2070 3141 litteras

1187 3160 1252 3203 legi
1264 3158 1340 3192 fecit
1353 3181 1364 3197 ,
1390 3158 1606 3192 accusatorios
1619 3159 1748 3193 libellos
1758 3160 1775 3192 a
1790 3158 2070 3199 Clericissnscepit

1189 3210 1328 3242 Photius
1340 3219 1376 3241 ac
1388 3208 1455 3242 litis
1473 3208 1770 3250 contestationem,
1796 3209 1939 3250 dumque
1961 3207 2001 3240 ad
2015 3218 2070 3239 au-

1188 3256 1431 3292 diendostestes
1451 3258 1657 3301 procederet,
1685 3259 1860 3292 fastumest
1886 3257 1975 3300 quod
2003 3257 2070 3300 ipse

1192 3309 1398 3351 postmodum
1407 3307 1492 3341 dixit
1502 3308 1542 3341 ad
1555 3309 1727 3351 Synodum
1739 3307 2045 3341 Chalcedonensem
2057 3331 2068 3346 ,

1189 3358 1355 3403 ‚Quaestione
1367 3360 1498 3400 quadam
1509 3360 1546 3391 de
1560 3360 1614 3391 Iba
1633 3358 1776 3400 Episcopo
1790 3366 1870 3390 mota
1882 3381 1891 3396 ‚
1919 3358 2069 3390 adversos

1187 3420 1250 3441 eum
1262 3415 1414 3441 venientes
1430 3409 1597 3446 Presbyteri
1608 3420 1642 3441 ac
1670 3407 1807 3440 Monachi
1823 3409 1842 3438 a
1861 3406 2071 3448 Mesopotamiae

1189 3457 1326 3492 dicebant
1339 3460 1376 3492 de
1396 3457 1459 3502 ipso
1470 3481 1480 3497 ‚
1505 3459 1554 3497 ifle
1569 3461 1638 3492 vero
1661 3458 1791 3500 negabat
1802 3482 1809 3489 .
1837 3462 1905 3491 Nos
1918 3466 2070 3498 tamquam

1643 3509 1670 3542 F
1697 3509 1716 3542 f
1911 3507 2022 3541 mediet—

2095 3336 2152 3367 'Xst-
2172 3349 2212 3368 ιο.
