2340 3736
396 120 495 159 206

319 208 387 236 trus
394 193 568 244 Presbyter
587 195 828 234 Alexandrinus
847 209 886 233 ae
897 196 1107 233 primicerius
1128 195 1200 230 No·

318 250 493 289 teriorum.
530 271 534 275 -
836 270 840 273 -

366 300 500 345 Legatis
529 300 692 335 Romanis
712 296 887 335 admodum
919 297 1109 341 placuerunt
1134 293 1201 330 haec

317 350 447 385 flataein
472 350 670 385 Nestorium.
685 351 849 387 sententiae
875 348 994 381 verbat
1020 347 1122 380 coaevi
1141 354 1200 388 per

310 399 412 449 sacros
425 400 779 443 eanonestsEptflolam
796 398 964 443 sanfflffimi
985 400 1091 430 Patris
1113 395 1200 436 nostri

316 453 352 485 ό·
363 449 560 490 Comministn'
569 445 708 491 celestini
720 475 727 483 .
754 447 943 484 ostendunt
963 446 982 480 a
994 446 1199 491 generalibus

314 500 459 544 synodis
469 498 654 545 nihilpoffie
665 501 755 540 fieri,
782 499 840 531 nifi
865 509 906 531 ex
930 495 1087 530 mandato
1109 495 1198 539 Apo·

312 550 437 584 ssolicae
446 549 537 585 Sedis
549 576 557 583 .
582 550 730 585 Palmare
746 547 904 593 generalis
914 544 1197 589 Synodiofflcium

313 600 360 634 'est
374 600 518 635 Romani
542 601 694 645 Episcopi
718 598 758 632 de
780 607 869 631 mota
890 596 1067 640 quaestione
1089 596 1197 630 suffra-

309 651 407 695 gium
417 675 428 692 ,
452 662 509 695 per
530 650 651 685 litteras
661 660 697 682 ae
711 648 853 691 Legatos
863 646 1081 680 transmissum
1094 671 1105 687 ‚
1120 658 1197 681 con-

309 700 440 735 firmare
455 724 467 741 ‚
492 701 526 734 ὃς
544 701 579 734 in
599 699 827 734 executionem
847 694 985 733 ducere.
1021 696 1115 730 Hinc
1142 697 1197 731 ad.

309 751 419 795 junxit
440 749 611 792 Philippus
636 747 808 791 Presbyter
829 747 995 791 Legatuss
1023 747 1115 780 Nulli
1140 748 1194 779 du-

305 801 413 841 bium,
439 802 525 832 imma
542 797 649 841 seculis
663 796 795 831 omnibus
817 806 916 830 notum
937 796 995 838 est,
1020 799 1102 838 quod
1120 798 1193 829 San-

301 851 372 884 avus
386 853 492 883 Petrus
504 847 698 890 Apostolorum
712 851 853 888 Princeps
876 849 911 880 (5
930 854 1036 889 caput,
1059 846 1190 889 fideique

304 902 441 934 columna
454 901 488 933 ὁ·
499 896 620 940 Ecclefif
639 897 789 939 catholice
801 894 1034 939 fundamentum
1046 920 1058 936 ,
1081 899 1101 930 ἃ
1127 899 1186 929 Do-

304 956 386 985 mino
396 948 485 990 nestro
496 953 529 994 J
530 947 575 992 esu
587 947 700 989 Christo
708 949 809 981 claves
822 953 904 990 regni
916 946 1030 986 coelestis
1057 951 1168 988 accepit
1179 971 1190 987 ‚

304 998 507 1047 qui'adusque
526 995 641 1041 terbpus
655 1000 690 1032 Θ
713 996 832 1041 semper
856 1005 888 1029 in
899 995 964 1040 suis
986 996 1189 1039 successoribus

303 1057 389 1083 vivit
399 1074 409 1089 ‚
432 1050 616 1090 &Judicium
627 1058 742 1082 exercet
755 1074 762 1081 .
790 1046 982 1081 Damnandi
995 1046 1140 1080 Nestorii
1154 1046 1187 1080 &

302 1099 502 1134 stabiliendae
522 1099 598 1133 fidei
623 1098 815 1142 potestatem
835 1097 987 1131 adfirmat
1007 1097 1147 1139 Synodo
1170 1096 1187 1129 a

301 1149 472 1184 Celestino
485 1149 648 1183 Pontifice
655 1148 746 1182 fuisse
756 1173 763 1180 .
792 1148 965 1191 Synodum
976 1144 1061 1180 hanc
1071 1171 1081 1187 ,
1093 1146 1182 1190 quod

299 1199 351 1233 illi
364 1199 525 1233 orientalis
536 1201 569 1233 (ν
582 1200 777 1232 Occidentalis
799 1196 921 1238 Ecclest'q
939 1198 1108 1229 sacerdotes
1134 1198 1187 1229 vel

295 1249 394 1294 perse
409 1251 461 1283 vel
469 1252 546 1282 τενιὲ
561 1258 616 1290 per
634 1248 702 1292 ficos
724 1252 848 1292 Legatos
868 1246 1019 1288 intersint,
1045 1247 1090 1280 ait
1117 1247 1182 1280 esse

298 1301 375 1334 vere
384 1300 624 1334 oecumenicam
635 1325 646 1340 ‚
668 1298 805 1343 ideoque
817 1298 885 1342 ejus
895 1298 1007 1330 omnia
1021 1298 1054 1329 in
1068 1296 1185 1330 Nesto-

298 1350 535 1392 riumjudlcata
558 1348 750 1393 ampliffime
772 1348 963 1382 confirmat.
1003 1347 1114 1380 Etiam
1134 1347 1183 1380 da·

299 1400 431 1434 rumilli
454 1399 601 1445 elogium
623 1400 835 1444 Novi-sude.
864 1398 905 1431 Ei
918 1396 1007 1431 enim
1034 1396 1183 1430 adscribit

297 1452 420 1484 sortem
433 1434 522 1485 fflius
534 1476 543 1490 ‚
570 1449 611 1484 de
624 1461 691 1493 quo
702 1450 858 1492 scriptum
879 1448 924 1481 est
938 1459 945 1478 :
972 1445 1181 1488 Episcopatum

298 1504 362 1542 (ius
372 1501 580 1542 accipiatalter
593 1524 600 1532 .
627 1499 877 1533 Confirmatunt
896 1496 998 1529 etiam
1024 1494 1184 1530 Arcadius

298 1552 334 1584 ἀ
355 1550 538 1593 Proiectus,
574 1549 753 1583 addentes.-
780 1549 875 1579 secuti
891 1544 1023 1586 formam
1048 1544 1183 1586 celestini

294 1599 459 1644 sam‘l'iffimi
473 1603 557 1642 Papq
569 1624 578 1639 ‚
604 1606 654 1643 qpi
681 1609 733 1633 nos
747 1597 888 1642 dignatus
906 1593 943 1636 ςβ
963 1594 1052 1639 bajus
1076 1602 1181 1643 negotii

296 1654 460 1687 executores
466 1649 535 1693 suos
547 1656 668 1685 mittere
679 1675 686 1683 .
1115 1644 1118 1646 ’

349 1702 432 1735 Asta
454 1702 506 1735 sua
529 1711 595 1734 tam
620 1698 796 1734 solenniter
822 1700 842 1734 a
866 1698 1027 1733 Romanis
1048 1699 1181 1744 Legatis

294 1750 617 1795 probari&flabiliri
631 1751 759 1794 gavisus
781 1749 957 1794 plurimum
977 1749 1022 1783 est
1044 1750 1179 1786 Saudlus

293 1801 443 1844 Cyrillus
462 1823 473 1839 ‚
511 1800 651 1843 ideoque
673 1800 749 1834 illos
773 1801 900 1844 rogavit
913 1823 923 1840 ‚
949 1808 987 1832 ut
1006 1799 1127 1834 eisdem
1139 1799 1178 1833 ad

295 1862 488 1896 perpetuam
515 1851 704 1885 firmitatem
731 1850 942 1895 dignarentur
969 1847 1178 1883 subscribere.

291 1902 339 1935 Et
353 1901 603 1944 subscripserunt
613 1925 621 1932 .
648 1900 691 1933 Et
702 1901 859 1943 quoniam
872 1899 993 1933 Comes
1006 1898 1179 1933 Candidia-

291 1952 552 1994 nus&Joannes
578 1948 764 1986 Patriarcha
786 1948 1018 1982 Antiochenus
1038 1949 1179 1991 peffimis

292 1999 444 2037 adversus
455 2001 605 2035 sanctum
615 1998 778 2042 Cyrillum
801 1998 912 2042 &ejus
923 1999 958 2031 in
979 1997 1170 2032 Nestorium

291 2050 375 2088 Asta
388 2050 568 2086 mendaciis
580 2048 806 2094 inquietabant
818 2047 978 2091 Principis
986 2059 1077 2082 aures
1086 2072 1097 2089 ,
1118 2048 1178 2082 Pa-

285 2101 430 2142 latium,
457 2101 599 2146 Regiam
622 2100 809 2141 civitatem,
833 2110 871 2134 ac
890 2107 1006 2134 omnes
1027 2099 1175 2134 Orientis

290 2153 461 2198 praesertim
475 2150 656 2191 Ecclesias,
681 2161 768 2187 nova
790 2150 966 2185 Relatione
986 2148 1175 2193 Principem

290 2202 448 2237 instruxit
470 2201 538 2235 haec
548 2201 669 2242 Aetio,
695 2200 883 2235 adseverans
904 2199 1067 2242 Cyrillum
1090 2198 1174 2233 nihil

290 2252 481 2293 austoritate
491 2251 566 2290 sua,
592 2251 646 2285 sed
671 2251 785 2284 omnia
806 2261 860 2294 per
883 2248 1092 2293 Apostolicas
1116 2249 1176 2283 Ce-

290 2299 399 2335 lestini
418 2302 505 2334 vices
524 2300 622 2345 egiffe
647 2301 682 2334 in
703 2300 895 2334 Nestorium
910 2322 921 2339 ,
948 2297 1173 2342 Apostolicam

289 2352 382 2386 illius
392 2351 427 2384 ln
441 2349 530 2384 hunc
542 2350 736 2384 sententiam
747 2348 917 2384 dumtaxst
928 2348 1129 2383 confirmasse
1142 2348 1175 2382 &

289 2401 588 2436 suiffeexecutum.
616 2398 756 2433 Addidit
769 2398 910 2433 dubitari
933 2409 1002 2432 nou
1026 2399 1112 2441 posse
1133 2396 1174 2432 de

291 2450 479 2486 constanter
491 2449 701 2494 perseveranti
713 2459 822 2482 mente
834 2447 1007 2482 Pontificis
1020 2471 1030 2487 ‚
1055 2448 1174 2492 utpote

290 2501 384 2545 cujus
394 2510 456 2534 tres
468 2500 546 2534 novi
560 2499 678 2543 Legati
689 2509 763 2532 cum
776 2497 1048 2531 confirmantibus
1061 2497 1174 2531 litteris

291 2563 332 2586 ac
347 2550 511 2585 mandatis
525 2548 739 2588 advenerint,
749 2547 969 2591 omniaquein
982 2546 1172 2580 Nestorium

289 2600 375 2636 Acta
388 2598 569 2645 pleniffime
581 2597 807 2632 confirmarint
817 2623 824 2630 .
849 2597 886 2630 In
901 2595 1087 2631 haecomnia
1097 2608 1173 2630 con-

287 2651 406 2686 sentire
415 2648 497 2685 dicit
504 2659 639 2684 ornnem
650 2648 764 2682 orbem
775 2645 996 2682 Christianum
1009 2671 1020 2687 ,
1045 2652 1172 2688 exceptis

286 2706 393 2745 paucis
405 2706 455 2744 qui
466 2703 501 2732 N
503 2697 594 2740 estem
606 2703 768 2731 amicitiam
775 2703 888 2740 pietate
898 2701 1038 2739 potiorem
1051 2697 1170 2730 ducunt.

290 2752 403 2786 Hosce
429 2749 622 2793 supplicavit
642 2748 827 2792 compesci,
854 2748 908 2781 sua
931 2746 1070 2780 Decreta
1095 2757 1171 2780 cum

288 2801 485 2836 executoriis
498 2798 614 2833 litteris
624 2797 820 2842 publicanda
833 2796 919 2833 mitti
945 2795 986 2830 ad
1009 2795 1173 2830 Praetorio-

289 2857 364 2884 ‘mm
376 2851 408 2884 &
422 2849 668 2884 Provinciarum
691 2847 861 2881 Praefestos
875 2871 886 2887 ,
912 2845 1007 2880 sacris
1028 2857 1087 2888 pro
1107 2844 1173 2879 Ne-

290 2899 592 2942 storiojuffionibus
602 2909 671 2932 non
682 2898 787 2931 vexari
802 2896 974 2931 Ecclesiam
986 2920 997 2936 ‚
1023 2895 1080 2929 fibi
1102 2896 1171 2930 fieri

290 2949 457 2983 licentiam
471 2950 548 2983 novi
572 2948 724 2993 Episcopi
737 2943 1099 2989 Constantinopolitani
1122 2957 1173 2979 or-

289 2998 429 3033 dinandi
443 3021 452 3036 ‚
477 3000 509 3032 &
547 3000 589 3032 fic
625 2998 666 3031 ad
692 2997 821 3041 propria
847 2995 1022 3030 redeundi.
1061 2994 1173 3039 Regiae

290 3058 434 3091 namque
444 3048 583 3082 civitatis
596 3048 792 3091 Episcopum
803 3047 870 3081 fine
881 3046 936 3079 sua
947 3044 1080 3079 licentia
1092 3043 1170 3089 eligi

292 3107 349 3133 aut
372 3097 550 3131 consecrari
572 3098 756 3131 Graecorum
775 3095 918 3141 Augusti
940 3095 994 3129 vix
1026 3105 1171 3138 unquam

288 3147 481 3192 permisere.
527 3144 671 3189 Eamque
690 3147 960 3181 consuetudinem
982 3145 1074 3178 fuine
1114 3155 1171 3188 pro

292 3198 435 3239 ipsorum
447 3196 620 3229 reverentia
633 3197 801 3230 toleratam
815 3198 831 3230 a
856 3196 1010 3229 Romana
1032 3194 1170 3228 Ecclesia

293 3246 479 3280 ‘audivimus
489 3244 565 3278 alibi
575 3256 617 3277 ex
639 3246 744 3278 saneto
766 3245 926 3279 Pontifice
947 3243 1092 3279 Nicolao
1113 3243 1172 3287 pri-

294 3306 352 3329 mo
365 3320 373 3327 .
400 3295 510 3328 Etiam
533 3293 551 3327 ὲ
572 3293 740 3328 celebratis
760 3294 793 3326 in
813 3295 950 3327 Oriente
969 3292 1171 3337 generalibus

291 3342 438 3387 Synodis
448 3345 513 3377 sine
525 3343 684 3387 Principis
697 3344 825 3376 licentia
847 3343 994 3377 recedere
1016 3342 1170 3386 Episcopi

290 3394 380 3428 olim
397 3404 462 3425 non
474 3403 662 3435 potuerunt.
692 3393 770 3440 Qa
782 3392 937 3427 violentia
957 3393 1172 3426 Constantius

297 3441 468 3494 Augustus
477 3441 540 3477 fuit
551 3444 624 3479 usus
634 3444 667 3482 ἃς
680 3443 714 3476 in
724 3442 897 3489 Synodum
909 3440 1147 3480 Ariminensem
1161 3467 1167 3475 .

905 129 909 131 ·
954 104 1442 159 'Arretina-ic

1268 194 1391 230 Similis
1401 196 1534 235 Relatio
1544 200 1627 235 facta
1646 200 1691 236 est
1710 202 1753 238 ad
1773 202 1906 238 Clerum
1931 205 1966 239 <Sc
1990 205 2147 250 populum

1269 245 1676 301 (Jonstantinopolitanum
1688 277 1699 293 ,
1724 264 1783 297 pro
1798 255 1906 288 futura
1918 257 1995 291 novi
2017 257 2148 300 Episco-

1265 293 1466 337 preleilione
1477 297 1632 333 mandaris
1652 301 1746 337 fundi
1772 304 1916 347 publicas
1938 317 2044 348 preces
2057 331 2067 346 ,
2093 306 2146 341 ad-

1264 344 1407 389 densque
1417 357 1513 380 tantae
1534 349 1662 391 suaepro
1682 350 1740 384 ista
1759 353 1900 389 Ecclesia
1926 356 2146 391 solicitudinis

1265 396 1415 431 eausam:
1442 398 1474 429 si
1489 400 1584 441 Re'gt'a
1594 402 1763 441 civitaspi?
1776 403 1944 445 gubernata
1956 405 2074 448 fuerit,
2101 418 2146 449 cf·

1261 452 1325 486 tere
1343 457 1456 489 quoque
1479 459 1578 481 omnes
1599 448 1733 490 Ecclefiae
1749 449 1864 493 sanllae
1885 458 1943 488 Dei
1960 458 2143 490 commodum

1261 493 1332 530 binc
1343 496 1538 538 reportabunt
1549 523 1555 531 .

1309 546 1458 593 Qaestio
1479 547 1546 589 est,
1574 547 1758 596 Qomodd
1783 549 1959 596 Philippus
1982 554 2143 591 Romanae

1260 595 1408 630 Ecclefiae
1418 596 1587 641 Presbyoer
1596 597 1634 633 ac
1647 599 1790 644 Legatus
1801 601 1912 644 paffim
1935 602 2084 647 loquatur
2105 609 2141 641 ὅ(

1259 645 1434 680 subscribat
1453 658 1529 682 ante
1551 648 1730 683 Arcadium
1752 651 1787 684 ἀ
1806 650 1989 694 projectum
2009 653 2140 697 Episco.

1258 707 1339 739 pos,
1364 697 1463 730 etiam
1477 698 1635 743 Legatos:
1662 701 1783 743 Neque
1803 702 1893 736 enim
1913 703 1973 736 illo
1992 713 2139 747 tempore

1258 746 1449 781 Cardinales
1478 748 1706 784 Romanorum
1734 749 1916 793 Presbyteri
1955 752 2136 797 Episcopos

1256 796 1493 839 praecedebant.
1516 799 1667 847 =Qidam
1678 801 1866 836 existimant
1890 801 1973 836 Asta
1998 803 2141 846 synoda-

1256 846 1301 880 lia
1323 846 1386 880 effe
1399 847 1511 882 vitiata
1523 849 1558 883 δε
1569 849 1702 883 confusa
1716 852 1748 884 in
1760 850 1879 886 statum
1893 853 2041 887 Ecclefiae
2063 844 2139 897 prm-¹

1256 898 1395 930 sentem.
1433 898 1570 932 Etenim
1600 899 1780 935 Celestinus
1814 901 1971 937 Pontifex
1997 903 2038 937 ab
2064 904 2139 948 ipfis

1255 945 1418 981 discordat
1437 947 1472 981 in
1485 949 1550 982 suis
1559 948 1599 982 ad
1615 949 1786 993 Synodum
1800 952 1833 985 &
1846 951 2031 996 Principem
2054 954 2140 988 litte-

1254 996 1297 1029 ris
1310 1020 1320 1036 ,
1346 997 1465 1031 ultimo
1487 999 1608 1042 semper
1629 1000 1705 1033 loco
1727 1002 1904 1036 nominans
1925 1002 2136 1047 Philippum.
2167 1042 2170 1044 v

1254 1046 1358 1094 Qod
1372 1048 1476 1090 ipsum
1488 1049 1671 1093 frequenter
1681 1051 1805 1084 faciunt
1818 1052 1949 1087 Sanctus
1969 1053 2137 1095 Cyrillus,

1252 1107 1289 1129 ac
1301 1097 1394 1130 variae
1407 1098 1578 1140 synodales
1589 1099 1798 1135 Relationes.
1827 1100 1896 1135 Alii
1917 1103 2035 1136 volunt
2057 1102 2139 1146 Phi-⁵

1253 1146 1378 1189 lippum
1399 1146 1490 1182 Sedis
1512 1148 1731 1192 Apostolicae,
1762 1150 1943 1186 Arcadium
1968 1153 2003 1185 «Sc
2025 1152 2137 1196 Proie-

1252 1197 1338 1230 &um
1361 1197 1521 1233 Romanae
1533 1198 1759 1234 Patriarchalis
1772 1200 1897 1243 Synodi
1921 1201 2013 1236 fuiffe
2035 1202 2137 1247 Lega—

1252 1255 1323 1286 tos,
1349 1246 1489 1291 ideoque
1509 1247 1571 1283 hos
1594 1261 1663 1284 non
1686 1249 1792 1285 solum
1818 1251 1890 1294 post
1917 1250 2133 1295 Philippum,

1250 1296 1411 1330 sedetiam
1425 1297 1493 1340 post
1518 1299 1705 1341 Iuvenalem
1727 1299 1970 1343 Hierosolymae
1990 1300 2130 1337 Patriar-

1250 1346 1346 1380 cham
1374 1345 1489 1382 sedisse
1508 1349 1542 1382 &
1569 1349 1795 1393 subseripfiffe.
1821 1350 1983 1385 Arcadius
2008 1353 2132 1393 semel,-

1249 1395 1414 1439 Projestus
1430 1399 1602 1441 aliquoties
1623 1400 1693 1443 post
1715 1399 1903 1444 Iuvenalem
1930 1400 2130 1446 subscripsit.

1249 1445 1296 1478 lta
1309 1446 1409 1480 etiarn
1419 1447 1455 1482 in
1467 1449 1554 1483 sexta
1565 1448 1701 1493 Synodo
1716 1450 1905 1495 Agathonis
1923 1450 2018 1495 Papae
2036 1462 2133 1492 ante,

1249 1495 1409 1531 Romanae
1442 1498 1569 1542 Synodi
1594 1500 1737 1544 Legatio
1761 1501 1832 1545 post
1860 1501 2067 1536 Patriarchas
2091 1513 2135 1543 ac,

1248 1544 1407 1582 Primates
1421 1548 1600 1592 subscripsit
1615 1575 1622 1582 .
1649 1550 1692 1584 Et
1712 1550 1800 1585 hisce
1822 1552 1909 1584 favet
1931 1553 2041 1588 Sancti
2063 1552 2131 1596 Cy·

1246 1595 1313 1630 rilli
1336 1597 1378 1631 de
1404 1598 1607 1643 praesentibus
1633 1600 1765 1645 Legatis
1786 1600 2015 1635 interlocutio:
2052 1604 2129 1644 Sup-¹

1242 1648 1357 1689 plantes
1382 1649 1475 1683 locum
1500 1650 1586 1683 sedis
1624 1650 1790 1692 Apostolicae
1805 1674 1816 1690 ,
1852 1649 1994 1693 totiusque
2023 1652 2127 1689 synodi

1243 1695 1483 1740 fhnfflffimorum
1499 1701 1730 1734 occidentalium
1741 1698 1951 1743 Episcoporum
1963 1725 1971 1733 .
1999 1700 2127 1737 Verum

1245 1747 1335 1782 obest
1346 1749 1512 1791 synodalis
1534 1748 1575 1784 ad
1598 1750 1768 1792 Principes
1790 1751 1946 1792 Relatio,
1973 1751 2061 1794 ajens
2080 1751 2132 1791 de„

1244 1796 1399 1831 omnibus
1408 1798 1527 1833 tribus:
1554 1797 1690 1839 celestini
1700 1798 1869 1843 sancqiffimi
1879 1799 2121 1842 Epifiopilocum

1239 1845 1400 1891 ficpplent.
1427 1847 1471 1881 Et
1481 1845 1558 1882 hinc
1569 1846 1665 1882 video
1676 1858 1744 1882 rem
1758 1850 1824 1882 esse
1836 1850 2039 1893 perplexame
2063 1851 2125 1884 Fa·

1244 1896 1307 1931 cil&
1316 1897 1509 1933 crediderim
1519 1897 1763 1941 subscriptionis
1772 1899 1922 1932 ordinem
1933 1901 2000 1933 esse
2011 1900 2030 1934 a
2043 1911 2126 1943 quo·

1244 1947 1333 1990 piam
1344 1947 1693 1992 sciolointetpolatum
1712 1972 1719 1980 .
1751 1948 1886 1982 Etenim
1908 1947 2069 1984 Arcadius
2081 1951 2124 1984 se·

1244 1996 1310 2031 mel
1330 2006 1428 2038 ante,
1454 1998 1551 2031 semel
1564 1997 1636 2040 post
1655 1997 1846 2041 Juvenalem
1870 1998 2059 2040 subscribit,
2084 2010 2124 2033 ae

1244 2057 1312 2080 non
1325 2046 1432 2081 solum
1444 2047 1514 2090 post
1527 2047 1624 2086 illos,
1650 2046 1704 2080 scd
1721 2047 1820 2080 etiam
1846 2049 1916 2089 post
1940 2048 2124 2091 Projectum

1242 2096 1485 2138 &flavianum
1499 2095 1746 2141 Philippensem
1759 2097 1825 2140 ipse
1834 2094 2007 2144 Philippus
2018 2121 2026 2130 .
2110 2103 2114 2107 ·

1445 2269 1928 2330 Αοτῑοιν.

1338 2398 1497 2445 ctionem
1509 2409 1656 2444 quartam
1668 2422 1679 2439 ‚
1705 2398 1835 2433 decimo
1848 2397 1987 2441 septimo
2006 2397 2123 2433 Caleni

1358 2449 1415 2483 das
1452 2450 1595 2494 Augusti
1630 2448 1846 2486 celebratam,
1872 2446 1996 2490 alloqui
2021 2448 2123 2490 coepitl

1241 2498 1428 2541 Hesychius
1451 2500 1641 2533 Diaconus:
1681 2499 1806 2537 cyrillus
1822 2505 1878 2539 per
1901 2500 2001 2530 omn'ta
2021 2495 2125 2540 sacraq

1239 2549 1359 2588 ttffimus
1385 2547 1517 2590 Ecclefiae
1540 2549 1760 2582 Alexandrina
1786 2545 1968 2589 Episcopus,
1993 2549 2026 2579 Θ
2047 2545 2122 2590 sati-

1240 2597 1373 2638 Hiffimus
1384 2602 1521 2632 Memnon
1545 2596 1734 2640 Ephesiorum
1753 2595 1917 2639 Episcopus
1934 2595 2119 2640 saneffffmae

1239 2659 1276 2681 ac
1287 2655 1464 2681 oecumenicae
1474 2650 1581 2687 synodo
1602 2647 1730 2681 libellum
1742 2646 1941 2680 exhibuerunt
1950 2668 1962 2685 ,
1986 2657 2071 2688 quem
2081 2645 2124 2688 ,fi

1239 2697 1336 2731 vellra
1361 2698 1511 2731 SanHitas
1532 2698 1649 2741 jufferit
1662 2721 1674 2737 ,
1710 2697 1916 2731 recitabimus.
1944 2696 2052 2739 Ipsum
2075 2696 2119 2731 ad

1240 2748 1400 2791 Iuvenalis
1410 2748 1515 2781 Hiero
1520 2749 1563 2780 sol
1568 2747 1707 2791 ymitani
1718 2747 1873 2790 Episcopi
1897 2745 2119 2781 interlocutio-

1238 2809 1314 2831 nem
1326 2797 1412 2831 idem
1425 2796 1611 2839 Hesychius
1623 2796 1723 2841 legit.
1750 2795 1895 2830 Libellus
1918 2795 2016 2830 habet
2039 2795 2117 2829 tria.

1238 2846 1352 2881 Primo
1364 2872 1374 2888 ,
1401 2847 1566 2890 synodalis
1577 2847 1612 2880 in
1625 2845 1816 2880 Nestorium
1840 2844 2009 2879 manifeste
2024 2842 2122 2887 haere7

1238 2898 1342 2931 ticum
1360 2909 1397 2931 ac
1407 2897 1498 2931 trina:
1520 2896 1672 2931 citationi
1698 2898 1923 2931 contumacem
1945 2895 2027 2929 datae
2047 2895 2119 2937 sem

1238 2947 1346 2981 tentiae
1364 2946 1521 2990 justitiam
1543 2945 1658 2980 acriter
1683 2946 1914 2980 commendat.
1941 2943 2117 2983 Secundo,

1238 2997 1373 3040 Joannis
1393 2995 1623 3036 Antiocheni‚
1650 2996 1773 3029 nullam
1800 3007 1855 3039 per
1882 2994 2036 3028 Canones
2061 2992 2117 3027 aut

1238 3046 1406 3090 Imperiale
1417 3046 1623 3089 Rescriptum
1638 3046 1831 3089 porestatem
1845 3042 1994 3078 habentis
2004 3066 2015 3083 ,
2040 3042 2115 3076 solis

1238 3096 1372 3140 triginta
1383 3093 1592 3130 schismaticis
1603 3105 1659 3129 aut
1669 3093 1849 3139 degradatis
1872 3092 2042 3137 Episcopis
2061 3090 2114 3124 ad*-

1236 3146 1371 3186 sociati,
1406 3146 1440 3179 &
1462 3144 1680 3179 nihilominus
1705 3145 1871 3188 Cyrillum
1904 3154 1942 3176 ac
1962 3142 2114 3175 Memno-

1236 3207 1335 3236 nem,
1372 3205 1570 3237 omnemque
1593 3195 1765 3229 cuminis
1797 3192 1979 3238 generalem
2008 3189 2112 3232 Syno-

1235 3246 1336 3286 dum,
1363 3245 1539 3289 &quidem
1552 3255 1609 3280 nec
1620 3237 1750 3278 auditos
1770 3255 1829 3277 nec
1850 3243 1989 3278 citatos,
2025 3239 2113 3272 dam·

1236 3306 1311 3329 nare
1345 3295 1432 3336 auli,
1466 3294 1634 3329 audaciam
1672 3305 1710 3327 ac
1734 3290 1939 3327 insolentiam
1973 3289 2113 3332 graviter

1234 3354 1428 3389 exaggerat.
1465 3344 1606 3384 Tertio,
1633 3343 1788 3388 supplicat
1810 3341 1969 3383 Ioannem
1995 3349 2032 3371 ac
2045 3338 2113 3378 ejus

1234 3395 1268 3428 in
1286 3394 1510 3439 hactragaedia
1524 3394 1628 3428 socios
1651 3390 1743 3426 citari
1761 3389 1803 3422 ad
1825 3387 2015 3431 Synodum,
2043 3388 2111 3422 red-

1232 3443 1360 3482 dituros
1371 3445 1432 3481 suae
1443 3445 1630 3479 temeritatis
1637 3441 1793 3477 rationeS.
1805 3479 1807 3481 ,
1822 3438 1865 3473 Et
1885 3437 2043 3483 quoniam
2063 3436 2110 3480 ju-

1993 3486 2060 3524 stus
