<?xml version="1.0" encoding="UTF-8"?>
<!DOCTYPE html PUBLIC "-//W3C//DTD XHTML 1.0 Transitional//EN"
    "http://www.w3.org/TR/xhtml1/DTD/xhtml1-transitional.dtd">
<html xmlns="http://www.w3.org/1999/xhtml" xml:lang="en" lang="en">
 <head>
  <title>
</title>
<meta http-equiv="Content-Type" content="text/html;charset=utf-8" />
  <meta name='ocr-system' content='tesseract 3.04.00' />
  <meta name='ocr-capabilities' content='ocr_page ocr_carea ocr_par ocr_line ocrx_word'/>
</head>
<body>
  <div class='ocr_page' id='page_1' title='image "./operaomniastudio02lupuuoft_0248.png"; bbox 0 0 2340 3736; ppageno 0'>
   <div class='ocr_carea' id='block_1_1' title="bbox 390 136 492 173">
    <p class='ocr_par' dir='ltr' id='par_1_1' title="bbox 390 136 492 173">
     <span class='ocr_line' id='line_1_1' title="bbox 390 136 492 173; baseline -0.02 0"><span class='ocrx_word' id='word_1_1' title='bbox 390 136 492 173; x_wconf 79' lang='lat'>226·</span> 
     </span>
    </p>
   </div>
   <div class='ocr_carea' id='block_1_2' title="bbox 973 131 1438 177">
    <p class='ocr_par' dir='ltr' id='par_1_2' title="bbox 973 131 1438 177">
     <span class='ocr_line' id='line_1_2' title="bbox 973 131 1438 177; baseline -0.002 0"><span class='ocrx_word' id='word_1_2' title='bbox 973 131 1438 177; x_wconf 59' lang='lat' dir='ltr'>Amanum</span> 
     </span>
    </p>
   </div>
   <div class='ocr_carea' id='block_1_3' title="bbox 323 211 2155 268">
    <p class='ocr_par' dir='ltr' id='par_1_3' title="bbox 323 211 2155 268">
     <span class='ocr_line' id='line_1_3' title="bbox 323 211 2155 268; baseline 0.007 -23"><span class='ocrx_word' id='word_1_3' title='bbox 323 213 526 255; x_wconf 60' lang='lat' dir='ltr'>mediatores,</span> <span class='ocrx_word' id='word_1_4' title='bbox 548 213 649 256; x_wconf 73' lang='lat' dir='ltr'>&amp;pro</span> <span class='ocrx_word' id='word_1_5' title='bbox 658 213 732 246; x_wconf 84' lang='lat' dir='ltr'>mole</span> <span class='ocrx_word' id='word_1_6' title='bbox 742 211 1012 257; x_wconf 67' lang='lat' dir='ltr'>blasphemiarum,</span> <span class='ocrx_word' id='word_1_7' title='bbox 1039 215 1139 256; x_wconf 71' lang='lat' dir='ltr'>&amp;pro</span> <span class='ocrx_word' id='word_1_8' title='bbox 1157 218 1211 246; x_wconf 66' lang='lat' dir='ltr'>im»</span> <span class='ocrx_word' id='word_1_9' title='bbox 1255 213 1434 268; x_wconf 59' lang='lat' dir='ltr'>&#39;Concilium</span> <span class='ocrx_word' id='word_1_10' title='bbox 1457 224 1526 248; x_wconf 73' lang='lat' dir='ltr'>nem</span> <span class='ocrx_word' id='word_1_11' title='bbox 1557 216 1644 258; x_wconf 81' lang='lat' dir='ltr'>quast</span> <span class='ocrx_word' id='word_1_12' title='bbox 1659 217 1832 254; x_wconf 61' lang='lat' dir='ltr'>boemicum</span> <span class='ocrx_word' id='word_1_13' title='bbox 1854 220 2155 267; x_wconf 68' lang='lat' dir='ltr'>anathematizavit,</span> 
     </span>
    </p>
   </div>
   <div class='ocr_carea' id='block_1_4' title="bbox 319 262 1210 763">
    <p class='ocr_par' dir='ltr' id='par_1_4' title="bbox 319 262 1210 704">
     <span class='ocr_line' id='line_1_4' title="bbox 322 262 1207 308; baseline -0.001 -10"><span class='ocrx_word' id='word_1_14' title='bbox 322 270 515 307; x_wconf 80' lang='lat' dir='ltr'>portunitate</span> <span class='ocrx_word' id='word_1_15' title='bbox 525 262 736 299; x_wconf 82' lang='lat' dir='ltr'>Monacborum</span> <span class='ocrx_word' id='word_1_16' title='bbox 747 264 986 304; x_wconf 62' lang='lat' dir='ltr'>presbyterorum</span> <span class='ocrx_word' id='word_1_17' title='bbox 987 264 1126 308; x_wconf 74' lang='lat' dir='ltr'>Juffimus</span> <span class='ocrx_word' id='word_1_18' title='bbox 1133 275 1207 308; x_wconf 80' lang='lat' dir='ltr'>egre-</span> 
     </span>
     <span class='ocr_line' id='line_1_5' title="bbox 323 314 1210 357; baseline 0.001 -11"><span class='ocrx_word' id='word_1_19' title='bbox 323 316 417 353; x_wconf 65' lang='lat' dir='ltr'>dteos</span> <span class='ocrx_word' id='word_1_20' title='bbox 439 317 462 349; x_wconf 70' lang='grc' dir='ltr'><em>ἁ</em></span> <span class='ocrx_word' id='word_1_21' title='bbox 474 316 564 354; x_wconf 81' lang='lat' dir='ltr'>Tyro.</span> <span class='ocrx_word' id='word_1_22' title='bbox 585 314 856 350; x_wconf 65' lang='lat' dir='ltr'>scandalizabatur</span> <span class='ocrx_word' id='word_1_23' title='bbox 880 320 958 349; x_wconf 81' lang='lat' dir='ltr'>enim</span> <span class='ocrx_word' id='word_1_24' title='bbox 978 320 1117 356; x_wconf 80' lang='lat' dir='ltr'>civitas,</span> <span class='ocrx_word' id='word_1_25' title='bbox 1139 325 1210 357; x_wconf 84' lang='lat' dir='ltr'>quae</span> 
     </span>
     <span class='ocr_line' id='line_1_6' title="bbox 326 365 1207 409; baseline -0.003 -11"><span class='ocrx_word' id='word_1_26' title='bbox 326 376 478 407; x_wconf 77' lang='lat' dir='ltr'>nunquam</span> <span class='ocrx_word' id='word_1_27' title='bbox 493 365 554 398; x_wconf 81' lang='lat' dir='ltr'>tale</span> <span class='ocrx_word' id='word_1_28' title='bbox 563 365 682 407; x_wconf 75' lang='lat' dir='ltr'>aliquid</span> <span class='ocrx_word' id='word_1_29' title='bbox 692 366 745 401; x_wconf 73' lang='lat' dir='ltr'>vel</span> <span class='ocrx_word' id='word_1_30' title='bbox 754 370 938 409; x_wconf 83' lang='lat' dir='ltr'><em>cogitaverat</em></span> <span class='ocrx_word' id='word_1_31' title='bbox 951 365 1005 398; x_wconf 80' lang='lat' dir='ltr'>vel</span> <span class='ocrx_word' id='word_1_32' title='bbox 1021 365 1189 399; x_wconf 75' lang='lat' dir='ltr'>audiverat</span> <span class='ocrx_word' id='word_1_33' title='bbox 1200 388 1207 396; x_wconf 89' lang='lat'>.</span> 
     </span>
     <span class='ocr_line' id='line_1_7' title="bbox 324 413 1209 458; baseline 0.001 -9"><span class='ocrx_word' id='word_1_34' title='bbox 324 415 453 458; x_wconf 84' lang='lat' dir='ltr'>Tyrios</span> <span class='ocrx_word' id='word_1_35' title='bbox 467 415 559 452; x_wconf 76' lang='lat' dir='ltr'>fuifle</span> <span class='ocrx_word' id='word_1_36' title='bbox 581 413 730 453; x_wconf 75' lang='lat' dir='ltr'>adversus</span> <span class='ocrx_word' id='word_1_37' title='bbox 751 415 945 453; x_wconf 82' lang='lat' dir='ltr'>Nestorium</span> <span class='ocrx_word' id='word_1_38' title='bbox 966 413 1209 450; x_wconf 77' lang='lat' dir='ltr'>ardentissimos</span> 
     </span>
     <span class='ocr_line' id='line_1_8' title="bbox 322 463 1209 513; baseline -0.001 -14"><span class='ocrx_word' id='word_1_39' title='bbox 322 465 427 509; x_wconf 88' lang='lat' dir='ltr'>liquet</span> <span class='ocrx_word' id='word_1_40' title='bbox 449 477 490 499; x_wconf 86' lang='lat' dir='ltr'>ex</span> <span class='ocrx_word' id='word_1_41' title='bbox 502 474 625 513; x_wconf 78' lang='lat' dir='ltr'>nupero</span> <span class='ocrx_word' id='word_1_42' title='bbox 649 466 793 509; x_wconf 81' lang='lat' dir='ltr'>ipsorum</span> <span class='ocrx_word' id='word_1_43' title='bbox 807 465 903 507; x_wconf 87' lang='lat' dir='ltr'>zelo,</span> <span class='ocrx_word' id='word_1_44' title='bbox 931 476 998 508; x_wconf 92' lang='lat' dir='ltr'>quo</span> <span class='ocrx_word' id='word_1_45' title='bbox 1018 464 1088 508; x_wconf 85' lang='lat' dir='ltr'>ejus</span> <span class='ocrx_word' id='word_1_46' title='bbox 1113 463 1209 508; x_wconf 76' lang='lat' dir='ltr'>leprae</span> 
     </span>
     <span class='ocr_line' id='line_1_9' title="bbox 319 513 1207 560; baseline 0 -11"><span class='ocrx_word' id='word_1_47' title='bbox 319 516 502 559; x_wconf 58' lang='lat' dir='ltr'>‚suspersam</span> <span class='ocrx_word' id='word_1_48' title='bbox 513 517 607 554; x_wconf 83' lang='lat' dir='ltr'>suum</span> <span class='ocrx_word' id='word_1_49' title='bbox 618 514 817 560; x_wconf 78' lang='lat' dir='ltr'>Episcopum</span> <span class='ocrx_word' id='word_1_50' title='bbox 829 516 986 553; x_wconf 74' lang='lat' dir='ltr'>lrenaeum</span> <span class='ocrx_word' id='word_1_51' title='bbox 996 514 1095 558; x_wconf 84' lang='lat' dir='ltr'>dejici</span> <span class='ocrx_word' id='word_1_52' title='bbox 1107 513 1207 558; x_wconf 86' lang='lat' dir='ltr'>impe·</span> 
     </span>
     <span class='ocr_line' id='line_1_10' title="bbox 321 563 1208 611; baseline 0 -12"><span class='ocrx_word' id='word_1_53' title='bbox 321 576 446 611; x_wconf 80' lang='lat' dir='ltr'>trarunt</span> <span class='ocrx_word' id='word_1_54' title='bbox 458 578 497 602; x_wconf 87' lang='lat' dir='ltr'>ac</span> <span class='ocrx_word' id='word_1_55' title='bbox 503 566 638 611; x_wconf 86' lang='lat' dir='ltr'>relegari</span> <span class='ocrx_word' id='word_1_56' title='bbox 650 591 658 599; x_wconf 88' lang='lat'><strong>.</strong></span> <span class='ocrx_word' id='word_1_57' title='bbox 685 566 780 604; x_wconf 82' lang='lat' dir='ltr'>Hinc</span> <span class='ocrx_word' id='word_1_58' title='bbox 791 564 931 600; x_wconf 76' lang='lat' dir='ltr'>similem</span> <span class='ocrx_word' id='word_1_59' title='bbox 941 575 1072 599; x_wconf 88' lang='lat' dir='ltr'>motum</span> <span class='ocrx_word' id='word_1_60' title='bbox 1088 563 1208 599; x_wconf 87' lang='lat' dir='ltr'>timens</span> 
     </span>
     <span class='ocr_line' id='line_1_11' title="bbox 320 614 1206 662; baseline 0 -12"><span class='ocrx_word' id='word_1_61' title='bbox 320 614 463 654; x_wconf 87' lang='lat' dir='ltr'>Photius</span> <span class='ocrx_word' id='word_1_62' title='bbox 481 617 655 661; x_wconf 77' lang='lat' dir='ltr'>Synodum</span> <span class='ocrx_word' id='word_1_63' title='bbox 665 614 829 654; x_wconf 78' lang='lat' dir='ltr'>transtulit</span> <span class='ocrx_word' id='word_1_64' title='bbox 842 615 885 653; x_wconf 86' lang='lat' dir='ltr'>ad</span> <span class='ocrx_word' id='word_1_65' title='bbox 907 616 1080 654; x_wconf 80' lang='lat' dir='ltr'>civitatem</span> <span class='ocrx_word' id='word_1_66' title='bbox 1103 615 1206 662; x_wconf 84' lang='lat' dir='ltr'>Bery-</span> 
     </span>
     <span class='ocr_line' id='line_1_12' title="bbox 320 668 462 704; baseline 0.007 -4"><span class='ocrx_word' id='word_1_67' title='bbox 320 668 443 704; x_wconf 79' lang='lat' dir='ltr'>tensem</span> <span class='ocrx_word' id='word_1_68' title='bbox 454 692 462 701; x_wconf 84' lang='lat'><em>‚</em></span> 
     </span>
    </p>

    <p class='ocr_par' dir='ltr' id='par_1_5' title="bbox 323 716 1207 763">
     <span class='ocr_line' id='line_1_13' title="bbox 323 716 1207 763; baseline -0.001 -12"><span class='ocrx_word' id='word_1_69' title='bbox 323 734 326 737; x_wconf 93' lang='lat'>·</span> <span class='ocrx_word' id='word_1_70' title='bbox 370 716 489 761; x_wconf 85' lang='lat' dir='ltr'>Coepta</span> <span class='ocrx_word' id='word_1_71' title='bbox 501 716 557 756; x_wconf 72' lang='lat' dir='ltr'>hle</span> <span class='ocrx_word' id='word_1_72' title='bbox 568 717 631 752; x_wconf 86' lang='lat' dir='ltr'>suit</span> <span class='ocrx_word' id='word_1_73' title='bbox 653 716 870 763; x_wconf 80' lang='lat' dir='ltr'>congregatio</span> <span class='ocrx_word' id='word_1_74' title='bbox 881 716 1041 755; x_wconf 76' lang='lat' dir='ltr'>Calendis</span> <span class='ocrx_word' id='word_1_75' title='bbox 1062 716 1207 761; x_wconf 84' lang='lat' dir='ltr'>Septem-</span> 
     </span>
    </p>
   </div>
   <div class='ocr_carea' id='block_1_5' title="bbox 144 765 1207 862">
    <p class='ocr_par' dir='ltr' id='par_1_6' title="bbox 144 765 1207 862">
     <span class='ocr_line' id='line_1_14' title="bbox 147 765 1207 821; baseline 0 -21"><span class='ocrx_word' id='word_1_76' title='bbox 147 783 193 821; x_wconf 46' lang='grc' dir='ltr'>(ι)</span> <span class='ocrx_word' id='word_1_77' title='bbox 201 782 299 815; x_wconf 65' lang='lat' dir='ltr'>Mense</span> <span class='ocrx_word' id='word_1_78' title='bbox 319 765 428 802; x_wconf 88' lang='lat' dir='ltr'>bribus</span> <span class='ocrx_word' id='word_1_79' title='bbox 439 767 580 815; x_wconf 86' lang='lat' dir='ltr'>ejusdem</span> <span class='ocrx_word' id='word_1_80' title='bbox 590 767 669 804; x_wconf 85' lang='lat' dir='ltr'>anni</span> <span class='ocrx_word' id='word_1_81' title='bbox 682 791 692 807; x_wconf 90' lang='lat'><strong>,</strong></span> <span class='ocrx_word' id='word_1_82' title='bbox 717 770 760 809; x_wconf 81' lang='lat' dir='ltr'>(a</span> <span class='ocrx_word' id='word_1_83' title='bbox 772 773 786 810; x_wconf 88' lang='lat'><em>)</em></span> <span class='ocrx_word' id='word_1_84' title='bbox 796 768 831 801; x_wconf 90' lang='lat' dir='ltr'>in</span> <span class='ocrx_word' id='word_1_85' title='bbox 845 767 1024 811; x_wconf 78' lang='lat' dir='ltr'>Episcopio</span> <span class='ocrx_word' id='word_1_86' title='bbox 1037 778 1131 801; x_wconf 79' lang='lat' dir='ltr'>novae</span> <span class='ocrx_word' id='word_1_87' title='bbox 1144 767 1207 800; x_wconf 86' lang='lat' dir='ltr'>Ec-</span> 
     </span>
     <span class='ocr_line' id='line_1_15' title="bbox 144 816 1206 862; baseline -0.002 -8"><span class='ocrx_word' id='word_1_88' title='bbox 144 823 285 862; x_wconf 74' lang='lat' dir='ltr'>septebris</span> <span class='ocrx_word' id='word_1_89' title='bbox 317 817 417 852; x_wconf 84' lang='lat' dir='ltr'>clefiae</span> <span class='ocrx_word' id='word_1_90' title='bbox 435 844 445 859; x_wconf 87' lang='lat'>,</span> <span class='ocrx_word' id='word_1_91' title='bbox 474 819 624 861; x_wconf 59' lang='lat' dir='ltr'>praesente</span> <span class='ocrx_word' id='word_1_92' title='bbox 652 818 831 853; x_wconf 86' lang='lat' dir='ltr'>Damascio</span> <span class='ocrx_word' id='word_1_93' title='bbox 851 817 998 855; x_wconf 86' lang='lat' dir='ltr'>N0tario</span> <span class='ocrx_word' id='word_1_94' title='bbox 1019 829 1058 852; x_wconf 86' lang='lat' dir='ltr'>ac</span> <span class='ocrx_word' id='word_1_95' title='bbox 1082 816 1206 853; x_wconf 86' lang='lat' dir='ltr'>Tribu-</span> 
     </span>
    </p>
   </div>
   <div class='ocr_carea' id='block_1_6' title="bbox 141 861 295 1054">
    <p class='ocr_par' dir='ltr' id='par_1_7' title="bbox 141 861 295 1054">
     <span class='ocr_line' id='line_1_16' title="bbox 146 861 292 894; baseline 0 0"><span class='ocrx_word' id='word_1_96' title='bbox 146 861 211 894; x_wconf 74' lang='lat' dir='ltr'>Ibas</span> <span class='ocrx_word' id='word_1_97' title='bbox 234 873 292 894; x_wconf 71' lang='lat' dir='ltr'>crat</span> 
     </span>
     <span class='ocr_line' id='line_1_17' title="bbox 145 902 295 940; baseline 0 -8"><span class='ocrx_word' id='word_1_98' title='bbox 145 902 295 940; x_wconf 73' lang='lat' dir='ltr'>depositus.</span> 
     </span>
     <span class='ocr_line' id='line_1_18' title="bbox 143 947 247 974; baseline -0.01 -2"><span class='ocrx_word' id='word_1_99' title='bbox 143 947 247 974; x_wconf 65' lang='lat' dir='ltr'>Adnor.</span> 
     </span>
     <span class='ocr_line' id='line_1_19' title="bbox 144 983 272 1024; baseline 0.008 -9"><span class='ocrx_word' id='word_1_100' title='bbox 144 983 272 1024; x_wconf 72' lang='lat' dir='ltr'>Norfia-</span> 
     </span>
     <span class='ocr_line' id='line_1_20' title="bbox 141 1031 198 1054; baseline -0.035 -1"><span class='ocrx_word' id='word_1_101' title='bbox 141 1031 180 1054; x_wconf 74' lang='lat' dir='ltr'>na</span> <span class='ocrx_word' id='word_1_102' title='bbox 190 1043 198 1052; x_wconf 93' lang='lat'>.</span> 
     </span>
    </p>
   </div>
   <div class='ocr_carea' id='block_1_7' title="bbox 303 866 1204 3406">
    <p class='ocr_par' dir='ltr' id='par_1_8' title="bbox 310 866 1204 1660">
     <span class='ocr_line' id='line_1_21' title="bbox 316 866 1201 914; baseline 0.002 -12"><span class='ocrx_word' id='word_1_103' title='bbox 316 880 384 909; x_wconf 87' lang='lat' dir='ltr'>no,</span> <span class='ocrx_word' id='word_1_104' title='bbox 410 879 507 912; x_wconf 87' lang='lat' dir='ltr'>atque</span> <span class='ocrx_word' id='word_1_105' title='bbox 519 868 667 914; x_wconf 88' lang='lat' dir='ltr'>Eulogio</span> <span class='ocrx_word' id='word_1_106' title='bbox 679 868 836 906; x_wconf 86' lang='lat' dir='ltr'>Diacono</span> <span class='ocrx_word' id='word_1_107' title='bbox 858 866 1201 913; x_wconf 79' lang='lat' dir='ltr'>Constantinopolita-</span> 
     </span>
     <span class='ocr_line' id='line_1_22' title="bbox 316 915 1204 962; baseline 0.001 -11"><span class='ocrx_word' id='word_1_108' title='bbox 316 930 383 953; x_wconf 87' lang='lat' dir='ltr'>no.</span> <span class='ocrx_word' id='word_1_109' title='bbox 411 919 600 957; x_wconf 62' lang='lat' dir='ltr'>Lediaitem</span> <span class='ocrx_word' id='word_1_110' title='bbox 622 918 678 955; x_wconf 85' lang='lat' dir='ltr'>hic</span> <span class='ocrx_word' id='word_1_111' title='bbox 688 919 783 956; x_wconf 85' lang='lat' dir='ltr'>Sacra</span> <span class='ocrx_word' id='word_1_112' title='bbox 809 919 939 955; x_wconf 80' lang='lat' dir='ltr'>Divalis</span> <span class='ocrx_word' id='word_1_113' title='bbox 954 943 964 959; x_wconf 95' lang='lat'>,</span> <span class='ocrx_word' id='word_1_114' title='bbox 991 915 1107 962; x_wconf 74' lang='lat' dir='ltr'>utpote</span> <span class='ocrx_word' id='word_1_115' title='bbox 1132 928 1204 961; x_wconf 86' lang='lat' dir='ltr'>quae</span> 
     </span>
     <span class='ocr_line' id='line_1_23' title="bbox 311 967 1203 1017; baseline 0 -15"><span class='ocrx_word' id='word_1_116' title='bbox 311 968 496 1016; x_wconf 79' lang='lat' dir='ltr'>praefulgere</span> <span class='ocrx_word' id='word_1_117' title='bbox 514 969 641 1002; x_wconf 79' lang='lat' dir='ltr'>debehat</span> <span class='ocrx_word' id='word_1_118' title='bbox 651 967 699 1005; x_wconf 66' lang='lat' dir='ltr'>his</span> <span class='ocrx_word' id='word_1_119' title='bbox 718 968 830 1017; x_wconf 77' lang='lat' dir='ltr'>gestis;</span> <span class='ocrx_word' id='word_1_120' title='bbox 857 967 1077 1004; x_wconf 68' lang='lat' dir='ltr'>Antiochense</span> <span class='ocrx_word' id='word_1_121' title='bbox 1095 968 1203 1013; x_wconf 88' lang='lat' dir='ltr'>Syno-</span> 
     </span>
     <span class='ocr_line' id='line_1_24' title="bbox 313 1016 1202 1058; baseline 0.001 -6"><span class='ocrx_word' id='word_1_122' title='bbox 313 1019 349 1052; x_wconf 87' lang='lat' dir='ltr'>di</span> <span class='ocrx_word' id='word_1_123' title='bbox 361 1018 467 1058; x_wconf 64' lang='lat' dir='ltr'>Acta,</span> <span class='ocrx_word' id='word_1_124' title='bbox 490 1018 722 1055; x_wconf 65' lang='lat' dir='ltr'>&amp;octodecim</span> <span class='ocrx_word' id='word_1_125' title='bbox 743 1016 957 1055; x_wconf 87' lang='lat' dir='ltr'>articulorum</span> <span class='ocrx_word' id='word_1_126' title='bbox 981 1017 1202 1055; x_wconf 81' lang='lat' dir='ltr'>accusatorius</span> 
     </span>
     <span class='ocr_line' id='line_1_25' title="bbox 314 1066 1202 1115; baseline 0.001 -13"><span class='ocrx_word' id='word_1_127' title='bbox 314 1068 465 1107; x_wconf 77' lang='lat' dir='ltr'>libellus,</span> <span class='ocrx_word' id='word_1_128' title='bbox 491 1066 605 1115; x_wconf 83' lang='lat' dir='ltr'>inquo</span> <span class='ocrx_word' id='word_1_129' title='bbox 628 1069 814 1105; x_wconf 80' lang='lat' dir='ltr'>accusantes</span> <span class='ocrx_word' id='word_1_130' title='bbox 835 1068 961 1106; x_wconf 81' lang='lat' dir='ltr'>Clerici</span> <span class='ocrx_word' id='word_1_131' title='bbox 984 1069 1202 1113; x_wconf 82' lang='lat' dir='ltr'>protestantur</span> 
     </span>
     <span class='ocr_line' id='line_1_26' title="bbox 313 1117 1202 1164; baseline 0.002 -12"><span class='ocrx_word' id='word_1_132' title='bbox 313 1119 377 1152; x_wconf 85' lang='lat' dir='ltr'>sese</span> <span class='ocrx_word' id='word_1_133' title='bbox 390 1118 514 1154; x_wconf 80' lang='lat' dir='ltr'>invitos</span> <span class='ocrx_word' id='word_1_134' title='bbox 525 1120 705 1164; x_wconf 75' lang='lat' dir='ltr'>confugere</span> <span class='ocrx_word' id='word_1_135' title='bbox 715 1118 756 1153; x_wconf 86' lang='lat' dir='ltr'>ad</span> <span class='ocrx_word' id='word_1_136' title='bbox 767 1117 955 1162; x_wconf 83' lang='lat' dir='ltr'>Principem</span> <span class='ocrx_word' id='word_1_137' title='bbox 968 1119 1002 1155; x_wconf 74' lang='lat' dir='ltr'>dt</span> <span class='ocrx_word' id='word_1_138' title='bbox 1013 1120 1135 1155; x_wconf 81' lang='lat' dir='ltr'>sacram</span> <span class='ocrx_word' id='word_1_139' title='bbox 1146 1117 1202 1154; x_wconf 86' lang='lat' dir='ltr'>de·</span> 
     </span>
     <span class='ocr_line' id='line_1_27' title="bbox 310 1167 1199 1213; baseline 0.004 -11"><span class='ocrx_word' id='word_1_140' title='bbox 310 1167 512 1212; x_wconf 81' lang='lat' dir='ltr'>legationem</span> <span class='ocrx_word' id='word_1_141' title='bbox 524 1193 535 1210; x_wconf 90' lang='lat'>‚</span> <span class='ocrx_word' id='word_1_142' title='bbox 562 1169 750 1212; x_wconf 85' lang='lat' dir='ltr'>compulsos</span> <span class='ocrx_word' id='word_1_143' title='bbox 765 1169 783 1205; x_wconf 73' lang='lat' dir='ltr'>a</span> <span class='ocrx_word' id='word_1_144' title='bbox 796 1169 967 1205; x_wconf 65' lang='lat' dir='ltr'>necessaria</span> <span class='ocrx_word' id='word_1_145' title='bbox 977 1169 1035 1203; x_wconf 85' lang='lat' dir='ltr'>fibi</span> <span class='ocrx_word' id='word_1_146' title='bbox 1052 1169 1176 1213; x_wconf 79' lang='lat' dir='ltr'>justitia</span> <span class='ocrx_word' id='word_1_147' title='bbox 1188 1194 1199 1210; x_wconf 91' lang='lat'>,</span> 
     </span>
     <span class='ocr_line' id='line_1_28' title="bbox 310 1217 1196 1265; baseline 0.003 -14"><span class='ocrx_word' id='word_1_148' title='bbox 310 1229 409 1262; x_wconf 85' lang='lat' dir='ltr'>quam</span> <span class='ocrx_word' id='word_1_149' title='bbox 432 1228 539 1262; x_wconf 84' lang='lat' dir='ltr'>neque</span> <span class='ocrx_word' id='word_1_150' title='bbox 549 1217 589 1257; x_wconf 90' lang='lat' dir='ltr'>ab</span> <span class='ocrx_word' id='word_1_151' title='bbox 610 1218 775 1257; x_wconf 82' lang='lat' dir='ltr'>Orientali</span> <span class='ocrx_word' id='word_1_152' title='bbox 789 1229 895 1265; x_wconf 83' lang='lat' dir='ltr'>neque</span> <span class='ocrx_word' id='word_1_153' title='bbox 915 1218 957 1253; x_wconf 85' lang='lat' dir='ltr'>ab</span> <span class='ocrx_word' id='word_1_154' title='bbox 982 1219 1196 1256; x_wconf 77' lang='lat' dir='ltr'>Occidentali</span> 
     </span>
     <span class='ocr_line' id='line_1_29' title="bbox 311 1268 1198 1315; baseline 0 -12"><span class='ocrx_word' id='word_1_155' title='bbox 311 1268 460 1303; x_wconf 74' lang='lat' dir='ltr'>concillo</span> <span class='ocrx_word' id='word_1_156' title='bbox 470 1269 621 1304; x_wconf 87' lang='lat' dir='ltr'>obtinere</span> <span class='ocrx_word' id='word_1_157' title='bbox 638 1269 816 1312; x_wconf 80' lang='lat' dir='ltr'>potuissent</span> <span class='ocrx_word' id='word_1_158' title='bbox 827 1294 835 1305; x_wconf 84' lang='grc'><strong><em>,</em></strong></span> <span class='ocrx_word' id='word_1_159' title='bbox 861 1268 951 1306; x_wconf 85' lang='lat' dir='ltr'>Istud</span> <span class='ocrx_word' id='word_1_160' title='bbox 963 1281 1106 1315; x_wconf 87' lang='lat' dir='ltr'>namque</span> <span class='ocrx_word' id='word_1_161' title='bbox 1118 1270 1198 1306; x_wconf 88' lang='lat' dir='ltr'>refu-</span> 
     </span>
     <span class='ocr_line' id='line_1_30' title="bbox 312 1319 1197 1367; baseline 0.003 -15"><span class='ocrx_word' id='word_1_162' title='bbox 312 1319 407 1366; x_wconf 87' lang='lat' dir='ltr'>gium</span> <span class='ocrx_word' id='word_1_163' title='bbox 432 1331 531 1353; x_wconf 89' lang='lat' dir='ltr'>nemo</span> <span class='ocrx_word' id='word_1_164' title='bbox 554 1319 607 1354; x_wconf 90' lang='lat' dir='ltr'>vel</span> <span class='ocrx_word' id='word_1_165' title='bbox 618 1319 791 1363; x_wconf 86' lang='lat' dir='ltr'>impudens</span> <span class='ocrx_word' id='word_1_166' title='bbox 815 1330 962 1367; x_wconf 86' lang='lat' dir='ltr'>unquam</span> <span class='ocrx_word' id='word_1_167' title='bbox 986 1319 1053 1356; x_wconf 81' lang='lat' dir='ltr'>fine</span> <span class='ocrx_word' id='word_1_168' title='bbox 1079 1319 1197 1357; x_wconf 83' lang='lat' dir='ltr'>frontis</span> 
     </span>
     <span class='ocr_line' id='line_1_31' title="bbox 311 1368 1197 1411; baseline 0.003 -9"><span class='ocrx_word' id='word_1_169' title='bbox 311 1369 511 1411; x_wconf 79' lang='lat' dir='ltr'>crispatione</span> <span class='ocrx_word' id='word_1_170' title='bbox 522 1369 556 1402; x_wconf 74' lang='grc' dir='ltr'>δε</span> <span class='ocrx_word' id='word_1_171' title='bbox 568 1368 686 1404; x_wconf 84' lang='lat' dir='ltr'>rubore</span> <span class='ocrx_word' id='word_1_172' title='bbox 705 1371 879 1406; x_wconf 84' lang='lat' dir='ltr'>attentavit</span> <span class='ocrx_word' id='word_1_173' title='bbox 891 1395 899 1404; x_wconf 77' lang='grc'>,</span> <span class='ocrx_word' id='word_1_174' title='bbox 927 1369 971 1406; x_wconf 89' lang='lat' dir='ltr'>Et</span> <span class='ocrx_word' id='word_1_175' title='bbox 985 1369 1063 1404; x_wconf 88' lang='lat' dir='ltr'>hinc</span> <span class='ocrx_word' id='word_1_176' title='bbox 1082 1370 1125 1404; x_wconf 88' lang='lat' dir='ltr'>de</span> <span class='ocrx_word' id='word_1_177' title='bbox 1138 1369 1197 1405; x_wconf 88' lang='lat' dir='ltr'>illo</span> 
     </span>
     <span class='ocr_line' id='line_1_32' title="bbox 312 1418 1198 1457; baseline 0 -4"><span class='ocrx_word' id='word_1_178' title='bbox 312 1419 354 1453; x_wconf 82' lang='lat' dir='ltr'>ab</span> <span class='ocrx_word' id='word_1_179' title='bbox 378 1419 568 1454; x_wconf 80' lang='lat' dir='ltr'>Eusebianis</span> <span class='ocrx_word' id='word_1_180' title='bbox 590 1421 758 1457; x_wconf 86' lang='lat' dir='ltr'>accusatus</span> <span class='ocrx_word' id='word_1_181' title='bbox 780 1421 914 1454; x_wconf 71' lang='lat' dir='ltr'>Sanetus</span> <span class='ocrx_word' id='word_1_182' title='bbox 928 1418 1128 1455; x_wconf 73' lang='lat' dir='ltr'>Athanasius</span> <span class='ocrx_word' id='word_1_183' title='bbox 1155 1431 1198 1453; x_wconf 89' lang='lat' dir='ltr'>re-</span> 
     </span>
     <span class='ocr_line' id='line_1_33' title="bbox 312 1468 1195 1514; baseline -0.002 -10"><span class='ocrx_word' id='word_1_184' title='bbox 312 1469 420 1514; x_wconf 78' lang='lat' dir='ltr'>posuit</span> <span class='ocrx_word' id='word_1_185' title='bbox 432 1469 468 1503; x_wconf 88' lang='lat' dir='ltr'>in</span> <span class='ocrx_word' id='word_1_186' title='bbox 494 1468 663 1514; x_wconf 82' lang='lat' dir='ltr'>Apologia</span> <span class='ocrx_word' id='word_1_187' title='bbox 676 1470 717 1503; x_wconf 87' lang='lat' dir='ltr'>ad</span> <span class='ocrx_word' id='word_1_188' title='bbox 730 1470 965 1506; x_wconf 85' lang='lat' dir='ltr'>Constantium</span> <span class='ocrx_word' id='word_1_189' title='bbox 987 1468 1195 1514; x_wconf 83' lang='lat' dir='ltr'>Augustum:</span> 
     </span>
     <span class='ocr_line' id='line_1_34' title="bbox 315 1517 1198 1565; baseline 0.002 -14"><span class='ocrx_word' id='word_1_190' title='bbox 315 1517 472 1560; x_wconf 64' lang='lat' dir='ltr'>ProfecJus</span> <span class='ocrx_word' id='word_1_191' title='bbox 478 1517 548 1565; x_wconf 90' lang='lat' dir='ltr'>sum</span> <span class='ocrx_word' id='word_1_192' title='bbox 561 1521 747 1554; x_wconf 74' lang='lat' dir='ltr'><em>Alexandria</em></span> <span class='ocrx_word' id='word_1_193' title='bbox 757 1543 768 1559; x_wconf 88' lang='lat'><em>‚</em></span> <span class='ocrx_word' id='word_1_194' title='bbox 793 1530 852 1552; x_wconf 84' lang='lat' dir='ltr'>non</span> <span class='ocrx_word' id='word_1_195' title='bbox 862 1521 907 1552; x_wconf 86' lang='lat' dir='ltr'>ad</span> <span class='ocrx_word' id='word_1_196' title='bbox 916 1519 1010 1559; x_wconf 80' lang='lat' dir='ltr'>castra</span> <span class='ocrx_word' id='word_1_197' title='bbox 1026 1519 1143 1560; x_wconf 83' lang='lat' dir='ltr'>fratris</span> <span class='ocrx_word' id='word_1_198' title='bbox 1153 1526 1198 1553; x_wconf 83' lang='lat' dir='ltr'>tui</span> 
     </span>
     <span class='ocr_line' id='line_1_35' title="bbox 317 1567 1198 1616; baseline 0.006 -15"><span class='ocrx_word' id='word_1_199' title='bbox 317 1568 491 1607; x_wconf 77' lang='lat' dir='ltr'>constantis</span> <span class='ocrx_word' id='word_1_200' title='bbox 502 1592 514 1609; x_wconf 91' lang='lat'>,</span> <span class='ocrx_word' id='word_1_201' title='bbox 535 1567 595 1612; x_wconf 85' lang='lat' dir='ltr'>sed</span> <span class='ocrx_word' id='word_1_202' title='bbox 602 1573 728 1604; x_wconf 85' lang='lat' dir='ltr'><em>Romam</em></span> <span class='ocrx_word' id='word_1_203' title='bbox 739 1570 924 1612; x_wconf 74' lang='lat' dir='ltr'>dumtaxat,</span> <span class='ocrx_word' id='word_1_204' title='bbox 947 1580 995 1605; x_wconf 87' lang='lat' dir='ltr'>me</span> <span class='ocrx_word' id='word_1_205' title='bbox 1006 1581 1126 1616; x_wconf 79' lang='lat' dir='ltr'>meaque</span> <span class='ocrx_word' id='word_1_206' title='bbox 1135 1572 1198 1606; x_wconf 78' lang='lat' dir='ltr'>Ec-</span> 
     </span>
     <span class='ocr_line' id='line_1_36' title="bbox 319 1617 730 1660; baseline 0.002 -8"><span class='ocrx_word' id='word_1_207' title='bbox 319 1617 407 1660; x_wconf 81' lang='lat' dir='ltr'>clefiae</span> <span class='ocrx_word' id='word_1_208' title='bbox 447 1619 703 1655; x_wconf 80' lang='lat' dir='ltr'><em>commendaturus</em></span> <span class='ocrx_word' id='word_1_209' title='bbox 722 1644 730 1653; x_wconf 90' lang='lat'><strong>.</strong></span> 
     </span>
    </p>

    <p class='ocr_par' dir='ltr' id='par_1_9' title="bbox 303 1667 1198 2564">
     <span class='ocr_line' id='line_1_37' title="bbox 362 1667 1196 1706; baseline 0.001 -4"><span class='ocrx_word' id='word_1_210' title='bbox 362 1668 523 1703; x_wconf 87' lang='lat' dir='ltr'>Palmaris</span> <span class='ocrx_word' id='word_1_211' title='bbox 534 1669 686 1706; x_wconf 72' lang='lat' dir='ltr'>adversus</span> <span class='ocrx_word' id='word_1_212' title='bbox 705 1667 796 1703; x_wconf 88' lang='lat' dir='ltr'>Ibam</span> <span class='ocrx_word' id='word_1_213' title='bbox 810 1669 851 1704; x_wconf 88' lang='lat' dir='ltr'>de</span> <span class='ocrx_word' id='word_1_214' title='bbox 865 1669 932 1705; x_wconf 86' lang='lat' dir='ltr'>fide</span> <span class='ocrx_word' id='word_1_215' title='bbox 941 1669 1106 1706; x_wconf 78' lang='lat' dir='ltr'>accusatio</span> <span class='ocrx_word' id='word_1_216' title='bbox 1125 1680 1196 1705; x_wconf 84' lang='lat' dir='ltr'>non</span> 
     </span>
     <span class='ocr_line' id='line_1_38' title="bbox 309 1719 1197 1764; baseline 0.002 -11"><span class='ocrx_word' id='word_1_217' title='bbox 309 1729 379 1753; x_wconf 85' lang='lat' dir='ltr'>erat</span> <span class='ocrx_word' id='word_1_218' title='bbox 393 1719 506 1753; x_wconf 89' lang='lat' dir='ltr'>libello</span> <span class='ocrx_word' id='word_1_219' title='bbox 527 1720 647 1756; x_wconf 84' lang='lat' dir='ltr'>inserta</span> <span class='ocrx_word' id='word_1_220' title='bbox 663 1744 671 1751; x_wconf 90' lang='lat'><em>.</em></span> <span class='ocrx_word' id='word_1_221' title='bbox 698 1719 1027 1764; x_wconf 75' lang='lat' dir='ltr'>Audiamusipsama</span> <span class='ocrx_word' id='word_1_222' title='bbox 1047 1719 1197 1755; x_wconf 84' lang='lat' dir='ltr'>Samuele</span> 
     </span>
     <span class='ocr_line' id='line_1_39' title="bbox 309 1768 1192 1813; baseline 0.002 -9"><span class='ocrx_word' id='word_1_223' title='bbox 309 1768 531 1812; x_wconf 86' lang='lat' dir='ltr'>Presbytero:</span> <span class='ocrx_word' id='word_1_224' title='bbox 561 1768 793 1813; x_wconf 70' lang='lat' dir='ltr'>Consuetudoest</span> <span class='ocrx_word' id='word_1_225' title='bbox 813 1777 846 1805; x_wconf 78' lang='lat' dir='ltr'>in</span> <span class='ocrx_word' id='word_1_226' title='bbox 860 1770 987 1813; x_wconf 65' lang='lat' dir='ltr'>Ecclqfia</span> <span class='ocrx_word' id='word_1_227' title='bbox 1007 1770 1168 1807; x_wconf 80' lang='lat' dir='ltr'>Edessena</span> <span class='ocrx_word' id='word_1_228' title='bbox 1181 1794 1192 1811; x_wconf 91' lang='lat'>‚</span> 
     </span>
     <span class='ocr_line' id='line_1_40' title="bbox 308 1818 1197 1865; baseline -0.001 -12"><span class='ocrx_word' id='word_1_229' title='bbox 308 1825 343 1855; x_wconf 77' lang='lat' dir='ltr'>in</span> <span class='ocrx_word' id='word_1_230' title='bbox 364 1818 524 1862; x_wconf 65' lang='lat' dir='ltr'>dtesandlo</span> <span class='ocrx_word' id='word_1_231' title='bbox 545 1818 694 1863; x_wconf 82' lang='lat' dir='ltr'>Pascbae‚</span> <span class='ocrx_word' id='word_1_232' title='bbox 720 1830 774 1854; x_wconf 79' lang='lat' dir='ltr'>aut</span> <span class='ocrx_word' id='word_1_233' title='bbox 786 1830 857 1855; x_wconf 81' lang='lat' dir='ltr'>ante</span> <span class='ocrx_word' id='word_1_234' title='bbox 877 1822 958 1857; x_wconf 83' lang='lat' dir='ltr'>diem</span> <span class='ocrx_word' id='word_1_235' title='bbox 979 1822 1055 1856; x_wconf 81' lang='lat' dir='ltr'>dare</span> <span class='ocrx_word' id='word_1_236' title='bbox 1078 1819 1197 1865; x_wconf 84' lang='lat' dir='ltr'>Episco-</span> 
     </span>
     <span class='ocr_line' id='line_1_41' title="bbox 303 1870 1197 1916; baseline 0.003 -15"><span class='ocrx_word' id='word_1_237' title='bbox 303 1877 381 1916; x_wconf 75' lang='lat' dir='ltr'>pum</span> <span class='ocrx_word' id='word_1_238' title='bbox 395 1871 431 1903; x_wconf 87' lang='lat' dir='ltr'>de</span> <span class='ocrx_word' id='word_1_239' title='bbox 440 1881 533 1904; x_wconf 86' lang='lat' dir='ltr'>manu</span> <span class='ocrx_word' id='word_1_240' title='bbox 546 1872 671 1904; x_wconf 69' lang='lat' dir='ltr'>clericis</span> <span class='ocrx_word' id='word_1_241' title='bbox 683 1871 824 1912; x_wconf 81' lang='lat' dir='ltr'>quaedam</span> <span class='ocrx_word' id='word_1_242' title='bbox 842 1879 899 1912; x_wconf 83' lang='lat' dir='ltr'>pro</span> <span class='ocrx_word' id='word_1_243' title='bbox 901 1870 1076 1913; x_wconf 64' lang='lat' dir='ltr'>festivitate</span> <span class='ocrx_word' id='word_1_244' title='bbox 1086 1895 1095 1904; x_wconf 85' lang='lat'><strong>.</strong></span> <span class='ocrx_word' id='word_1_245' title='bbox 1123 1876 1197 1906; x_wconf 81' lang='lat' dir='ltr'>Haec</span> 
     </span>
     <span class='ocr_line' id='line_1_42' title="bbox 309 1920 1195 1965; baseline 0.002 -13"><span class='ocrx_word' id='word_1_246' title='bbox 309 1921 438 1955; x_wconf 81' lang='lat' dir='ltr'>daturus</span> <span class='ocrx_word' id='word_1_247' title='bbox 457 1920 615 1962; x_wconf 77' lang='lat' dir='ltr'>alloquitur</span> <span class='ocrx_word' id='word_1_248' title='bbox 632 1924 776 1964; x_wconf 78' lang='lat' dir='ltr'>primitus</span> <span class='ocrx_word' id='word_1_249' title='bbox 803 1945 815 1962; x_wconf 86' lang='lat'>‚</span> <span class='ocrx_word' id='word_1_250' title='bbox 841 1922 876 1956; x_wconf 60' lang='grc' dir='ltr'>(ν</span> <span class='ocrx_word' id='word_1_251' title='bbox 892 1920 933 1965; x_wconf 83' lang='lat' dir='ltr'>fic</span> <span class='ocrx_word' id='word_1_252' title='bbox 958 1923 1012 1955; x_wconf 82' lang='lat' dir='ltr'>dat</span> <span class='ocrx_word' id='word_1_253' title='bbox 1036 1946 1043 1953; x_wconf 94' lang='lat'><strong><em>.</em></strong></span> <span class='ocrx_word' id='word_1_254' title='bbox 1071 1921 1111 1954; x_wconf 84' lang='lat' dir='ltr'>ln</span> <span class='ocrx_word' id='word_1_255' title='bbox 1134 1921 1195 1956; x_wconf 84' lang='lat' dir='ltr'>ista</span> 
     </span>
     <span class='ocr_line' id='line_1_43' title="bbox 308 1968 1194 2006; baseline -0.001 -1"><span class='ocrx_word' id='word_1_256' title='bbox 308 1969 514 2005; x_wconf 75' lang='lat' dir='ltr'>allocutione</span> <span class='ocrx_word' id='word_1_257' title='bbox 534 1968 650 2006; x_wconf 76' lang='lat' dir='ltr'>dixisse</span> <span class='ocrx_word' id='word_1_258' title='bbox 672 1968 880 2005; x_wconf 76' lang='lat' dir='ltr'>accusabatur</span> <span class='ocrx_word' id='word_1_259' title='bbox 906 1970 1001 2005; x_wconf 86' lang='lat' dir='ltr'>lbas:</span> <span class='ocrx_word' id='word_1_260' title='bbox 1030 1975 1103 2004; x_wconf 86' lang='lat' dir='ltr'>Non</span> <span class='ocrx_word' id='word_1_261' title='bbox 1114 1975 1194 2004; x_wconf 72' lang='lat' dir='ltr'>invi-</span> 
     </span>
     <span class='ocr_line' id='line_1_44' title="bbox 307 2018 1187 2067; baseline -0.003 -12"><span class='ocrx_word' id='word_1_262' title='bbox 307 2022 363 2055; x_wconf 84' lang='lat' dir='ltr'>deo</span> <span class='ocrx_word' id='word_1_263' title='bbox 377 2019 492 2060; x_wconf 81' lang='lat' dir='ltr'>Christo</span> <span class='ocrx_word' id='word_1_264' title='bbox 508 2019 594 2061; x_wconf 60' lang='lat' dir='ltr'>satio</span> <span class='ocrx_word' id='word_1_265' title='bbox 615 2021 678 2055; x_wconf 80' lang='lat' dir='ltr'>Deo</span> <span class='ocrx_word' id='word_1_266' title='bbox 690 2043 700 2059; x_wconf 90' lang='lat'>‚</span> <span class='ocrx_word' id='word_1_267' title='bbox 725 2018 897 2066; x_wconf 75' lang='lat' dir='ltr'>quoniamst</span> <span class='ocrx_word' id='word_1_268' title='bbox 914 2022 1002 2062; x_wconf 81' lang='lat' dir='ltr'>volo,</span> <span class='ocrx_word' id='word_1_269' title='bbox 1027 2021 1061 2054; x_wconf 60' lang='grc' dir='ltr'>Θ</span> <span class='ocrx_word' id='word_1_270' title='bbox 1074 2031 1123 2067; x_wconf 85' lang='lat' dir='ltr'>ego</span> <span class='ocrx_word' id='word_1_271' title='bbox 1130 2019 1187 2063; x_wconf 79' lang='lat' dir='ltr'>fio.</span> 
     </span>
     <span class='ocr_line' id='line_1_45' title="bbox 309 2068 1192 2116; baseline 0.001 -12"><span class='ocrx_word' id='word_1_272' title='bbox 309 2069 652 2107; x_wconf 83' lang='lat' dir='ltr'>Accusabatur&amp;alia</span> <span class='ocrx_word' id='word_1_273' title='bbox 662 2068 909 2115; x_wconf 77' lang='lat' dir='ltr'>blasphemasse.</span> <span class='ocrx_word' id='word_1_274' title='bbox 935 2069 1074 2111; x_wconf 78' lang='lat' dir='ltr'>Primo,</span> <span class='ocrx_word' id='word_1_275' title='bbox 1101 2069 1192 2116; x_wconf 87' lang='lat' dir='ltr'>quod</span> 
     </span>
     <span class='ocr_line' id='line_1_46' title="bbox 307 2118 1195 2164; baseline 0 -10"><span class='ocrx_word' id='word_1_276' title='bbox 307 2121 460 2154; x_wconf 68' lang='lat' dir='ltr'>Sanssum</span> <span class='ocrx_word' id='word_1_277' title='bbox 487 2118 654 2164; x_wconf 86' lang='lat' dir='ltr'>Cyrillum</span> <span class='ocrx_word' id='word_1_278' title='bbox 675 2119 860 2163; x_wconf 71' lang='lat' dir='ltr'>appellafl‘et</span> <span class='ocrx_word' id='word_1_279' title='bbox 893 2118 1083 2155; x_wconf 84' lang='lat' dir='ltr'>haeretlcum</span> <span class='ocrx_word' id='word_1_280' title='bbox 1108 2143 1118 2153; x_wconf 89' lang='lat'><strong>.</strong></span> <span class='ocrx_word' id='word_1_281' title='bbox 1140 2121 1195 2154; x_wconf 88' lang='lat' dir='ltr'>Se-</span> 
     </span>
     <span class='ocr_line' id='line_1_47' title="bbox 306 2167 1198 2214; baseline -0.001 -10"><span class='ocrx_word' id='word_1_282' title='bbox 306 2167 418 2204; x_wconf 78' lang='lat' dir='ltr'>cundo</span> <span class='ocrx_word' id='word_1_283' title='bbox 433 2194 443 2210; x_wconf 91' lang='lat'>‚</span> <span class='ocrx_word' id='word_1_284' title='bbox 472 2168 562 2214; x_wconf 90' lang='lat' dir='ltr'>quod</span> <span class='ocrx_word' id='word_1_285' title='bbox 585 2167 716 2206; x_wconf 70' lang='lat' dir='ltr'>dixisset</span> <span class='ocrx_word' id='word_1_286' title='bbox 735 2168 778 2203; x_wconf 91' lang='lat' dir='ltr'>de</span> <span class='ocrx_word' id='word_1_287' title='bbox 800 2167 917 2205; x_wconf 85' lang='lat' dir='ltr'>eodem</span> <span class='ocrx_word' id='word_1_288' title='bbox 942 2170 1062 2205; x_wconf 71' lang='lat' dir='ltr'>Saneto</span> <span class='ocrx_word' id='word_1_289' title='bbox 1086 2183 1098 2205; x_wconf 89' lang='lat'>.·</span> <span class='ocrx_word' id='word_1_290' title='bbox 1124 2169 1198 2213; x_wconf 75' lang='lat' dir='ltr'>Nisi</span> 
     </span>
     <span class='ocr_line' id='line_1_48' title="bbox 307 2218 1191 2264; baseline 0 -11"><span class='ocrx_word' id='word_1_291' title='bbox 307 2219 588 2263; x_wconf 78' lang='lat' dir='ltr'>anathematizasset</span> <span class='ocrx_word' id='word_1_292' title='bbox 605 2218 664 2264; x_wconf 84' lang='lat' dir='ltr'>fua</span> <span class='ocrx_word' id='word_1_293' title='bbox 692 2220 839 2261; x_wconf 74' lang='lat' dir='ltr'>capitula</span> <span class='ocrx_word' id='word_1_294' title='bbox 857 2243 869 2260; x_wconf 93' lang='lat'>,</span> <span class='ocrx_word' id='word_1_295' title='bbox 903 2230 961 2254; x_wconf 88' lang='lat' dir='ltr'>non</span> <span class='ocrx_word' id='word_1_296' title='bbox 996 2219 1191 2264; x_wconf 80' lang='lat' dir='ltr'>recepiffemus</span> 
     </span>
     <span class='ocr_line' id='line_1_49' title="bbox 306 2269 1189 2312; baseline 0.001 -9"><span class='ocrx_word' id='word_1_297' title='bbox 306 2283 372 2306; x_wconf 82' lang='lat' dir='ltr'>eum</span> <span class='ocrx_word' id='word_1_298' title='bbox 387 2295 393 2302; x_wconf 90' lang='lat'><strong>.</strong></span> <span class='ocrx_word' id='word_1_299' title='bbox 421 2271 516 2303; x_wconf 83' lang='lat' dir='ltr'>Bonae</span> <span class='ocrx_word' id='word_1_300' title='bbox 528 2275 675 2305; x_wconf 82' lang='lat' dir='ltr'>memoriae</span> <span class='ocrx_word' id='word_1_301' title='bbox 689 2270 831 2308; x_wconf 76' lang='lat' dir='ltr'>cyrillum</span> <span class='ocrx_word' id='word_1_302' title='bbox 840 2278 996 2312; x_wconf 80' lang='lat' dir='ltr'><em>tamquam</em></span> <span class='ocrx_word' id='word_1_303' title='bbox 1016 2269 1189 2304; x_wconf 60' lang='lat' dir='ltr'>haereticum</span> 
     </span>
     <span class='ocr_line' id='line_1_50' title="bbox 307 2318 1192 2364; baseline 0.001 -11"><span class='ocrx_word' id='word_1_304' title='bbox 307 2319 398 2353; x_wconf 82' lang='lat' dir='ltr'>habui</span> <span class='ocrx_word' id='word_1_305' title='bbox 423 2345 434 2361; x_wconf 86' lang='lat'>,</span> <span class='ocrx_word' id='word_1_306' title='bbox 469 2320 503 2353; x_wconf 74' lang='lat' dir='ltr'>o·</span> <span class='ocrx_word' id='word_1_307' title='bbox 523 2322 612 2355; x_wconf 86' lang='lat' dir='ltr'>donec</span> <span class='ocrx_word' id='word_1_308' title='bbox 637 2319 915 2363; x_wconf 73' lang='lat' dir='ltr'>anathematizaffi’t</span> <span class='ocrx_word' id='word_1_309' title='bbox 935 2318 992 2364; x_wconf 82' lang='lat' dir='ltr'>sua</span> <span class='ocrx_word' id='word_1_310' title='bbox 1013 2321 1159 2363; x_wconf 70' lang='lat' dir='ltr'>capitula</span> <span class='ocrx_word' id='word_1_311' title='bbox 1180 2342 1192 2361; x_wconf 71' lang='lat'><em>2</em></span> 
     </span>
     <span class='ocr_line' id='line_1_51' title="bbox 308 2368 1191 2411; baseline 0.002 -9"><span class='ocrx_word' id='word_1_312' title='bbox 308 2381 365 2402; x_wconf 91' lang='lat' dir='ltr'>non</span> <span class='ocrx_word' id='word_1_313' title='bbox 376 2375 545 2411; x_wconf 85' lang='lat' dir='ltr'>recepieum</span> <span class='ocrx_word' id='word_1_314' title='bbox 557 2394 564 2402; x_wconf 90' lang='lat'><strong>.</strong></span> <span class='ocrx_word' id='word_1_315' title='bbox 592 2368 830 2411; x_wconf 79' lang='lat' dir='ltr'>Haereticusfuit</span> <span class='ocrx_word' id='word_1_316' title='bbox 840 2390 851 2411; x_wconf 78' lang='lat'><em>,</em></span> <span class='ocrx_word' id='word_1_317' title='bbox 878 2370 965 2405; x_wconf 83' lang='lat' dir='ltr'>donec</span> <span class='ocrx_word' id='word_1_318' title='bbox 991 2368 1191 2405; x_wconf 69' lang='lat' dir='ltr'>anathemati·</span> 
     </span>
     <span class='ocr_line' id='line_1_52' title="bbox 305 2418 1192 2464; baseline 0.001 -11"><span class='ocrx_word' id='word_1_319' title='bbox 305 2421 412 2464; x_wconf 74' lang='lat' dir='ltr'>zaffet.</span> <span class='ocrx_word' id='word_1_320' title='bbox 439 2419 521 2453; x_wconf 91' lang='lat' dir='ltr'>Non</span> <span class='ocrx_word' id='word_1_321' title='bbox 534 2418 742 2455; x_wconf 79' lang='lat' dir='ltr'>solummodo</span> <span class='ocrx_word' id='word_1_322' title='bbox 756 2419 962 2456; x_wconf 86' lang='lat' dir='ltr'>anteinitam</span> <span class='ocrx_word' id='word_1_323' title='bbox 975 2420 1060 2454; x_wconf 88' lang='lat' dir='ltr'>inter</span> <span class='ocrx_word' id='word_1_324' title='bbox 1081 2419 1192 2464; x_wconf 83' lang='lat' dir='ltr'><strong>AEgy-</strong></span> 
     </span>
     <span class='ocr_line' id='line_1_53' title="bbox 307 2469 1191 2515; baseline 0.001 -11"><span class='ocrx_word' id='word_1_325' title='bbox 307 2471 394 2513; x_wconf 86' lang='lat' dir='ltr'>ptios</span> <span class='ocrx_word' id='word_1_326' title='bbox 405 2469 632 2507; x_wconf 82' lang='lat' dir='ltr'>&amp;orientales</span> <span class='ocrx_word' id='word_1_327' title='bbox 643 2469 823 2515; x_wconf 85' lang='lat' dir='ltr'>Episcopos</span> <span class='ocrx_word' id='word_1_328' title='bbox 834 2480 948 2512; x_wconf 86' lang='lat' dir='ltr'>pacem</span> <span class='ocrx_word' id='word_1_329' title='bbox 959 2493 971 2511; x_wconf 86' lang='lat'>,</span> <span class='ocrx_word' id='word_1_330' title='bbox 992 2469 1045 2505; x_wconf 83' lang='lat' dir='ltr'>sed</span> <span class='ocrx_word' id='word_1_331' title='bbox 1056 2470 1090 2507; x_wconf 72' lang='grc' dir='ltr'>δε</span> <span class='ocrx_word' id='word_1_332' title='bbox 1100 2480 1191 2505; x_wconf 83' lang='lat' dir='ltr'>anno</span> 
     </span>
     <span class='ocr_line' id='line_1_54' title="bbox 304 2518 910 2564; baseline -0.007 -7"><span class='ocrx_word' id='word_1_333' title='bbox 304 2520 460 2564; x_wconf 83' lang='lat' dir='ltr'>superiori</span> <span class='ocrx_word' id='word_1_334' title='bbox 472 2519 681 2555; x_wconf 82' lang='lat' dir='ltr'>accusabatur</span> <span class='ocrx_word' id='word_1_335' title='bbox 695 2518 763 2555; x_wconf 80' lang='lat' dir='ltr'>haec</span> <span class='ocrx_word' id='word_1_336' title='bbox 774 2519 891 2555; x_wconf 75' lang='lat' dir='ltr'>dixisse</span> <span class='ocrx_word' id='word_1_337' title='bbox 902 2543 910 2553; x_wconf 85' lang='lat'><em>.</em></span> 
     </span>
    </p>

    <p class='ocr_par' dir='ltr' id='par_1_10' title="bbox 303 2567 1194 3406">
     <span class='ocr_line' id='line_1_55' title="bbox 356 2567 1194 2618; baseline -0.001 -11"><span class='ocrx_word' id='word_1_338' title='bbox 356 2570 435 2607; x_wconf 88' lang='lat' dir='ltr'>Erat</span> <span class='ocrx_word' id='word_1_339' title='bbox 448 2569 549 2618; x_wconf 82' lang='lat' dir='ltr'>longa</span> <span class='ocrx_word' id='word_1_340' title='bbox 562 2571 596 2606; x_wconf 84' lang='lat'>&amp;</span> <span class='ocrx_word' id='word_1_341' title='bbox 609 2568 744 2614; x_wconf 85' lang='lat' dir='ltr'>operosa</span> <span class='ocrx_word' id='word_1_342' title='bbox 757 2569 922 2606; x_wconf 86' lang='lat' dir='ltr'>accusatio</span> <span class='ocrx_word' id='word_1_343' title='bbox 932 2593 944 2613; x_wconf 87' lang='lat'>,</span> <span class='ocrx_word' id='word_1_344' title='bbox 970 2567 1111 2614; x_wconf 75' lang='lat' dir='ltr'>ideoque</span> <span class='ocrx_word' id='word_1_345' title='bbox 1131 2571 1194 2615; x_wconf 87' lang='lat' dir='ltr'>sy·</span> 
     </span>
     <span class='ocr_line' id='line_1_56' title="bbox 303 2619 1191 2665; baseline -0.002 -10"><span class='ocrx_word' id='word_1_346' title='bbox 303 2620 412 2657; x_wconf 88' lang='lat' dir='ltr'>nodus</span> <span class='ocrx_word' id='word_1_347' title='bbox 423 2619 551 2664; x_wconf 88' lang='lat' dir='ltr'>probari</span> <span class='ocrx_word' id='word_1_348' title='bbox 574 2619 632 2654; x_wconf 89' lang='lat' dir='ltr'>fibi</span> <span class='ocrx_word' id='word_1_349' title='bbox 644 2619 753 2655; x_wconf 86' lang='lat' dir='ltr'>voluit</span> <span class='ocrx_word' id='word_1_350' title='bbox 774 2620 861 2656; x_wconf 89' lang='lat' dir='ltr'>solos</span> <span class='ocrx_word' id='word_1_351' title='bbox 872 2628 936 2655; x_wconf 83' lang='lat' dir='ltr'>tres</span> <span class='ocrx_word' id='word_1_352' title='bbox 952 2620 1107 2665; x_wconf 80' lang='lat' dir='ltr'>capitales</span> <span class='ocrx_word' id='word_1_353' title='bbox 1121 2644 1133 2661; x_wconf 86' lang='lat'>‚</span> <span class='ocrx_word' id='word_1_354' title='bbox 1157 2621 1191 2656; x_wconf 75' lang='grc' dir='ltr'>δε</span> 
     </span>
     <span class='ocr_line' id='line_1_57' title="bbox 303 2668 1191 2715; baseline -0.002 -9"><span class='ocrx_word' id='word_1_355' title='bbox 303 2670 346 2708; x_wconf 78' lang='lat' dir='ltr'>ad</span> <span class='ocrx_word' id='word_1_356' title='bbox 356 2671 420 2706; x_wconf 80' lang='lat' dir='ltr'>lbae</span> <span class='ocrx_word' id='word_1_357' title='bbox 431 2680 488 2705; x_wconf 90' lang='lat' dir='ltr'>aut</span> <span class='ocrx_word' id='word_1_358' title='bbox 511 2669 725 2714; x_wconf 71' lang='lat' dir='ltr'>Collega-rum</span> <span class='ocrx_word' id='word_1_359' title='bbox 735 2668 1010 2715; x_wconf 85' lang='lat' dir='ltr'>degradationem</span> <span class='ocrx_word' id='word_1_360' title='bbox 1031 2670 1191 2704; x_wconf 82' lang='lat' dir='ltr'>sufficien-</span> 
     </span>
     <span class='ocr_line' id='line_1_58' title="bbox 303 2717 1191 2764; baseline -0.003 -7"><span class='ocrx_word' id='word_1_361' title='bbox 303 2732 351 2757; x_wconf 85' lang='lat' dir='ltr'>tes</span> <span class='ocrx_word' id='word_1_362' title='bbox 372 2721 527 2758; x_wconf 82' lang='lat' dir='ltr'>articulos</span> <span class='ocrx_word' id='word_1_363' title='bbox 550 2734 561 2757; x_wconf 87' lang='grc'>,·</span> <span class='ocrx_word' id='word_1_364' title='bbox 588 2720 791 2756; x_wconf 84' lang='lat' dir='ltr'>Memoratas</span> <span class='ocrx_word' id='word_1_365' title='bbox 819 2717 1036 2764; x_wconf 84' lang='lat' dir='ltr'>blasphemias</span> <span class='ocrx_word' id='word_1_366' title='bbox 1059 2743 1072 2762; x_wconf 84' lang='lat'>‚</span> <span class='ocrx_word' id='word_1_367' title='bbox 1097 2720 1191 2754; x_wconf 84' lang='lat' dir='ltr'>luxu-</span> 
     </span>
     <span class='ocr_line' id='line_1_59' title="bbox 303 2769 1189 2815; baseline -0.001 -10"><span class='ocrx_word' id='word_1_368' title='bbox 303 2772 384 2807; x_wconf 78' lang='lat' dir='ltr'>riam</span> <span class='ocrx_word' id='word_1_369' title='bbox 398 2796 409 2812; x_wconf 94' lang='lat'>‚</span> <span class='ocrx_word' id='word_1_370' title='bbox 435 2783 474 2808; x_wconf 87' lang='lat' dir='ltr'>ac</span> <span class='ocrx_word' id='word_1_371' title='bbox 485 2769 712 2807; x_wconf 78' lang='lat' dir='ltr'>Ecclefiasticae</span> <span class='ocrx_word' id='word_1_372' title='bbox 723 2770 909 2806; x_wconf 73' lang='lat' dir='ltr'>substantiae</span> <span class='ocrx_word' id='word_1_373' title='bbox 929 2771 1079 2815; x_wconf 83' lang='lat' dir='ltr'>rapinam</span> <span class='ocrx_word' id='word_1_374' title='bbox 1093 2795 1101 2805; x_wconf 85' lang='lat'><strong>.</strong></span> <span class='ocrx_word' id='word_1_375' title='bbox 1131 2769 1189 2808; x_wconf 82' lang='lat' dir='ltr'>Ad</span> 
     </span>
     <span class='ocr_line' id='line_1_60' title="bbox 303 2820 1189 2867; baseline 0.002 -13"><span class='ocrx_word' id='word_1_376' title='bbox 303 2821 445 2867; x_wconf 78' lang='lat' dir='ltr'>primum</span> <span class='ocrx_word' id='word_1_377' title='bbox 459 2820 669 2865; x_wconf 69' lang='lat' dir='ltr'>probandum</span> <span class='ocrx_word' id='word_1_378' title='bbox 678 2821 881 2856; x_wconf 83' lang='lat' dir='ltr'>accusatores</span> <span class='ocrx_word' id='word_1_379' title='bbox 907 2820 1133 2865; x_wconf 84' lang='lat' dir='ltr'>produxerunt</span> <span class='ocrx_word' id='word_1_380' title='bbox 1144 2821 1189 2856; x_wconf 83' lang='lat' dir='ltr'>sa-</span> 
     </span>
     <span class='ocr_line' id='line_1_61' title="bbox 304 2867 1187 2914; baseline 0 -8"><span class='ocrx_word' id='word_1_381' title='bbox 304 2873 411 2906; x_wconf 86' lang='lat' dir='ltr'>mosas</span> <span class='ocrx_word' id='word_1_382' title='bbox 422 2872 487 2905; x_wconf 85' lang='lat' dir='ltr'>lbae</span> <span class='ocrx_word' id='word_1_383' title='bbox 496 2869 537 2905; x_wconf 86' lang='lat' dir='ltr'>ad</span> <span class='ocrx_word' id='word_1_384' title='bbox 547 2867 671 2907; x_wconf 70' lang='lat' dir='ltr'>Maxim</span> <span class='ocrx_word' id='word_1_385' title='bbox 681 2868 815 2906; x_wconf 76' lang='lat' dir='ltr'>Persidis</span> <span class='ocrx_word' id='word_1_386' title='bbox 828 2869 1026 2914; x_wconf 85' lang='lat' dir='ltr'>Episcopum</span> <span class='ocrx_word' id='word_1_387' title='bbox 1038 2871 1162 2906; x_wconf 75' lang='lat' dir='ltr'>litteras</span> <span class='ocrx_word' id='word_1_388' title='bbox 1175 2894 1187 2911; x_wconf 92' lang='lat'>‚</span> 
     </span>
     <span class='ocr_line' id='line_1_62' title="bbox 303 2920 1188 2965; baseline 0 -11"><span class='ocrx_word' id='word_1_389' title='bbox 303 2921 376 2963; x_wconf 86' lang='lat' dir='ltr'>post</span> <span class='ocrx_word' id='word_1_390' title='bbox 390 2921 603 2957; x_wconf 81' lang='lat' dir='ltr'>Ecclefiarum</span> <span class='ocrx_word' id='word_1_391' title='bbox 625 2931 739 2965; x_wconf 88' lang='lat' dir='ltr'>pacem</span> <span class='ocrx_word' id='word_1_392' title='bbox 762 2920 869 2963; x_wconf 84' lang='lat' dir='ltr'>palam</span> <span class='ocrx_word' id='word_1_393' title='bbox 891 2920 1043 2963; x_wconf 86' lang='lat' dir='ltr'>scriptas,</span> <span class='ocrx_word' id='word_1_394' title='bbox 1067 2921 1102 2955; x_wconf 85' lang='lat' dir='ltr'>in</span> <span class='ocrx_word' id='word_1_395' title='bbox 1116 2920 1188 2964; x_wconf 91' lang='lat' dir='ltr'>qui-</span> 
     </span>
     <span class='ocr_line' id='line_1_63' title="bbox 306 2968 1188 3013; baseline 0 -9"><span class='ocrx_word' id='word_1_396' title='bbox 306 2969 366 3006; x_wconf 91' lang='lat' dir='ltr'>bus</span> <span class='ocrx_word' id='word_1_397' title='bbox 375 2969 489 3008; x_wconf 77' lang='lat' dir='ltr'>diserte</span> <span class='ocrx_word' id='word_1_398' title='bbox 512 2972 594 3008; x_wconf 87' lang='lat' dir='ltr'>dicit</span> <span class='ocrx_word' id='word_1_399' title='bbox 604 2971 758 3007; x_wconf 60' lang='lat' dir='ltr'>Sanctum</span> <span class='ocrx_word' id='word_1_400' title='bbox 769 2969 937 3013; x_wconf 83' lang='lat' dir='ltr'>Cyrillum</span> <span class='ocrx_word' id='word_1_401' title='bbox 949 2970 1043 3006; x_wconf 80' lang='lat' dir='ltr'>fuisse</span> <span class='ocrx_word' id='word_1_402' title='bbox 1064 2968 1188 3006; x_wconf 84' lang='lat' dir='ltr'>haereti-</span> 
     </span>
     <span class='ocr_line' id='line_1_64' title="bbox 304 3019 1187 3065; baseline -0.002 -11"><span class='ocrx_word' id='word_1_403' title='bbox 304 3031 383 3055; x_wconf 88' lang='lat' dir='ltr'>eum</span> <span class='ocrx_word' id='word_1_404' title='bbox 405 3044 416 3061; x_wconf 83' lang='lat'>‚</span> <span class='ocrx_word' id='word_1_405' title='bbox 440 3021 474 3056; x_wconf 89' lang='lat'>&amp;</span> <span class='ocrx_word' id='word_1_406' title='bbox 493 3021 562 3065; x_wconf 81' lang='lat' dir='ltr'>ejus</span> <span class='ocrx_word' id='word_1_407' title='bbox 590 3020 745 3065; x_wconf 82' lang='lat' dir='ltr'>Capitula</span> <span class='ocrx_word' id='word_1_408' title='bbox 766 3019 830 3054; x_wconf 79' lang='lat' dir='ltr'>effe</span> <span class='ocrx_word' id='word_1_409' title='bbox 862 3019 960 3065; x_wconf 84' lang='lat' dir='ltr'>plena</span> <span class='ocrx_word' id='word_1_410' title='bbox 990 3020 1187 3065; x_wconf 86' lang='lat' dir='ltr'>impietatis.</span> 
     </span>
     <span class='ocr_line' id='line_1_65' title="bbox 304 3068 1189 3114; baseline 0 -9"><span class='ocrx_word' id='word_1_411' title='bbox 304 3069 403 3106; x_wconf 85' lang='lat' dir='ltr'>Alios</span> <span class='ocrx_word' id='word_1_412' title='bbox 415 3069 567 3112; x_wconf 85' lang='lat' dir='ltr'>Epistolae</span> <span class='ocrx_word' id='word_1_413' title='bbox 578 3071 668 3107; x_wconf 82' lang='lat' dir='ltr'>istius</span> <span class='ocrx_word' id='word_1_414' title='bbox 679 3070 821 3106; x_wconf 85' lang='lat' dir='ltr'>excessus</span> <span class='ocrx_word' id='word_1_415' title='bbox 831 3069 923 3114; x_wconf 69' lang='lat' dir='ltr'>supra</span> <span class='ocrx_word' id='word_1_416' title='bbox 934 3068 1056 3106; x_wconf 80' lang='lat' dir='ltr'>adduxi</span> <span class='ocrx_word' id='word_1_417' title='bbox 1072 3094 1080 3102; x_wconf 87' lang='lat'>.</span> <span class='ocrx_word' id='word_1_418' title='bbox 1109 3070 1189 3105; x_wconf 79' lang='lat' dir='ltr'>Pro-</span> 
     </span>
     <span class='ocr_line' id='line_1_66' title="bbox 304 3118 1187 3161; baseline 0 -7"><span class='ocrx_word' id='word_1_419' title='bbox 304 3118 392 3154; x_wconf 75' lang='lat' dir='ltr'>duCt‘t</span> <span class='ocrx_word' id='word_1_420' title='bbox 411 3120 531 3155; x_wconf 85' lang='lat' dir='ltr'>sunt&amp;</span> <span class='ocrx_word' id='word_1_421' title='bbox 553 3131 614 3156; x_wconf 88' lang='lat' dir='ltr'>tres</span> <span class='ocrx_word' id='word_1_422' title='bbox 627 3121 723 3157; x_wconf 85' lang='lat' dir='ltr'>auriti</span> <span class='ocrx_word' id='word_1_423' title='bbox 745 3119 861 3160; x_wconf 88' lang='lat' dir='ltr'>testes,</span> <span class='ocrx_word' id='word_1_424' title='bbox 888 3119 999 3156; x_wconf 85' lang='lat' dir='ltr'>David</span> <span class='ocrx_word' id='word_1_425' title='bbox 1016 3145 1027 3161; x_wconf 85' lang='lat'>‚</span> <span class='ocrx_word' id='word_1_426' title='bbox 1052 3119 1187 3160; x_wconf 85' lang='lat' dir='ltr'>Maras,</span> 
     </span>
     <span class='ocr_line' id='line_1_67' title="bbox 304 3168 1190 3216; baseline -0.001 -11"><span class='ocrx_word' id='word_1_427' title='bbox 304 3171 339 3206; x_wconf 71' lang='grc' dir='ltr'>ὅ(</span> <span class='ocrx_word' id='word_1_428' title='bbox 361 3168 506 3209; x_wconf 78' lang='lat' dir='ltr'>Sabbas,</span> <span class='ocrx_word' id='word_1_429' title='bbox 532 3170 580 3203; x_wconf 88' lang='lat' dir='ltr'>vir</span> <span class='ocrx_word' id='word_1_430' title='bbox 592 3171 676 3206; x_wconf 89' lang='lat' dir='ltr'>inter</span> <span class='ocrx_word' id='word_1_431' title='bbox 687 3172 788 3216; x_wconf 75' lang='lat' dir='ltr'>Syros</span> <span class='ocrx_word' id='word_1_432' title='bbox 812 3170 1083 3214; x_wconf 84' lang='lat' dir='ltr'>sapientiffimus,</span> <span class='ocrx_word' id='word_1_433' title='bbox 1108 3170 1190 3206; x_wconf 90' lang='lat' dir='ltr'>Dia·</span> 
     </span>
     <span class='ocr_line' id='line_1_68' title="bbox 305 3217 1191 3265; baseline 0.002 -12"><span class='ocrx_word' id='word_1_434' title='bbox 305 3221 385 3255; x_wconf 89' lang='lat' dir='ltr'>coni</span> <span class='ocrx_word' id='word_1_435' title='bbox 396 3218 546 3254; x_wconf 81' lang='lat' dir='ltr'>Ecclefiae</span> <span class='ocrx_word' id='word_1_436' title='bbox 556 3217 721 3255; x_wconf 79' lang='lat' dir='ltr'>Edeffenae</span> <span class='ocrx_word' id='word_1_437' title='bbox 732 3244 739 3252; x_wconf 86' lang='lat'>.</span> <span class='ocrx_word' id='word_1_438' title='bbox 766 3220 894 3256; x_wconf 77' lang='lat' dir='ltr'>Verum</span> <span class='ocrx_word' id='word_1_439' title='bbox 906 3220 948 3255; x_wconf 87' lang='lat' dir='ltr'>de</span> <span class='ocrx_word' id='word_1_440' title='bbox 957 3219 1066 3264; x_wconf 77' lang='lat' dir='ltr'>prirnae</span> <span class='ocrx_word' id='word_1_441' title='bbox 1076 3221 1111 3256; x_wconf 76' lang='grc' dir='ltr'>ἀ</span> <span class='ocrx_word' id='word_1_442' title='bbox 1124 3220 1191 3265; x_wconf 85' lang='lat' dir='ltr'>pal-</span> 
     </span>
     <span class='ocr_line' id='line_1_69' title="bbox 307 3268 1193 3317; baseline 0.001 -12"><span class='ocrx_word' id='word_1_443' title='bbox 307 3272 404 3305; x_wconf 83' lang='lat' dir='ltr'>maris</span> <span class='ocrx_word' id='word_1_444' title='bbox 416 3269 622 3312; x_wconf 79' lang='lat' dir='ltr'>blasphemiae</span> <span class='ocrx_word' id='word_1_445' title='bbox 635 3269 734 3305; x_wconf 88' lang='lat' dir='ltr'>verbo</span> <span class='ocrx_word' id='word_1_446' title='bbox 746 3268 819 3304; x_wconf 88' lang='lat' dir='ltr'>lbas</span> <span class='ocrx_word' id='word_1_447' title='bbox 829 3271 984 3313; x_wconf 87' lang='lat' dir='ltr'>reposuit:</span> <span class='ocrx_word' id='word_1_448' title='bbox 996 3274 1064 3317; x_wconf 76' lang='lat' dir='ltr'>Ego</span> <span class='ocrx_word' id='word_1_449' title='bbox 1075 3282 1135 3307; x_wconf 82' lang='lat' dir='ltr'>non</span> <span class='ocrx_word' id='word_1_450' title='bbox 1145 3272 1193 3306; x_wconf 79' lang='lat' dir='ltr'>di-</span> 
     </span>
     <span class='ocr_line' id='line_1_70' title="bbox 308 3318 1193 3364; baseline 0.001 -10"><span class='ocrx_word' id='word_1_451' title='bbox 308 3326 365 3358; x_wconf 73' lang='lat' dir='ltr'>xi,</span> <span class='ocrx_word' id='word_1_452' title='bbox 394 3318 663 3354; x_wconf 66' lang='lat' dir='ltr'>&amp;anathematizo</span> <span class='ocrx_word' id='word_1_453' title='bbox 672 3319 835 3361; x_wconf 72' lang='lat' dir='ltr'>quidixit.</span> <span class='ocrx_word' id='word_1_454' title='bbox 863 3322 930 3364; x_wconf 80' lang='lat' dir='ltr'>Ego</span> <span class='ocrx_word' id='word_1_455' title='bbox 938 3327 1019 3355; x_wconf 82' lang='lat' dir='ltr'>enim</span> <span class='ocrx_word' id='word_1_456' title='bbox 1029 3331 1080 3355; x_wconf 86' lang='lat' dir='ltr'>nec</span> <span class='ocrx_word' id='word_1_457' title='bbox 1097 3322 1193 3355; x_wconf 65' lang='lat' dir='ltr'>o-dae-</span> 
     </span>
     <span class='ocr_line' id='line_1_71' title="bbox 306 3366 1194 3406; baseline 0.002 -2"><span class='ocrx_word' id='word_1_458' title='bbox 306 3379 392 3404; x_wconf 80' lang='lat' dir='ltr'>mone</span> <span class='ocrx_word' id='word_1_459' title='bbox 415 3371 522 3403; x_wconf 76' lang='lat' dir='ltr'>audivi</span> <span class='ocrx_word' id='word_1_460' title='bbox 542 3368 593 3404; x_wconf 87' lang='lat' dir='ltr'>hoc</span> <span class='ocrx_word' id='word_1_461' title='bbox 618 3368 759 3405; x_wconf 83' lang='lat' dir='ltr'>verbum.</span> <span class='ocrx_word' id='word_1_462' title='bbox 787 3368 832 3404; x_wconf 89' lang='lat' dir='ltr'>Et</span> <span class='ocrx_word' id='word_1_463' title='bbox 841 3366 883 3403; x_wconf 87' lang='lat' dir='ltr'>de</span> <span class='ocrx_word' id='word_1_464' title='bbox 903 3370 1090 3406; x_wconf 84' lang='lat' dir='ltr'>secundoin</span> <span class='ocrx_word' id='word_1_465' title='bbox 1117 3371 1194 3406; x_wconf 86' lang='lat' dir='ltr'>San-</span> 
     </span>
    </p>
   </div>
   <div class='ocr_carea' id='block_1_8' title="bbox 1201 1187 1226 3394">
    <p class='ocr_par' dir='ltr' id='par_1_11' title="bbox 1201 1187 1226 3394">
     <span class='ocr_line' id='line_1_72' title="bbox 1201 1187 1226 3394; baseline 0 0"><span class='ocrx_word' id='word_1_466' title='bbox 1201 1187 1226 3394; x_wconf 95' lang='lat' dir='ltr'> </span> 
     </span>
    </p>
   </div>
   <div class='ocr_carea' id='block_1_9' title="bbox 1243 259 2197 3407">
    <p class='ocr_par' dir='ltr' id='par_1_12' title="bbox 1255 259 2155 313">
     <span class='ocr_line' id='line_1_73' title="bbox 1255 259 2155 313; baseline 0.018 -19"><span class='ocrx_word' id='word_1_467' title='bbox 1255 269 1258 296; x_wconf 75' lang='grc' dir='ltr'>ε</span> <span class='ocrx_word' id='word_1_468' title='bbox 1264 259 1458 308; x_wconf 70' lang='lat' dir='ltr'>secutussum</span> <span class='ocrx_word' id='word_1_469' title='bbox 1472 266 1641 300; x_wconf 83' lang='lat' dir='ltr'>Primatem</span> <span class='ocrx_word' id='word_1_470' title='bbox 1650 280 1745 303; x_wconf 88' lang='lat' dir='ltr'>meum</span> <span class='ocrx_word' id='word_1_471' title='bbox 1756 271 1918 313; x_wconf 75' lang='lat' dir='ltr'>Ioannem</span> <span class='ocrx_word' id='word_1_472' title='bbox 1929 271 2155 310; x_wconf 78' lang='lat' dir='ltr'>patriarcham</span> 
     </span>
    </p>

    <p class='ocr_par' dir='ltr' id='par_1_13' title="bbox 1260 310 2157 1506">
     <span class='ocr_line' id='line_1_74' title="bbox 1272 310 2157 368; baseline 0.014 -22"><span class='ocrx_word' id='word_1_473' title='bbox 1272 310 1543 348; x_wconf 89' lang='lat' dir='ltr'>Antiochenum.</span> <span class='ocrx_word' id='word_1_474' title='bbox 1571 314 1616 349; x_wconf 89' lang='lat' dir='ltr'>Et</span> <span class='ocrx_word' id='word_1_475' title='bbox 1626 315 1668 352; x_wconf 90' lang='lat' dir='ltr'>de</span> <span class='ocrx_word' id='word_1_476' title='bbox 1677 321 1776 353; x_wconf 89' lang='lat' dir='ltr'>tertio</span> <span class='ocrx_word' id='word_1_477' title='bbox 1798 320 1918 357; x_wconf 82' lang='lat' dir='ltr'>verbo:</span> <span class='ocrx_word' id='word_1_478' title='bbox 1944 327 2038 365; x_wconf 75' lang='lat' dir='ltr'>Dixi,</span> <span class='ocrx_word' id='word_1_479' title='bbox 2064 326 2157 368; x_wconf 74' lang='lat' dir='ltr'>‚Quia</span> 
     </span>
     <span class='ocr_line' id='line_1_75' title="bbox 1269 359 2156 418; baseline 0.018 -25"><span class='ocrx_word' id='word_1_480' title='bbox 1269 359 1328 405; x_wconf 80' lang='lat' dir='ltr'>nifi</span> <span class='ocrx_word' id='word_1_481' title='bbox 1342 363 1470 404; x_wconf 70' lang='lat' dir='ltr'>Cyrillus</span> <span class='ocrx_word' id='word_1_482' title='bbox 1497 362 1689 408; x_wconf 68' lang='lat' dir='ltr'>semetipficm</span> <span class='ocrx_word' id='word_1_483' title='bbox 1716 374 1930 413; x_wconf 81' lang='lat' dir='ltr'>interpretatus</span> <span class='ocrx_word' id='word_1_484' title='bbox 1955 373 2057 418; x_wconf 83' lang='lat' dir='ltr'>fuiffet</span> <span class='ocrx_word' id='word_1_485' title='bbox 2082 398 2093 415; x_wconf 93' lang='lat'>‚</span> <span class='ocrx_word' id='word_1_486' title='bbox 2117 375 2156 409; x_wconf 60' lang='grc' dir='ltr'>Θ</span> 
     </span>
     <span class='ocr_line' id='line_1_76' title="bbox 1263 410 2154 469; baseline 0.016 -25"><span class='ocrx_word' id='word_1_487' title='bbox 1263 410 1430 457; x_wconf 62' lang='lat' dir='ltr'>&gt;suscepisset</span> <span class='ocrx_word' id='word_1_488' title='bbox 1440 425 1508 447; x_wconf 76' lang='lat' dir='ltr'>eum</span> <span class='ocrx_word' id='word_1_489' title='bbox 1517 416 1674 450; x_wconf 74' lang='lat' dir='ltr'>orientale</span> <span class='ocrx_word' id='word_1_490' title='bbox 1686 421 1847 453; x_wconf 71' lang='lat' dir='ltr'>Concilium</span> <span class='ocrx_word' id='word_1_491' title='bbox 1859 446 1871 463; x_wconf 91' lang='lat'><strong>,</strong></span> <span class='ocrx_word' id='word_1_492' title='bbox 1896 425 1931 457; x_wconf 67' lang='grc' dir='ltr'>ό·</span> <span class='ocrx_word' id='word_1_493' title='bbox 1941 436 1991 469; x_wconf 55' lang='lat' dir='ltr'>ego</span> <span class='ocrx_word' id='word_1_494' title='bbox 2002 435 2068 458; x_wconf 79' lang='lat' dir='ltr'>eum</span> <span class='ocrx_word' id='word_1_495' title='bbox 2086 435 2154 458; x_wconf 91' lang='lat' dir='ltr'>cum</span> 
     </span>
     <span class='ocr_line' id='line_1_77' title="bbox 1267 464 2154 517; baseline 0.018 -24"><span class='ocrx_word' id='word_1_496' title='bbox 1267 473 1332 497; x_wconf 84' lang='lat' dir='ltr'>meo</span> <span class='ocrx_word' id='word_1_497' title='bbox 1342 466 1482 506; x_wconf 74' lang='lat' dir='ltr'>Principe</span> <span class='ocrx_word' id='word_1_498' title='bbox 1492 464 1680 509; x_wconf 82' lang='lat' dir='ltr'>abnegabam</span> <span class='ocrx_word' id='word_1_499' title='bbox 1691 491 1699 498; x_wconf 91' lang='lat'>.</span> <span class='ocrx_word' id='word_1_500' title='bbox 1728 470 1795 511; x_wconf 86' lang='lat' dir='ltr'>Ego</span> <span class='ocrx_word' id='word_1_501' title='bbox 1806 472 2008 508; x_wconf 81' lang='lat' dir='ltr'>anathematis</span> <span class='ocrx_word' id='word_1_502' title='bbox 2023 486 2081 508; x_wconf 88' lang='lat' dir='ltr'>non</span> <span class='ocrx_word' id='word_1_503' title='bbox 2086 474 2154 517; x_wconf 73' lang='lat' dir='ltr'>feci</span> 
     </span>
     <span class='ocr_line' id='line_1_78' title="bbox 1267 514 2151 562; baseline 0.01 -16"><span class='ocrx_word' id='word_1_504' title='bbox 1267 519 1465 549; x_wconf 78' lang='lat' dir='ltr'>mentionem.</span> <span class='ocrx_word' id='word_1_505' title='bbox 1491 517 1560 559; x_wconf 76' lang='lat' dir='ltr'>Ego</span> <span class='ocrx_word' id='word_1_506' title='bbox 1575 514 1694 558; x_wconf 81' lang='lat' dir='ltr'>secutus</span> <span class='ocrx_word' id='word_1_507' title='bbox 1709 516 1780 562; x_wconf 89' lang='lat' dir='ltr'>sum</span> <span class='ocrx_word' id='word_1_508' title='bbox 1804 523 1954 556; x_wconf 82' lang='lat' dir='ltr'>Orientale</span> <span class='ocrx_word' id='word_1_509' title='bbox 1963 527 2128 559; x_wconf 58' lang='lat' dir='ltr'>concillum</span> <span class='ocrx_word' id='word_1_510' title='bbox 2141 550 2151 558; x_wconf 87' lang='lat'><em>,</em></span> 
     </span>
     <span class='ocr_line' id='line_1_79' title="bbox 1271 562 2153 618; baseline 0.009 -19"><span class='ocrx_word' id='word_1_511' title='bbox 1271 562 1315 599; x_wconf 83' lang='lat' dir='ltr'>Et</span> <span class='ocrx_word' id='word_1_512' title='bbox 1328 564 1467 601; x_wconf 75' lang='lat' dir='ltr'>iterum:</span> <span class='ocrx_word' id='word_1_513' title='bbox 1493 569 1558 610; x_wconf 86' lang='lat' dir='ltr'>Ego</span> <span class='ocrx_word' id='word_1_514' title='bbox 1570 589 1581 605; x_wconf 96' lang='lat'>,</span> <span class='ocrx_word' id='word_1_515' title='bbox 1588 565 1807 613; x_wconf 61' lang='lat' dir='ltr'>poliquamsua</span> <span class='ocrx_word' id='word_1_516' title='bbox 1817 573 1959 612; x_wconf 81' lang='lat' dir='ltr'>capitula</span> <span class='ocrx_word' id='word_1_517' title='bbox 1971 579 2153 618; x_wconf 76' lang='lat' dir='ltr'>interpreta-</span> 
     </span>
     <span class='ocr_line' id='line_1_80' title="bbox 1268 613 2153 659; baseline 0.014 -11"><span class='ocrx_word' id='word_1_518' title='bbox 1268 621 1319 648; x_wconf 80' lang='lat' dir='ltr'>tus</span> <span class='ocrx_word' id='word_1_519' title='bbox 1338 613 1398 657; x_wconf 83' lang='lat' dir='ltr'>est,</span> <span class='ocrx_word' id='word_1_520' title='bbox 1425 616 1546 650; x_wconf 70' lang='lat' dir='ltr'>tantum</span> <span class='ocrx_word' id='word_1_521' title='bbox 1555 616 1633 658; x_wconf 76' lang='lat' dir='ltr'>abest</span> <span class='ocrx_word' id='word_1_522' title='bbox 1654 626 1689 651; x_wconf 90' lang='lat' dir='ltr'>ut</span> <span class='ocrx_word' id='word_1_523' title='bbox 1699 629 1765 651; x_wconf 88' lang='lat' dir='ltr'>eum</span> <span class='ocrx_word' id='word_1_524' title='bbox 1786 625 1890 654; x_wconf 81' lang='lat' dir='ltr'>virum</span> <span class='ocrx_word' id='word_1_525' title='bbox 1906 623 2153 659; x_wconf 69' lang='lat' dir='ltr'>anathematiza-</span> 
     </span>
     <span class='ocr_line' id='line_1_81' title="bbox 1269 668 2151 712; baseline 0.016 -16"><span class='ocrx_word' id='word_1_526' title='bbox 1269 674 1331 697; x_wconf 89' lang='lat' dir='ltr'>rem</span> <span class='ocrx_word' id='word_1_527' title='bbox 1343 687 1354 704; x_wconf 92' lang='lat'><strong>,</strong></span> <span class='ocrx_word' id='word_1_528' title='bbox 1379 672 1414 697; x_wconf 86' lang='lat' dir='ltr'>ut</span> <span class='ocrx_word' id='word_1_529' title='bbox 1424 669 1516 699; x_wconf 81' lang='lat' dir='ltr'>etiam</span> <span class='ocrx_word' id='word_1_530' title='bbox 1539 668 1659 701; x_wconf 78' lang='lat' dir='ltr'>litteras</span> <span class='ocrx_word' id='word_1_531' title='bbox 1671 668 1712 701; x_wconf 86' lang='lat' dir='ltr'>ab</span> <span class='ocrx_word' id='word_1_532' title='bbox 1721 680 1753 702; x_wconf 86' lang='lat' dir='ltr'>eo</span> <span class='ocrx_word' id='word_1_533' title='bbox 1771 675 1936 712; x_wconf 81' lang='lat' dir='ltr'>acceperim</span> <span class='ocrx_word' id='word_1_534' title='bbox 1947 696 1959 712; x_wconf 93' lang='lat'>,</span> <span class='ocrx_word' id='word_1_535' title='bbox 1984 673 2020 707; x_wconf 67' lang='lat'>(5</span> <span class='ocrx_word' id='word_1_536' title='bbox 2030 675 2151 709; x_wconf 68' lang='lat' dir='ltr'>litteras</span> 
     </span>
     <span class='ocr_line' id='line_1_82' title="bbox 1268 712 2152 762; baseline 0.014 -14"><span class='ocrx_word' id='word_1_537' title='bbox 1268 719 1296 748; x_wconf 78' lang='lat' dir='ltr'>ei</span> <span class='ocrx_word' id='word_1_538' title='bbox 1305 712 1437 757; x_wconf 75' lang='lat' dir='ltr'>miserim</span> <span class='ocrx_word' id='word_1_539' title='bbox 1447 740 1454 747; x_wconf 94' lang='lat'>.</span> <span class='ocrx_word' id='word_1_540' title='bbox 1480 718 1529 750; x_wconf 84' lang='lat' dir='ltr'>Et</span> <span class='ocrx_word' id='word_1_541' title='bbox 1539 724 1811 754; x_wconf 77' lang='lat' dir='ltr'>communicatorem</span> <span class='ocrx_word' id='word_1_542' title='bbox 1821 732 1868 754; x_wconf 87' lang='lat' dir='ltr'>me</span> <span class='ocrx_word' id='word_1_543' title='bbox 1877 720 1985 757; x_wconf 68' lang='lat' dir='ltr'>habuit</span> <span class='ocrx_word' id='word_1_544' title='bbox 1996 745 2008 762; x_wconf 93' lang='lat'><strong>,</strong></span> <span class='ocrx_word' id='word_1_545' title='bbox 2034 725 2152 759; x_wconf 72' lang='lat' dir='ltr'>&amp;com-</span> 
     </span>
     <span class='ocr_line' id='line_1_83' title="bbox 1268 768 2153 809; baseline 0.014 -12"><span class='ocrx_word' id='word_1_546' title='bbox 1268 771 1480 799; x_wconf 80' lang='lat' dir='ltr'>municatorem</span> <span class='ocrx_word' id='word_1_547' title='bbox 1498 778 1564 800; x_wconf 84' lang='lat' dir='ltr'>eum</span> <span class='ocrx_word' id='word_1_548' title='bbox 1584 768 1695 803; x_wconf 76' lang='lat' dir='ltr'>babut-</span> <span class='ocrx_word' id='word_1_549' title='bbox 1725 770 1815 805; x_wconf 77' lang='lat' dir='ltr'>Cum</span> <span class='ocrx_word' id='word_1_550' title='bbox 1842 771 2024 807; x_wconf 88' lang='lat' dir='ltr'>Orientalis</span> <span class='ocrx_word' id='word_1_551' title='bbox 2033 774 2153 809; x_wconf 86' lang='lat' dir='ltr'>dioece-</span> 
     </span>
     <span class='ocr_line' id='line_1_84' title="bbox 1269 814 2153 867; baseline 0.012 -19"><span class='ocrx_word' id='word_1_552' title='bbox 1269 815 1338 850; x_wconf 82' lang='lat' dir='ltr'>scos</span> <span class='ocrx_word' id='word_1_553' title='bbox 1359 814 1530 861; x_wconf 83' lang='lat' dir='ltr'>Episcopis</span> <span class='ocrx_word' id='word_1_554' title='bbox 1550 829 1662 862; x_wconf 80' lang='lat' dir='ltr'>pacem</span> <span class='ocrx_word' id='word_1_555' title='bbox 1686 819 1819 856; x_wconf 85' lang='lat' dir='ltr'>firmans</span> <span class='ocrx_word' id='word_1_556' title='bbox 1840 822 1975 858; x_wconf 70' lang='lat' dir='ltr'>Sanctus</span> <span class='ocrx_word' id='word_1_557' title='bbox 2001 823 2153 867; x_wconf 82' lang='lat' dir='ltr'>cyrillus</span> 
     </span>
     <span class='ocr_line' id='line_1_85' title="bbox 1268 865 2151 918; baseline 0.011 -19"><span class='ocrx_word' id='word_1_558' title='bbox 1268 866 1321 900; x_wconf 85' lang='lat' dir='ltr'>sua</span> <span class='ocrx_word' id='word_1_559' title='bbox 1334 865 1512 902; x_wconf 86' lang='lat' dir='ltr'>duodecim</span> <span class='ocrx_word' id='word_1_560' title='bbox 1522 866 1678 914; x_wconf 81' lang='lat' dir='ltr'>Capitula</span> <span class='ocrx_word' id='word_1_561' title='bbox 1689 868 1730 905; x_wconf 90' lang='lat' dir='ltr'>ab</span> <span class='ocrx_word' id='word_1_562' title='bbox 1741 870 1805 905; x_wconf 88' lang='lat' dir='ltr'>illis</span> <span class='ocrx_word' id='word_1_563' title='bbox 1817 870 1990 908; x_wconf 85' lang='lat' dir='ltr'>admitti&amp;</span> <span class='ocrx_word' id='word_1_564' title='bbox 2017 874 2151 918; x_wconf 83' lang='lat' dir='ltr'>probari</span> 
     </span>
     <span class='ocr_line' id='line_1_86' title="bbox 1268 916 2149 967; baseline 0.011 -18"><span class='ocrx_word' id='word_1_565' title='bbox 1268 926 1337 950; x_wconf 89' lang='lat' dir='ltr'>non</span> <span class='ocrx_word' id='word_1_566' title='bbox 1356 917 1470 963; x_wconf 86' lang='lat' dir='ltr'>exegit</span> <span class='ocrx_word' id='word_1_567' title='bbox 1486 942 1498 958; x_wconf 92' lang='lat'>‚</span> <span class='ocrx_word' id='word_1_568' title='bbox 1522 916 1664 964; x_wconf 81' lang='lat' dir='ltr'>ideoque</span> <span class='ocrx_word' id='word_1_569' title='bbox 1683 920 1726 954; x_wconf 84' lang='lat' dir='ltr'>ab</span> <span class='ocrx_word' id='word_1_570' title='bbox 1749 921 1821 964; x_wconf 82' lang='lat' dir='ltr'>ipfis</span> <span class='ocrx_word' id='word_1_571' title='bbox 1845 923 1966 965; x_wconf 82' lang='lat' dir='ltr'>semper</span> <span class='ocrx_word' id='word_1_572' title='bbox 1984 922 2149 967; x_wconf 85' lang='lat' dir='ltr'>judicatus</span> 
     </span>
     <span class='ocr_line' id='line_1_87' title="bbox 1269 967 2148 1018; baseline 0.01 -18"><span class='ocrx_word' id='word_1_573' title='bbox 1269 967 1331 1001; x_wconf 84' lang='lat' dir='ltr'>fuit</span> <span class='ocrx_word' id='word_1_574' title='bbox 1342 977 1380 1001; x_wconf 84' lang='lat' dir='ltr'>ea</span> <span class='ocrx_word' id='word_1_575' title='bbox 1402 977 1570 1012; x_wconf 85' lang='lat' dir='ltr'>tamquam</span> <span class='ocrx_word' id='word_1_576' title='bbox 1583 967 1730 1004; x_wconf 81' lang='lat' dir='ltr'>haeretica</span> <span class='ocrx_word' id='word_1_577' title='bbox 1750 981 1808 1005; x_wconf 88' lang='lat' dir='ltr'>aut</span> <span class='ocrx_word' id='word_1_578' title='bbox 1820 970 1972 1008; x_wconf 83' lang='lat' dir='ltr'>haereseos</span> <span class='ocrx_word' id='word_1_579' title='bbox 1983 974 2121 1018; x_wconf 73' lang='lat' dir='ltr'>suspecta</span> <span class='ocrx_word' id='word_1_580' title='bbox 2133 998 2148 1015; x_wconf 88' lang='lat'><em>‚</em></span> 
     </span>
     <span class='ocr_line' id='line_1_88' title="bbox 1267 1016 2149 1068; baseline 0.012 -19"><span class='ocrx_word' id='word_1_581' title='bbox 1267 1016 1343 1051; x_wconf 79' lang='lat' dir='ltr'>licet</span> <span class='ocrx_word' id='word_1_582' title='bbox 1363 1028 1434 1053; x_wconf 88' lang='lat' dir='ltr'>non</span> <span class='ocrx_word' id='word_1_583' title='bbox 1453 1016 1758 1061; x_wconf 81' lang='lat' dir='ltr'>anathematizasse,</span> <span class='ocrx_word' id='word_1_584' title='bbox 1784 1031 1894 1057; x_wconf 86' lang='lat' dir='ltr'>tamen</span> <span class='ocrx_word' id='word_1_585' title='bbox 1916 1024 2149 1068; x_wconf 77' lang='lat' dir='ltr'>interpretatus</span> 
     </span>
     <span class='ocr_line' id='line_1_89' title="bbox 1265 1066 2152 1110; baseline 0.011 -10"><span class='ocrx_word' id='word_1_586' title='bbox 1265 1066 1358 1101; x_wconf 63' lang='lat' dir='ltr'>suissi:</span> <span class='ocrx_word' id='word_1_587' title='bbox 1368 1067 1403 1102; x_wconf 84' lang='lat'>&amp;</span> <span class='ocrx_word' id='word_1_588' title='bbox 1415 1071 1592 1104; x_wconf 78' lang='lat' dir='ltr'>recantasse</span> <span class='ocrx_word' id='word_1_589' title='bbox 1603 1094 1611 1101; x_wconf 91' lang='lat'>.</span> <span class='ocrx_word' id='word_1_590' title='bbox 1639 1070 1844 1107; x_wconf 80' lang='lat' dir='ltr'>Eorumdern</span> <span class='ocrx_word' id='word_1_591' title='bbox 1854 1072 2084 1109; x_wconf 80' lang='lat' dir='ltr'>admistionem</span> <span class='ocrx_word' id='word_1_592' title='bbox 2091 1084 2152 1110; x_wconf 85' lang='lat' dir='ltr'>aut</span> 
     </span>
     <span class='ocr_line' id='line_1_90' title="bbox 1264 1116 2150 1167; baseline 0.008 -15"><span class='ocrx_word' id='word_1_593' title='bbox 1264 1116 1495 1161; x_wconf 84' lang='lat' dir='ltr'>profeffionem</span> <span class='ocrx_word' id='word_1_594' title='bbox 1516 1119 1618 1155; x_wconf 85' lang='lat' dir='ltr'>etiam</span> <span class='ocrx_word' id='word_1_595' title='bbox 1629 1119 1908 1158; x_wconf 72' lang='lat' dir='ltr'>Chalcedonensis</span> <span class='ocrx_word' id='word_1_596' title='bbox 1926 1123 2081 1167; x_wconf 86' lang='lat' dir='ltr'>Synodns</span> <span class='ocrx_word' id='word_1_597' title='bbox 2094 1136 2150 1158; x_wconf 88' lang='lat' dir='ltr'>ne-</span> 
     </span>
     <span class='ocr_line' id='line_1_91' title="bbox 1264 1167 2150 1219; baseline 0.008 -17"><span class='ocrx_word' id='word_1_598' title='bbox 1264 1178 1328 1209; x_wconf 88' lang='lat' dir='ltr'>que</span> <span class='ocrx_word' id='word_1_599' title='bbox 1350 1167 1391 1203; x_wconf 86' lang='lat' dir='ltr'>ab</span> <span class='ocrx_word' id='word_1_600' title='bbox 1413 1167 1495 1209; x_wconf 85' lang='lat' dir='ltr'>Iba,</span> <span class='ocrx_word' id='word_1_601' title='bbox 1520 1170 1656 1213; x_wconf 75' lang='lat' dir='ltr'>nequea</span> <span class='ocrx_word' id='word_1_602' title='bbox 1676 1169 1922 1214; x_wconf 66' lang='lat' dir='ltr'>Theodoreus,</span> <span class='ocrx_word' id='word_1_603' title='bbox 1950 1184 2057 1219; x_wconf 89' lang='lat' dir='ltr'>neque</span> <span class='ocrx_word' id='word_1_604' title='bbox 2077 1173 2150 1209; x_wconf 88' lang='lat' dir='ltr'>ullo</span> 
     </span>
     <span class='ocr_line' id='line_1_92' title="bbox 1264 1217 2150 1270; baseline 0.011 -20"><span class='ocrx_word' id='word_1_605' title='bbox 1264 1217 1429 1253; x_wconf 89' lang='lat' dir='ltr'>Orientali</span> <span class='ocrx_word' id='word_1_606' title='bbox 1448 1218 1614 1264; x_wconf 86' lang='lat' dir='ltr'>Episcopo</span> <span class='ocrx_word' id='word_1_607' title='bbox 1634 1221 1746 1266; x_wconf 87' lang='lat' dir='ltr'>exegit</span> <span class='ocrx_word' id='word_1_608' title='bbox 1758 1246 1766 1255; x_wconf 91' lang='lat'><strong>.</strong></span> <span class='ocrx_word' id='word_1_609' title='bbox 1793 1222 1888 1258; x_wconf 82' lang='lat' dir='ltr'>Hinc</span> <span class='ocrx_word' id='word_1_610' title='bbox 1898 1234 1980 1268; x_wconf 88' lang='lat' dir='ltr'>ergo</span> <span class='ocrx_word' id='word_1_611' title='bbox 2002 1223 2150 1270; x_wconf 86' lang='lat' dir='ltr'>plerique</span> 
     </span>
     <span class='ocr_line' id='line_1_93' title="bbox 1264 1268 2149 1317; baseline 0.01 -16"><span class='ocrx_word' id='word_1_612' title='bbox 1264 1268 1360 1304; x_wconf 84' lang='lat' dir='ltr'>istiin</span> <span class='ocrx_word' id='word_1_613' title='bbox 1383 1280 1478 1312; x_wconf 81' lang='lat' dir='ltr'>prava</span> <span class='ocrx_word' id='word_1_614' title='bbox 1491 1270 1534 1304; x_wconf 92' lang='lat' dir='ltr'>de</span> <span class='ocrx_word' id='word_1_615' title='bbox 1556 1269 1622 1306; x_wconf 79' lang='lat' dir='ltr'>illis</span> <span class='ocrx_word' id='word_1_616' title='bbox 1634 1272 1796 1315; x_wconf 85' lang='lat' dir='ltr'>opinione</span> <span class='ocrx_word' id='word_1_617' title='bbox 1816 1273 1919 1317; x_wconf 88' lang='lat' dir='ltr'>usque</span> <span class='ocrx_word' id='word_1_618' title='bbox 1939 1272 1980 1307; x_wconf 82' lang='lat' dir='ltr'>ad</span> <span class='ocrx_word' id='word_1_619' title='bbox 2003 1285 2149 1310; x_wconf 82' lang='lat' dir='ltr'>mortem</span> 
     </span>
     <span class='ocr_line' id='line_1_94' title="bbox 1262 1319 2148 1366; baseline 0.008 -14"><span class='ocrx_word' id='word_1_620' title='bbox 1262 1319 1513 1362; x_wconf 84' lang='lat' dir='ltr'>permanserunt.</span> <span class='ocrx_word' id='word_1_621' title='bbox 1526 1321 1605 1356; x_wconf 91' lang='lat' dir='ltr'>Hoc</span> <span class='ocrx_word' id='word_1_622' title='bbox 1616 1321 1651 1356; x_wconf 86' lang='lat' dir='ltr'>in</span> <span class='ocrx_word' id='word_1_623' title='bbox 1663 1324 1785 1366; x_wconf 69' lang='lat' dir='ltr'>puncto</span> <span class='ocrx_word' id='word_1_624' title='bbox 1799 1323 1830 1356; x_wconf 90' lang='lat' dir='ltr'>se</span> <span class='ocrx_word' id='word_1_625' title='bbox 1839 1334 1916 1357; x_wconf 90' lang='lat' dir='ltr'>cum</span> <span class='ocrx_word' id='word_1_626' title='bbox 1929 1324 1988 1358; x_wconf 89' lang='lat' dir='ltr'>suo</span> <span class='ocrx_word' id='word_1_627' title='bbox 2002 1324 2148 1359; x_wconf 85' lang='lat' dir='ltr'>Patriar·</span> 
     </span>
     <span class='ocr_line' id='line_1_95' title="bbox 1260 1367 2148 1416; baseline 0.008 -14"><span class='ocrx_word' id='word_1_628' title='bbox 1260 1367 1321 1404; x_wconf 86' lang='lat' dir='ltr'>cha</span> <span class='ocrx_word' id='word_1_629' title='bbox 1334 1369 1368 1405; x_wconf 69' lang='grc' dir='ltr'>ὅ(</span> <span class='ocrx_word' id='word_1_630' title='bbox 1390 1370 1483 1404; x_wconf 87' lang='lat' dir='ltr'>omni</span> <span class='ocrx_word' id='word_1_631' title='bbox 1495 1369 1563 1414; x_wconf 84' lang='lat' dir='ltr'>ejus</span> <span class='ocrx_word' id='word_1_632' title='bbox 1584 1371 1724 1416; x_wconf 85' lang='lat' dir='ltr'>Synodo</span> <span class='ocrx_word' id='word_1_633' title='bbox 1735 1373 1856 1407; x_wconf 75' lang='lat' dir='ltr'>stnfiffe</span> <span class='ocrx_word' id='word_1_634' title='bbox 1879 1372 1954 1408; x_wconf 87' lang='lat' dir='ltr'>lbas</span> <span class='ocrx_word' id='word_1_635' title='bbox 1979 1373 2121 1411; x_wconf 87' lang='lat' dir='ltr'>adseruit</span> <span class='ocrx_word' id='word_1_636' title='bbox 2134 1398 2148 1415; x_wconf 84' lang='lat'><em>,</em></span> 
     </span>
     <span class='ocr_line' id='line_1_96' title="bbox 1262 1419 2148 1469; baseline 0.009 -17"><span class='ocrx_word' id='word_1_637' title='bbox 1262 1419 1375 1453; x_wconf 75' lang='lat' dir='ltr'>verum</span> <span class='ocrx_word' id='word_1_638' title='bbox 1388 1419 1457 1463; x_wconf 86' lang='lat' dir='ltr'>post</span> <span class='ocrx_word' id='word_1_639' title='bbox 1470 1420 1588 1455; x_wconf 83' lang='lat' dir='ltr'>initam</span> <span class='ocrx_word' id='word_1_640' title='bbox 1613 1432 1727 1465; x_wconf 86' lang='lat' dir='ltr'>pacem</span> <span class='ocrx_word' id='word_1_641' title='bbox 1738 1422 1779 1459; x_wconf 88' lang='lat' dir='ltr'>de</span> <span class='ocrx_word' id='word_1_642' title='bbox 1791 1422 1912 1458; x_wconf 72' lang='lat' dir='ltr'>sancto</span> <span class='ocrx_word' id='word_1_643' title='bbox 1933 1422 2066 1469; x_wconf 87' lang='lat' dir='ltr'>Cyrillo</span> <span class='ocrx_word' id='word_1_644' title='bbox 2076 1435 2148 1460; x_wconf 85' lang='lat' dir='ltr'>non</span> 
     </span>
     <span class='ocr_line' id='line_1_97' title="bbox 1262 1468 1641 1506; baseline 0.003 -4"><span class='ocrx_word' id='word_1_645' title='bbox 1262 1468 1353 1503; x_wconf 74' lang='lat' dir='ltr'>fuisse</span> <span class='ocrx_word' id='word_1_646' title='bbox 1363 1468 1448 1503; x_wconf 73' lang='lat' dir='ltr'>male</span> <span class='ocrx_word' id='word_1_647' title='bbox 1472 1470 1641 1506; x_wconf 85' lang='lat' dir='ltr'>locutum.</span> 
     </span>
    </p>

    <p class='ocr_par' dir='ltr' id='par_1_14' title="bbox 1243 1517 2197 3317">
     <span class='ocr_line' id='line_1_98' title="bbox 1308 1517 2149 1568; baseline 0.006 -13"><span class='ocrx_word' id='word_1_648' title='bbox 1308 1517 1451 1556; x_wconf 80' lang='lat' dir='ltr'>Acceffit</span> <span class='ocrx_word' id='word_1_649' title='bbox 1465 1520 1567 1563; x_wconf 83' lang='lat' dir='ltr'>ipfi&amp;</span> <span class='ocrx_word' id='word_1_650' title='bbox 1595 1521 1747 1558; x_wconf 78' lang='lat' dir='ltr'>Edesseni</span> <span class='ocrx_word' id='word_1_651' title='bbox 1762 1523 1853 1557; x_wconf 86' lang='lat' dir='ltr'>Cleri</span> <span class='ocrx_word' id='word_1_652' title='bbox 1875 1523 2028 1566; x_wconf 86' lang='lat' dir='ltr'>libellus,</span> <span class='ocrx_word' id='word_1_653' title='bbox 2052 1524 2149 1568; x_wconf 86' lang='lat' dir='ltr'>cujus</span> 
     </span>
     <span class='ocr_line' id='line_1_99' title="bbox 1259 1567 2146 1615; baseline 0.007 -13"><span class='ocrx_word' id='word_1_654' title='bbox 1259 1567 1327 1604; x_wconf 84' lang='lat' dir='ltr'>haec</span> <span class='ocrx_word' id='word_1_655' title='bbox 1340 1569 1529 1614; x_wconf 84' lang='lat' dir='ltr'>Epigrapbe</span> <span class='ocrx_word' id='word_1_656' title='bbox 1542 1583 1549 1603; x_wconf 90' lang='lat'>:</span> <span class='ocrx_word' id='word_1_657' title='bbox 1577 1571 1731 1612; x_wconf 59' lang='lat' dir='ltr'>Instrucrio</span> <span class='ocrx_word' id='word_1_658' title='bbox 1742 1574 1776 1607; x_wconf 63' lang='grc' dir='ltr'>Θ</span> <span class='ocrx_word' id='word_1_659' title='bbox 1786 1574 1950 1615; x_wconf 80' lang='lat' dir='ltr'>deprecatio</span> <span class='ocrx_word' id='word_1_660' title='bbox 1965 1578 2024 1608; x_wconf 80' lang='lat' dir='ltr'>Dei</span> <span class='ocrx_word' id='word_1_661' title='bbox 2035 1586 2146 1608; x_wconf 81' lang='lat' dir='ltr'>aman-</span> 
     </span>
     <span class='ocr_line' id='line_1_100' title="bbox 1259 1618 2197 1665; baseline 0.007 -13"><span class='ocrx_word' id='word_1_662' title='bbox 1259 1620 1370 1661; x_wconf 75' lang='lat' dir='ltr'>tlffimts</span> <span class='ocrx_word' id='word_1_663' title='bbox 1382 1629 1473 1662; x_wconf 81' lang='lat' dir='ltr'>atque</span> <span class='ocrx_word' id='word_1_664' title='bbox 1488 1618 1672 1663; x_wconf 61' lang='lat' dir='ltr'>sandtffimis</span> <span class='ocrx_word' id='word_1_665' title='bbox 1683 1620 1841 1665; x_wconf 64' lang='lat' dir='ltr'>Episcopis</span> <span class='ocrx_word' id='word_1_666' title='bbox 1869 1623 1975 1657; x_wconf 79' lang='lat' dir='ltr'>Photio</span> <span class='ocrx_word' id='word_1_667' title='bbox 1988 1626 2024 1658; x_wconf 73' lang='lat'>&lt;⁴5</span> <span class='ocrx_word' id='word_1_668' title='bbox 2035 1622 2146 1664; x_wconf 73' lang='lat' dir='ltr'>Eussa·</span> <span class='ocrx_word' id='word_1_669' title='bbox 2194 1658 2197 1660; x_wconf 80' lang='grc'>,</span> 
     </span>
     <span class='ocr_line' id='line_1_101' title="bbox 1258 1669 2149 1715; baseline 0.009 -12"><span class='ocrx_word' id='word_1_670' title='bbox 1258 1678 1321 1711; x_wconf 71' lang='lat' dir='ltr'>tio,</span> <span class='ocrx_word' id='word_1_671' title='bbox 1348 1669 1477 1703; x_wconf 78' lang='lat' dir='ltr'>abomnt</span> <span class='ocrx_word' id='word_1_672' title='bbox 1502 1672 1615 1705; x_wconf 77' lang='lat' dir='ltr'>clerico</span> <span class='ocrx_word' id='word_1_673' title='bbox 1624 1672 1780 1715; x_wconf 82' lang='lat' dir='ltr'>Edeffenae</span> <span class='ocrx_word' id='word_1_674' title='bbox 1807 1676 1956 1708; x_wconf 71' lang='lat' dir='ltr'>Civitatis</span> <span class='ocrx_word' id='word_1_675' title='bbox 1970 1699 1978 1707; x_wconf 87' lang='lat'><strong>.</strong></span> <span class='ocrx_word' id='word_1_676' title='bbox 2004 1673 2149 1711; x_wconf 79' lang='lat' dir='ltr'>Subscri-</span> 
     </span>
     <span class='ocr_line' id='line_1_102' title="bbox 1259 1720 2146 1769; baseline 0.007 -15"><span class='ocrx_word' id='word_1_677' title='bbox 1259 1731 1335 1764; x_wconf 87' lang='lat' dir='ltr'>ptus</span> <span class='ocrx_word' id='word_1_678' title='bbox 1354 1730 1425 1755; x_wconf 87' lang='lat' dir='ltr'>erat</span> <span class='ocrx_word' id='word_1_679' title='bbox 1445 1720 1464 1754; x_wconf 78' lang='lat' dir='ltr'>a</span> <span class='ocrx_word' id='word_1_680' title='bbox 1486 1721 1734 1764; x_wconf 81' lang='lat' dir='ltr'>quatuordecim</span> <span class='ocrx_word' id='word_1_681' title='bbox 1757 1721 1960 1768; x_wconf 89' lang='lat' dir='ltr'>Presbyteris</span> <span class='ocrx_word' id='word_1_682' title='bbox 1974 1748 1987 1765; x_wconf 89' lang='lat'>,</span> <span class='ocrx_word' id='word_1_683' title='bbox 2012 1724 2146 1769; x_wconf 73' lang='lat' dir='ltr'>quadra-</span> 
     </span>
     <span class='ocr_line' id='line_1_103' title="bbox 1258 1770 2146 1815; baseline 0.006 -12"><span class='ocrx_word' id='word_1_684' title='bbox 1258 1770 1351 1815; x_wconf 88' lang='lat' dir='ltr'>ginta</span> <span class='ocrx_word' id='word_1_685' title='bbox 1370 1771 1404 1805; x_wconf 89' lang='lat'>&amp;</span> <span class='ocrx_word' id='word_1_686' title='bbox 1425 1780 1494 1805; x_wconf 89' lang='lat' dir='ltr'>uno</span> <span class='ocrx_word' id='word_1_687' title='bbox 1517 1771 1699 1813; x_wconf 87' lang='lat' dir='ltr'>Diaconis,</span> <span class='ocrx_word' id='word_1_688' title='bbox 1726 1771 1879 1807; x_wconf 88' lang='lat' dir='ltr'>undecim</span> <span class='ocrx_word' id='word_1_689' title='bbox 1902 1774 2146 1815; x_wconf 88' lang='lat' dir='ltr'>Subdiaconis,</span> 
     </span>
     <span class='ocr_line' id='line_1_104' title="bbox 1257 1820 2146 1866; baseline 0.004 -11"><span class='ocrx_word' id='word_1_690' title='bbox 1257 1821 1291 1855; x_wconf 90' lang='lat'>&amp;</span> <span class='ocrx_word' id='word_1_691' title='bbox 1302 1820 1432 1856; x_wconf 91' lang='lat' dir='ltr'>duobus</span> <span class='ocrx_word' id='word_1_692' title='bbox 1452 1820 1644 1856; x_wconf 70' lang='lat' dir='ltr'>Lectoribus</span> <span class='ocrx_word' id='word_1_693' title='bbox 1660 1846 1668 1854; x_wconf 85' lang='lat'>.</span> <span class='ocrx_word' id='word_1_694' title='bbox 1694 1821 1828 1866; x_wconf 81' lang='lat' dir='ltr'>Nempe</span> <span class='ocrx_word' id='word_1_695' title='bbox 1841 1823 1944 1857; x_wconf 85' lang='lat' dir='ltr'>Graeci</span> <span class='ocrx_word' id='word_1_696' title='bbox 1965 1823 2076 1861; x_wconf 88' lang='lat' dir='ltr'>nullos</span> <span class='ocrx_word' id='word_1_697' title='bbox 2088 1823 2146 1859; x_wconf 88' lang='lat' dir='ltr'>ha-</span> 
     </span>
     <span class='ocr_line' id='line_1_105' title="bbox 1258 1869 2141 1912; baseline 0.003 -9"><span class='ocrx_word' id='word_1_698' title='bbox 1258 1869 1380 1904; x_wconf 89' lang='lat' dir='ltr'>bebant</span> <span class='ocrx_word' id='word_1_699' title='bbox 1401 1870 1544 1903; x_wconf 88' lang='lat' dir='ltr'>minores</span> <span class='ocrx_word' id='word_1_700' title='bbox 1568 1870 1715 1905; x_wconf 88' lang='lat' dir='ltr'>Clericos</span> <span class='ocrx_word' id='word_1_701' title='bbox 1736 1895 1747 1912; x_wconf 94' lang='lat'>‚</span> <span class='ocrx_word' id='word_1_702' title='bbox 1776 1872 1834 1905; x_wconf 84' lang='lat' dir='ltr'>nifi</span> <span class='ocrx_word' id='word_1_703' title='bbox 1857 1873 1944 1907; x_wconf 87' lang='lat' dir='ltr'>solos</span> <span class='ocrx_word' id='word_1_704' title='bbox 1970 1874 2141 1908; x_wconf 71' lang='lat' dir='ltr'>Lectores.</span> 
     </span>
     <span class='ocr_line' id='line_1_106' title="bbox 1257 1919 2142 1968; baseline 0.003 -14"><span class='ocrx_word' id='word_1_705' title='bbox 1257 1919 1363 1956; x_wconf 77' lang='lat' dir='ltr'>Porro</span> <span class='ocrx_word' id='word_1_706' title='bbox 1385 1919 1553 1955; x_wconf 77' lang='lat' dir='ltr'>Edeffenae</span> <span class='ocrx_word' id='word_1_707' title='bbox 1576 1920 1726 1955; x_wconf 63' lang='lat' dir='ltr'>Ecclesiae</span> <span class='ocrx_word' id='word_1_708' title='bbox 1747 1921 1864 1957; x_wconf 90' lang='lat' dir='ltr'>Clerus</span> <span class='ocrx_word' id='word_1_709' title='bbox 1899 1933 1967 1958; x_wconf 88' lang='lat' dir='ltr'>erat</span> <span class='ocrx_word' id='word_1_710' title='bbox 1990 1924 2142 1968; x_wconf 84' lang='lat' dir='ltr'>ampliffi·</span> 
     </span>
     <span class='ocr_line' id='line_1_107' title="bbox 1256 1969 2143 2015; baseline 0.005 -11"><span class='ocrx_word' id='word_1_711' title='bbox 1256 1981 1348 2006; x_wconf 88' lang='lat' dir='ltr'>mus·</span> <span class='ocrx_word' id='word_1_712' title='bbox 1376 1969 1482 2005; x_wconf 77' lang='lat' dir='ltr'>Fuisse</span> <span class='ocrx_word' id='word_1_713' title='bbox 1500 1970 1720 2006; x_wconf 87' lang='lat' dir='ltr'>ducentorum</span> <span class='ocrx_word' id='word_1_714' title='bbox 1740 1971 1775 2005; x_wconf 70' lang='grc' dir='ltr'>ὅ(</span> <span class='ocrx_word' id='word_1_715' title='bbox 1797 1971 1939 2015; x_wconf 79' lang='lat' dir='ltr'>amplius</span> <span class='ocrx_word' id='word_1_716' title='bbox 1962 1975 2143 2008; x_wconf 87' lang='lat' dir='ltr'>nominum</span> 
     </span>
     <span class='ocr_line' id='line_1_108' title="bbox 1257 2019 2140 2066; baseline 0.007 -12"><span class='ocrx_word' id='word_1_717' title='bbox 1257 2021 1324 2064; x_wconf 83' lang='lat' dir='ltr'>ipse</span> <span class='ocrx_word' id='word_1_718' title='bbox 1345 2020 1385 2054; x_wconf 85' lang='lat' dir='ltr'>ad</span> <span class='ocrx_word' id='word_1_719' title='bbox 1395 2019 1571 2065; x_wconf 85' lang='lat' dir='ltr'>Synodum</span> <span class='ocrx_word' id='word_1_720' title='bbox 1590 2022 1779 2065; x_wconf 80' lang='lat' dir='ltr'>praesentem</span> <span class='ocrx_word' id='word_1_721' title='bbox 1793 2020 1868 2055; x_wconf 82' lang='lat' dir='ltr'>lbas</span> <span class='ocrx_word' id='word_1_722' title='bbox 1888 2022 1935 2056; x_wconf 88' lang='lat' dir='ltr'>est</span> <span class='ocrx_word' id='word_1_723' title='bbox 1962 2024 2140 2066; x_wconf 75' lang='lat' dir='ltr'>professus.</span> 
     </span>
     <span class='ocr_line' id='line_1_109' title="bbox 1256 2069 2143 2116; baseline 0 -11"><span class='ocrx_word' id='word_1_724' title='bbox 1256 2069 1347 2105; x_wconf 74' lang='lat' dir='ltr'>Disti</span> <span class='ocrx_word' id='word_1_725' title='bbox 1359 2070 1459 2115; x_wconf 88' lang='lat' dir='ltr'>igitur</span> <span class='ocrx_word' id='word_1_726' title='bbox 1469 2069 1591 2105; x_wconf 85' lang='lat' dir='ltr'>Clerici</span> <span class='ocrx_word' id='word_1_727' title='bbox 1612 2070 1811 2114; x_wconf 85' lang='lat' dir='ltr'>Episcopum</span> <span class='ocrx_word' id='word_1_728' title='bbox 1827 2071 1919 2106; x_wconf 90' lang='lat' dir='ltr'>suum</span> <span class='ocrx_word' id='word_1_729' title='bbox 1932 2072 1950 2106; x_wconf 70' lang='grc' dir='ltr'>ὲ</span> <span class='ocrx_word' id='word_1_730' title='bbox 1973 2073 2065 2116; x_wconf 70' lang='lat' dir='ltr'>supra</span> <span class='ocrx_word' id='word_1_731' title='bbox 2076 2082 2143 2106; x_wconf 77' lang='lat' dir='ltr'>mo-</span> 
     </span>
     <span class='ocr_line' id='line_1_110' title="bbox 1256 2119 2143 2167; baseline 0.003 -13"><span class='ocrx_word' id='word_1_732' title='bbox 1256 2130 1382 2155; x_wconf 84' lang='lat' dir='ltr'>morata</span> <span class='ocrx_word' id='word_1_733' title='bbox 1392 2120 1571 2166; x_wconf 88' lang='lat' dir='ltr'>Pelagiana</span> <span class='ocrx_word' id='word_1_734' title='bbox 1590 2130 1628 2155; x_wconf 88' lang='lat' dir='ltr'>ac</span> <span class='ocrx_word' id='word_1_735' title='bbox 1640 2120 1835 2155; x_wconf 83' lang='lat' dir='ltr'>Nestoriana</span> <span class='ocrx_word' id='word_1_736' title='bbox 1857 2119 2054 2166; x_wconf 85' lang='lat' dir='ltr'>blasphemia</span> <span class='ocrx_word' id='word_1_737' title='bbox 2068 2133 2143 2167; x_wconf 86' lang='lat' dir='ltr'>pro-</span> 
     </span>
     <span class='ocr_line' id='line_1_111' title="bbox 1254 2170 2141 2214; baseline 0.001 -10"><span class='ocrx_word' id='word_1_738' title='bbox 1254 2170 1363 2205; x_wconf 83' lang='lat' dir='ltr'>testati</span> <span class='ocrx_word' id='word_1_739' title='bbox 1386 2171 1463 2205; x_wconf 90' lang='lat' dir='ltr'>sunt</span> <span class='ocrx_word' id='word_1_740' title='bbox 1486 2170 1550 2205; x_wconf 80' lang='lat' dir='ltr'>effe</span> <span class='ocrx_word' id='word_1_741' title='bbox 1569 2171 1871 2206; x_wconf 80' lang='lat' dir='ltr'>innocentiffimum</span> <span class='ocrx_word' id='word_1_742' title='bbox 1895 2184 1904 2205; x_wconf 70' lang='grc' dir='ltr'><strong><em>ε</em></strong></span> <span class='ocrx_word' id='word_1_743' title='bbox 1930 2176 2041 2206; x_wconf 86' lang='lat' dir='ltr'>omnes-</span> <span class='ocrx_word' id='word_1_744' title='bbox 2061 2184 2141 2214; x_wconf 78' lang='lat' dir='ltr'>nos,</span> 
     </span>
     <span class='ocr_line' id='line_1_112' title="bbox 1253 2221 2145 2265; baseline 0.003 -12"><span class='ocrx_word' id='word_1_745' title='bbox 1253 2231 1325 2263; x_wconf 84' lang='lat' dir='ltr'>quos</span> <span class='ocrx_word' id='word_1_746' title='bbox 1360 2221 1463 2254; x_wconf 81' lang='lat' dir='ltr'>dicunt</span> <span class='ocrx_word' id='word_1_747' title='bbox 1482 2221 1628 2264; x_wconf 72' lang='lat' dir='ltr'>audivtfft</span> <span class='ocrx_word' id='word_1_748' title='bbox 1649 2233 1684 2255; x_wconf 82' lang='lat' dir='ltr'>ea</span> <span class='ocrx_word' id='word_1_749' title='bbox 1704 2221 1818 2263; x_wconf 81' lang='lat' dir='ltr'>verba,</span> <span class='ocrx_word' id='word_1_750' title='bbox 1845 2222 2037 2265; x_wconf 72' lang='lat' dir='ltr'>manifestum</span> <span class='ocrx_word' id='word_1_751' title='bbox 2062 2222 2145 2265; x_wconf 85' lang='lat' dir='ltr'>faci·</span> 
     </span>
     <span class='ocr_line' id='line_1_113' title="bbox 1253 2269 2143 2316; baseline 0.001 -12"><span class='ocrx_word' id='word_1_752' title='bbox 1253 2282 1319 2304; x_wconf 85' lang='lat' dir='ltr'>mus</span> <span class='ocrx_word' id='word_1_753' title='bbox 1341 2269 1447 2311; x_wconf 55' lang='lat' dir='ltr'>vestrae</span> <span class='ocrx_word' id='word_1_754' title='bbox 1466 2274 1528 2305; x_wconf 86' lang='lat' dir='ltr'>Deo</span> <span class='ocrx_word' id='word_1_755' title='bbox 1548 2271 1738 2305; x_wconf 73' lang='lat' dir='ltr'>Amabilttati</span> <span class='ocrx_word' id='word_1_756' title='bbox 1748 2296 1766 2313; x_wconf 88' lang='lat'>‚.</span> <span class='ocrx_word' id='word_1_757' title='bbox 1793 2281 1949 2316; x_wconf 81' lang='lat' dir='ltr'>tamquam</span> <span class='ocrx_word' id='word_1_758' title='bbox 1959 2283 2058 2306; x_wconf 84' lang='lat' dir='ltr'>coram</span> <span class='ocrx_word' id='word_1_759' title='bbox 2083 2276 2143 2306; x_wconf 69' lang='lat' dir='ltr'>Det</span> 
     </span>
     <span class='ocr_line' id='line_1_114' title="bbox 1252 2321 2143 2366; baseline 0.001 -10"><span class='ocrx_word' id='word_1_760' title='bbox 1252 2321 1408 2356; x_wconf 73' lang='lat' dir='ltr'>clementia</span> <span class='ocrx_word' id='word_1_761' title='bbox 1417 2345 1428 2361; x_wconf 94' lang='lat'>,</span> <span class='ocrx_word' id='word_1_762' title='bbox 1455 2327 1526 2365; x_wconf 79' lang='lat' dir='ltr'>qula</span> <span class='ocrx_word' id='word_1_763' title='bbox 1537 2332 1630 2365; x_wconf 85' lang='lat' dir='ltr'>neque</span> <span class='ocrx_word' id='word_1_764' title='bbox 1644 2322 1683 2355; x_wconf 79' lang='lat' dir='ltr'>ab</span> <span class='ocrx_word' id='word_1_765' title='bbox 1698 2333 1730 2355; x_wconf 88' lang='lat' dir='ltr'>eo</span> <span class='ocrx_word' id='word_1_766' title='bbox 1739 2347 1749 2363; x_wconf 87' lang='lat'>‚</span> <span class='ocrx_word' id='word_1_767' title='bbox 1774 2334 1868 2366; x_wconf 86' lang='lat' dir='ltr'>neque</span> <span class='ocrx_word' id='word_1_768' title='bbox 1878 2323 1918 2355; x_wconf 87' lang='lat' dir='ltr'>ab</span> <span class='ocrx_word' id='word_1_769' title='bbox 1945 2323 2003 2356; x_wconf 77' lang='lat' dir='ltr'>alio</span> <span class='ocrx_word' id='word_1_770' title='bbox 2012 2324 2070 2356; x_wconf 85' lang='lat' dir='ltr'>ullo</span> <span class='ocrx_word' id='word_1_771' title='bbox 2078 2324 2143 2357; x_wconf 81' lang='lat' dir='ltr'>tale</span> 
     </span>
     <span class='ocr_line' id='line_1_115' title="bbox 1253 2369 2141 2415; baseline 0.001 -11"><span class='ocrx_word' id='word_1_772' title='bbox 1253 2369 1366 2406; x_wconf 54' lang='lat' dir='ltr'>dicium</span> <span class='ocrx_word' id='word_1_773' title='bbox 1376 2370 1541 2415; x_wconf 79' lang='lat' dir='ltr'>aliquando</span> <span class='ocrx_word' id='word_1_774' title='bbox 1558 2373 1735 2405; x_wconf 77' lang='lat' dir='ltr'>audivimus</span> <span class='ocrx_word' id='word_1_775' title='bbox 1744 2396 1754 2411; x_wconf 91' lang='lat'>‚</span> <span class='ocrx_word' id='word_1_776' title='bbox 1782 2384 1875 2415; x_wconf 84' lang='lat' dir='ltr'>neque</span> <span class='ocrx_word' id='word_1_777' title='bbox 1884 2377 1917 2404; x_wconf 86' lang='lat' dir='ltr'>in</span> <span class='ocrx_word' id='word_1_778' title='bbox 1924 2384 2011 2405; x_wconf 85' lang='lat' dir='ltr'>aures</span> <span class='ocrx_word' id='word_1_779' title='bbox 2025 2371 2141 2414; x_wconf 82' lang='lat' dir='ltr'>nostras·</span> 
     </span>
     <span class='ocr_line' id='line_1_116' title="bbox 1253 2420 2140 2465; baseline 0.002 -11"><span class='ocrx_word' id='word_1_780' title='bbox 1253 2420 1408 2465; x_wconf 71' lang='lat' dir='ltr'>ingrefficm</span> <span class='ocrx_word' id='word_1_781' title='bbox 1432 2420 1471 2462; x_wconf 83' lang='lat' dir='ltr'>est</span> <span class='ocrx_word' id='word_1_782' title='bbox 1493 2422 1554 2454; x_wconf 86' lang='lat' dir='ltr'>tale</span> <span class='ocrx_word' id='word_1_783' title='bbox 1577 2421 1696 2463; x_wconf 79' lang='lat' dir='ltr'>aliquid</span> <span class='ocrx_word' id='word_1_784' title='bbox 1711 2421 1872 2462; x_wconf 79' lang='lat' dir='ltr'>aliquando</span> <span class='ocrx_word' id='word_1_785' title='bbox 1892 2445 1902 2460; x_wconf 92' lang='lat'><strong>,</strong></span> <span class='ocrx_word' id='word_1_786' title='bbox 1939 2422 2140 2456; x_wconf 79' lang='lat' dir='ltr'>anathemati-</span> 
     </span>
     <span class='ocr_line' id='line_1_117' title="bbox 1251 2468 2140 2515; baseline 0.002 -12"><span class='ocrx_word' id='word_1_787' title='bbox 1251 2479 1357 2504; x_wconf 79' lang='lat' dir='ltr'>zantes</span> <span class='ocrx_word' id='word_1_788' title='bbox 1380 2468 1569 2514; x_wconf 68' lang='lat' dir='ltr'>nosmetipsos</span> <span class='ocrx_word' id='word_1_789' title='bbox 1592 2494 1604 2510; x_wconf 89' lang='lat'>,</span> <span class='ocrx_word' id='word_1_790' title='bbox 1629 2472 1665 2505; x_wconf 51' lang='grc' dir='ltr'>(Ὗ</span> <span class='ocrx_word' id='word_1_791' title='bbox 1686 2471 1812 2505; x_wconf 79' lang='lat' dir='ltr'>terribili</span> <span class='ocrx_word' id='word_1_792' title='bbox 1831 2471 1978 2515; x_wconf 86' lang='lat' dir='ltr'>gehennae</span> <span class='ocrx_word' id='word_1_793' title='bbox 1999 2472 2140 2506; x_wconf 80' lang='lat' dir='ltr'>obnoxios·</span> 
     </span>
     <span class='ocr_line' id='line_1_118' title="bbox 1243 2518 2139 2563; baseline 0.002 -9"><span class='ocrx_word' id='word_1_794' title='bbox 1243 2519 1395 2562; x_wconf 67' lang='lat' dir='ltr'>facientes</span> <span class='ocrx_word' id='word_1_795' title='bbox 1408 2543 1419 2559; x_wconf 90' lang='lat'>‚</span> <span class='ocrx_word' id='word_1_796' title='bbox 1437 2518 1468 2563; x_wconf 83' lang='lat' dir='ltr'><em>fi</em></span> <span class='ocrx_word' id='word_1_797' title='bbox 1474 2525 1611 2554; x_wconf 80' lang='lat' dir='ltr'>novimus</span> <span class='ocrx_word' id='word_1_798' title='bbox 1621 2522 1681 2554; x_wconf 84' lang='lat' dir='ltr'>tale</span> <span class='ocrx_word' id='word_1_799' title='bbox 1691 2522 1811 2563; x_wconf 84' lang='lat' dir='ltr'>aliquid</span> <span class='ocrx_word' id='word_1_800' title='bbox 1817 2520 1856 2553; x_wconf 86' lang='lat' dir='ltr'>ab</span> <span class='ocrx_word' id='word_1_801' title='bbox 1879 2533 1910 2555; x_wconf 89' lang='lat' dir='ltr'>eo</span> <span class='ocrx_word' id='word_1_802' title='bbox 1921 2521 2036 2555; x_wconf 66' lang='lat' dir='ltr'>dicium</span> <span class='ocrx_word' id='word_1_803' title='bbox 2047 2547 2057 2563; x_wconf 89' lang='lat'>‚</span> <span class='ocrx_word' id='word_1_804' title='bbox 2083 2530 2139 2556; x_wconf 81' lang='lat' dir='ltr'>aut</span> 
     </span>
     <span class='ocr_line' id='line_1_119' title="bbox 1251 2565 2140 2612; baseline 0.003 -10"><span class='ocrx_word' id='word_1_805' title='bbox 1251 2570 1338 2604; x_wconf 81' lang='lat' dir='ltr'>aliud</span> <span class='ocrx_word' id='word_1_806' title='bbox 1345 2570 1468 2612; x_wconf 80' lang='lat' dir='ltr'>aliquod</span> <span class='ocrx_word' id='word_1_807' title='bbox 1508 2565 1688 2604; x_wconf 78' lang='lat' dir='ltr'>contrarium</span> <span class='ocrx_word' id='word_1_808' title='bbox 1708 2570 1861 2606; x_wconf 73' lang='lat' dir='ltr'>catholicae</span> <span class='ocrx_word' id='word_1_809' title='bbox 1887 2573 1990 2606; x_wconf 81' lang='lat' dir='ltr'>Fidei.</span> <span class='ocrx_word' id='word_1_810' title='bbox 2015 2574 2140 2606; x_wconf 69' lang='lat' dir='ltr'>sienim</span> 
     </span>
     <span class='ocr_line' id='line_1_120' title="bbox 1252 2617 2135 2664; baseline 0.002 -11"><span class='ocrx_word' id='word_1_811' title='bbox 1252 2621 1309 2653; x_wconf 83' lang='lat' dir='ltr'>tali</span> <span class='ocrx_word' id='word_1_812' title='bbox 1327 2619 1426 2664; x_wconf 74' lang='lat' dir='ltr'>aliquo</span> <span class='ocrx_word' id='word_1_813' title='bbox 1435 2618 1514 2653; x_wconf 61' lang='lat' dir='ltr'>dieo</span> <span class='ocrx_word' id='word_1_814' title='bbox 1535 2617 1777 2664; x_wconf 83' lang='lat' dir='ltr'>acquiesceremus</span> <span class='ocrx_word' id='word_1_815' title='bbox 1801 2631 1855 2654; x_wconf 83' lang='lat' dir='ltr'>aut</span> <span class='ocrx_word' id='word_1_816' title='bbox 1876 2628 2086 2657; x_wconf 79' lang='lat' dir='ltr'>communicare</span> <span class='ocrx_word' id='word_1_817' title='bbox 2107 2628 2135 2656; x_wconf 76' lang='lat' dir='ltr'>ei</span> 
     </span>
     <span class='ocr_line' id='line_1_121' title="bbox 1251 2670 2136 2715; baseline 0.001 -11"><span class='ocrx_word' id='word_1_818' title='bbox 1251 2676 1303 2713; x_wconf 78' lang='lat' dir='ltr'>qui</span> <span class='ocrx_word' id='word_1_819' title='bbox 1323 2671 1425 2710; x_wconf 80' lang='lat' dir='ltr'>dixit,</span> <span class='ocrx_word' id='word_1_820' title='bbox 1453 2679 1508 2703; x_wconf 85' lang='lat' dir='ltr'>aut</span> <span class='ocrx_word' id='word_1_821' title='bbox 1528 2670 1754 2711; x_wconf 76' lang='lat' dir='ltr'>comministrare</span> <span class='ocrx_word' id='word_1_822' title='bbox 1778 2677 1811 2705; x_wconf 83' lang='lat' dir='ltr'>in</span> <span class='ocrx_word' id='word_1_823' title='bbox 1827 2670 1970 2715; x_wconf 59' lang='lat' dir='ltr'>sacrificio</span> <span class='ocrx_word' id='word_1_824' title='bbox 1993 2696 2005 2712; x_wconf 89' lang='lat'>,</span> <span class='ocrx_word' id='word_1_825' title='bbox 2030 2674 2136 2707; x_wconf 79' lang='lat' dir='ltr'>ultimo</span> 
     </span>
     <span class='ocr_line' id='line_1_122' title="bbox 1247 2719 2134 2764; baseline 0.005 -12"><span class='ocrx_word' id='word_1_826' title='bbox 1247 2719 1388 2764; x_wconf 81' lang='lat' dir='ltr'>supplicio</span> <span class='ocrx_word' id='word_1_827' title='bbox 1390 2719 1547 2762; x_wconf 65' lang='lat' dir='ltr'>fuisti-mus</span> <span class='ocrx_word' id='word_1_828' title='bbox 1557 2721 1676 2754; x_wconf 64' lang='lat' dir='ltr'>obnoxii·</span> <span class='ocrx_word' id='word_1_829' title='bbox 1684 2746 1695 2762; x_wconf 91' lang='lat'><strong><em>,</em></strong></span> <span class='ocrx_word' id='word_1_830' title='bbox 1723 2731 1878 2764; x_wconf 86' lang='lat' dir='ltr'>tamquam</span> <span class='ocrx_word' id='word_1_831' title='bbox 1887 2728 2134 2756; x_wconf 73' lang='lat' dir='ltr'>communicantes</span> 
     </span>
     <span class='ocr_line' id='line_1_123' title="bbox 1251 2771 2135 2815; baseline 0.003 -12"><span class='ocrx_word' id='word_1_832' title='bbox 1251 2771 1305 2804; x_wconf 86' lang='lat' dir='ltr'>tali</span> <span class='ocrx_word' id='word_1_833' title='bbox 1325 2775 1502 2805; x_wconf 78' lang='lat' dir='ltr'>execrationi</span> <span class='ocrx_word' id='word_1_834' title='bbox 1527 2796 1534 2803; x_wconf 97' lang='lat'>.</span> <span class='ocrx_word' id='word_1_835' title='bbox 1571 2772 1642 2805; x_wconf 87' lang='lat' dir='ltr'>Hic</span> <span class='ocrx_word' id='word_1_836' title='bbox 1660 2772 1709 2807; x_wconf 80' lang='lat' dir='ltr'>est</span> <span class='ocrx_word' id='word_1_837' title='bbox 1733 2772 1790 2806; x_wconf 90' lang='lat' dir='ltr'>ille</span> <span class='ocrx_word' id='word_1_838' title='bbox 1812 2772 1946 2807; x_wconf 85' lang='lat' dir='ltr'>laudum</span> <span class='ocrx_word' id='word_1_839' title='bbox 1979 2771 2135 2815; x_wconf 87' lang='lat' dir='ltr'>libellus,</span> 
     </span>
     <span class='ocr_line' id='line_1_124' title="bbox 1251 2819 2137 2866; baseline -0.001 -11"><span class='ocrx_word' id='word_1_840' title='bbox 1251 2831 1348 2865; x_wconf 88' lang='lat' dir='ltr'>quem</span> <span class='ocrx_word' id='word_1_841' title='bbox 1361 2820 1395 2854; x_wconf 90' lang='lat' dir='ltr'>vi</span> <span class='ocrx_word' id='word_1_842' title='bbox 1405 2819 1497 2856; x_wconf 73' lang='lat' dir='ltr'>fuisse</span> <span class='ocrx_word' id='word_1_843' title='bbox 1509 2832 1565 2864; x_wconf 89' lang='lat' dir='ltr'>per</span> <span class='ocrx_word' id='word_1_844' title='bbox 1576 2821 1641 2857; x_wconf 80' lang='lat' dir='ltr'>lbae</span> <span class='ocrx_word' id='word_1_845' title='bbox 1653 2821 1778 2857; x_wconf 85' lang='lat' dir='ltr'>amicos</span> <span class='ocrx_word' id='word_1_846' title='bbox 1801 2832 2007 2866; x_wconf 86' lang='lat' dir='ltr'>procuratum</span> <span class='ocrx_word' id='word_1_847' title='bbox 2022 2823 2055 2857; x_wconf 69' lang='grc' dir='ltr'>ὅ(</span> <span class='ocrx_word' id='word_1_848' title='bbox 2080 2833 2137 2856; x_wconf 83' lang='lat' dir='ltr'>ex·</span> 
     </span>
     <span class='ocr_line' id='line_1_125' title="bbox 1251 2870 2137 2916; baseline 0.001 -11"><span class='ocrx_word' id='word_1_849' title='bbox 1251 2880 1377 2906; x_wconf 86' lang='lat' dir='ltr'>tortum</span> <span class='ocrx_word' id='word_1_850' title='bbox 1387 2870 1478 2914; x_wconf 71' lang='lat' dir='ltr'>supra</span> <span class='ocrx_word' id='word_1_851' title='bbox 1499 2870 1652 2905; x_wconf 86' lang='lat' dir='ltr'>dixerunt</span> <span class='ocrx_word' id='word_1_852' title='bbox 1665 2871 1735 2915; x_wconf 90' lang='lat' dir='ltr'>ejus</span> <span class='ocrx_word' id='word_1_853' title='bbox 1758 2874 1962 2908; x_wconf 85' lang='lat' dir='ltr'>accusatores</span> <span class='ocrx_word' id='word_1_854' title='bbox 1973 2897 1980 2905; x_wconf 91' lang='lat'>.</span> <span class='ocrx_word' id='word_1_855' title='bbox 2010 2873 2056 2906; x_wconf 88' lang='lat' dir='ltr'>Et</span> <span class='ocrx_word' id='word_1_856' title='bbox 2069 2883 2137 2916; x_wconf 85' lang='lat' dir='ltr'>per-</span> 
     </span>
     <span class='ocr_line' id='line_1_126' title="bbox 1250 2922 2135 2966; baseline 0.001 -12"><span class='ocrx_word' id='word_1_857' title='bbox 1250 2922 1300 2966; x_wconf 85' lang='lat' dir='ltr'>git</span> <span class='ocrx_word' id='word_1_858' title='bbox 1312 2935 1323 2955; x_wconf 92' lang='lat'>.·</span> <span class='ocrx_word' id='word_1_859' title='bbox 1349 2924 1500 2966; x_wconf 85' lang='lat' dir='ltr'>Rogamus</span> <span class='ocrx_word' id='word_1_860' title='bbox 1509 2930 1608 2955; x_wconf 83' lang='lat' dir='ltr'>autem</span> <span class='ocrx_word' id='word_1_861' title='bbox 1620 2923 1653 2956; x_wconf 69' lang='grc' dir='ltr'>ό*</span> <span class='ocrx_word' id='word_1_862' title='bbox 1663 2923 1852 2964; x_wconf 83' lang='lat' dir='ltr'>deprecamur</span> <span class='ocrx_word' id='word_1_863' title='bbox 1875 2923 2005 2963; x_wconf 82' lang='lat' dir='ltr'>vestram</span> <span class='ocrx_word' id='word_1_864' title='bbox 2014 2925 2135 2964; x_wconf 79' lang='lat' dir='ltr'>saplen-</span> 
     </span>
     <span class='ocr_line' id='line_1_127' title="bbox 1251 2971 2129 3018; baseline -0.001 -13"><span class='ocrx_word' id='word_1_865' title='bbox 1251 2977 1328 3005; x_wconf 76' lang='lat' dir='ltr'>tiam</span> <span class='ocrx_word' id='word_1_866' title='bbox 1347 2994 1358 3010; x_wconf 87' lang='lat'>,</span> <span class='ocrx_word' id='word_1_867' title='bbox 1385 2980 1420 3005; x_wconf 83' lang='lat' dir='ltr'>ut</span> <span class='ocrx_word' id='word_1_868' title='bbox 1439 2972 1533 3005; x_wconf 83' lang='lat' dir='ltr'>eidem</span> <span class='ocrx_word' id='word_1_869' title='bbox 1554 2971 1745 3017; x_wconf 79' lang='lat' dir='ltr'>religiofifflmo</span> <span class='ocrx_word' id='word_1_870' title='bbox 1770 2971 1915 3016; x_wconf 72' lang='lat' dir='ltr'>Episcopo</span> <span class='ocrx_word' id='word_1_871' title='bbox 1944 2971 2129 3018; x_wconf 83' lang='lat' dir='ltr'>suadeatis,</span> 
     </span>
     <span class='ocr_line' id='line_1_128' title="bbox 1249 3019 2129 3066; baseline 0.001 -12"><span class='ocrx_word' id='word_1_872' title='bbox 1249 3021 1396 3064; x_wconf 67' lang='lat' dir='ltr'>quatenus</span> <span class='ocrx_word' id='word_1_873' title='bbox 1418 3021 1555 3056; x_wconf 83' lang='lat' dir='ltr'>velociter</span> <span class='ocrx_word' id='word_1_874' title='bbox 1565 3023 1609 3054; x_wconf 87' lang='lat' dir='ltr'>ad</span> <span class='ocrx_word' id='word_1_875' title='bbox 1621 3019 1709 3065; x_wconf 86' lang='lat' dir='ltr'>suum</span> <span class='ocrx_word' id='word_1_876' title='bbox 1724 3033 1845 3066; x_wconf 84' lang='lat' dir='ltr'>gregem</span> <span class='ocrx_word' id='word_1_877' title='bbox 1868 3024 1966 3057; x_wconf 82' lang='lat' dir='ltr'>redire</span> <span class='ocrx_word' id='word_1_878' title='bbox 1981 3021 2129 3063; x_wconf 80' lang='lat' dir='ltr'>festinet,</span> 
     </span>
     <span class='ocr_line' id='line_1_129' title="bbox 1250 3069 2127 3114; baseline 0.001 -10"><span class='ocrx_word' id='word_1_879' title='bbox 1250 3076 1302 3114; x_wconf 78' lang='lat' dir='ltr'>qui</span> <span class='ocrx_word' id='word_1_880' title='bbox 1307 3071 1495 3112; x_wconf 70' lang='lat' dir='ltr'>periclitatur</span> <span class='ocrx_word' id='word_1_881' title='bbox 1505 3072 1545 3104; x_wconf 78' lang='lat' dir='ltr'>ab</span> <span class='ocrx_word' id='word_1_882' title='bbox 1557 3071 1689 3106; x_wconf 84' lang='lat' dir='ltr'>omnibus</span> <span class='ocrx_word' id='word_1_883' title='bbox 1713 3074 1837 3107; x_wconf 72' lang='lat' dir='ltr'>lacerari</span> <span class='ocrx_word' id='word_1_884' title='bbox 1850 3097 1860 3112; x_wconf 87' lang='lat'><strong>‚</strong></span> <span class='ocrx_word' id='word_1_885' title='bbox 1887 3073 1952 3106; x_wconf 69' lang='lat' dir='ltr'>cum</span> <span class='ocrx_word' id='word_1_886' title='bbox 1961 3072 2062 3106; x_wconf 84' lang='lat' dir='ltr'>nullus</span> <span class='ocrx_word' id='word_1_887' title='bbox 2069 3069 2108 3111; x_wconf 79' lang='lat' dir='ltr'>fit</span> <span class='ocrx_word' id='word_1_888' title='bbox 2116 3095 2127 3110; x_wconf 90' lang='lat'>‚</span> 
     </span>
     <span class='ocr_line' id='line_1_130' title="bbox 1250 3117 2130 3164; baseline -0.001 -11"><span class='ocrx_word' id='word_1_889' title='bbox 1250 3125 1338 3163; x_wconf 5' lang='lat' dir='ltr'>quinci</span> <span class='ocrx_word' id='word_1_890' title='bbox 1352 3120 1648 3164; x_wconf 80' lang='lat' dir='ltr'>adeffepraevaleat,</span> <span class='ocrx_word' id='word_1_891' title='bbox 1673 3123 1854 3157; x_wconf 67' lang='lat' dir='ltr'>&amp;maxime</span> <span class='ocrx_word' id='word_1_892' title='bbox 1871 3117 2130 3164; x_wconf 77' lang='lat' dir='ltr'>festivitatesalu-</span> 
     </span>
     <span class='ocr_line' id='line_1_131' title="bbox 1251 3170 2131 3213; baseline 0 -9"><span class='ocrx_word' id='word_1_893' title='bbox 1251 3170 1343 3213; x_wconf 56' lang='lat' dir='ltr'>trifera</span> <span class='ocrx_word' id='word_1_894' title='bbox 1356 3172 1462 3205; x_wconf 65' lang='lat' dir='ltr'>saneti</span> <span class='ocrx_word' id='word_1_895' title='bbox 1484 3170 1551 3205; x_wconf 88' lang='lat' dir='ltr'>diei</span> <span class='ocrx_word' id='word_1_896' title='bbox 1565 3171 1730 3207; x_wconf 86' lang='lat' dir='ltr'>Paschalis</span> <span class='ocrx_word' id='word_1_897' title='bbox 1754 3178 1948 3211; x_wconf 79' lang='lat' dir='ltr'>imminente,</span> <span class='ocrx_word' id='word_1_898' title='bbox 1973 3176 2006 3203; x_wconf 83' lang='lat' dir='ltr'>in</span> <span class='ocrx_word' id='word_1_899' title='bbox 2019 3181 2079 3212; x_wconf 85' lang='lat' dir='ltr'>qua</span> <span class='ocrx_word' id='word_1_900' title='bbox 2095 3171 2131 3204; x_wconf 59' lang='grc' dir='ltr'>(ι’</span> 
     </span>
     <span class='ocr_line' id='line_1_132' title="bbox 1249 3217 2130 3266; baseline -0.003 -12"><span class='ocrx_word' id='word_1_901' title='bbox 1249 3228 1368 3264; x_wconf 79' lang='lat' dir='ltr'>propter</span> <span class='ocrx_word' id='word_1_902' title='bbox 1389 3219 1573 3264; x_wconf 81' lang='lat' dir='ltr'>catechismos</span> <span class='ocrx_word' id='word_1_903' title='bbox 1587 3246 1598 3263; x_wconf 91' lang='lat'><strong>,</strong></span> <span class='ocrx_word' id='word_1_904' title='bbox 1626 3224 1661 3256; x_wconf 67' lang='lat'>&lt;5</span> <span class='ocrx_word' id='word_1_905' title='bbox 1678 3231 1803 3266; x_wconf 82' lang='lat' dir='ltr'>propter</span> <span class='ocrx_word' id='word_1_906' title='bbox 1821 3234 1867 3256; x_wconf 88' lang='lat' dir='ltr'>eos</span> <span class='ocrx_word' id='word_1_907' title='bbox 1885 3226 1937 3263; x_wconf 84' lang='lat' dir='ltr'>qui</span> <span class='ocrx_word' id='word_1_908' title='bbox 1949 3219 2033 3262; x_wconf 67' lang='lat' dir='ltr'>digni</span> <span class='ocrx_word' id='word_1_909' title='bbox 2053 3217 2130 3264; x_wconf 78' lang='lat' dir='ltr'>sunt</span> 
     </span>
     <span class='ocr_line' id='line_1_133' title="bbox 1248 3268 2001 3317; baseline -0.003 -11"><span class='ocrx_word' id='word_1_910' title='bbox 1248 3269 1353 3317; x_wconf 60' lang='lat' dir='ltr'>fando</span> <span class='ocrx_word' id='word_1_911' title='bbox 1363 3270 1554 3315; x_wconf 76' lang='lat' dir='ltr'>Baptismate</span> <span class='ocrx_word' id='word_1_912' title='bbox 1566 3297 1576 3314; x_wconf 87' lang='lat'><em>‚</em></span> <span class='ocrx_word' id='word_1_913' title='bbox 1600 3280 1675 3314; x_wconf 86' lang='lat' dir='ltr'>opus</span> <span class='ocrx_word' id='word_1_914' title='bbox 1685 3272 1723 3313; x_wconf 82' lang='lat' dir='ltr'>est</span> <span class='ocrx_word' id='word_1_915' title='bbox 1737 3274 1802 3314; x_wconf 82' lang='lat' dir='ltr'>ejus</span> <span class='ocrx_word' id='word_1_916' title='bbox 1816 3268 1983 3315; x_wconf 77' lang='lat' dir='ltr'>praesentia</span> <span class='ocrx_word' id='word_1_917' title='bbox 1994 3292 2001 3302; x_wconf 77' lang='lat'><strong>·</strong></span> 
     </span>
    </p>

    <p class='ocr_par' dir='ltr' id='par_1_15' title="bbox 1253 3317 2131 3407">
     <span class='ocr_line' id='line_1_134' title="bbox 1302 3317 2131 3369; baseline -0.006 -12"><span class='ocrx_word' id='word_1_918' title='bbox 1302 3319 1487 3359; x_wconf 82' lang='lat' dir='ltr'>Eadem.de</span> <span class='ocrx_word' id='word_1_919' title='bbox 1496 3324 1591 3356; x_wconf 86' lang='lat' dir='ltr'>causa</span> <span class='ocrx_word' id='word_1_920' title='bbox 1607 3321 1700 3358; x_wconf 86' lang='lat' dir='ltr'>Ibam</span> <span class='ocrx_word' id='word_1_921' title='bbox 1719 3320 1805 3366; x_wconf 88' lang='lat' dir='ltr'>apud</span> <span class='ocrx_word' id='word_1_922' title='bbox 1828 3320 1903 3355; x_wconf 84' lang='lat' dir='ltr'>sein</span> <span class='ocrx_word' id='word_1_923' title='bbox 1915 3317 2131 3369; x_wconf 83' lang='lat' dir='ltr'>Qadragefi-</span> 
     </span>
     <span class='ocr_line' id='line_1_135' title="bbox 1253 3369 2131 3407; baseline -0.003 0"><span class='ocrx_word' id='word_1_924' title='bbox 1253 3383 1307 3407; x_wconf 86' lang='lat' dir='ltr'>ma</span> <span class='ocrx_word' id='word_1_925' title='bbox 1325 3372 1512 3407; x_wconf 81' lang='lat' dir='ltr'>accusatum</span> <span class='ocrx_word' id='word_1_926' title='bbox 1535 3383 1617 3407; x_wconf 82' lang='lat' dir='ltr'>mox</span> <span class='ocrx_word' id='word_1_927' title='bbox 1628 3382 1762 3406; x_wconf 81' lang='lat' dir='ltr'>evocare</span> <span class='ocrx_word' id='word_1_928' title='bbox 1781 3369 1890 3404; x_wconf 87' lang='lat' dir='ltr'>noluit</span> <span class='ocrx_word' id='word_1_929' title='bbox 1899 3369 2057 3403; x_wconf 88' lang='lat' dir='ltr'>Domnus</span> <span class='ocrx_word' id='word_1_930' title='bbox 2070 3370 2131 3404; x_wconf 83' lang='lat' dir='ltr'>Pa·</span> 
     </span>
    </p>
   </div>
   <div class='ocr_carea' id='block_1_10' title="bbox 306 3417 2130 3466">
    <p class='ocr_par' dir='ltr' id='par_1_16' title="bbox 306 3417 2130 3466">
     <span class='ocr_line' id='line_1_136' title="bbox 306 3417 2130 3466; baseline -0.002 -12"><span class='ocrx_word' id='word_1_931' title='bbox 306 3420 396 3454; x_wconf 70' lang='lat' dir='ltr'>stum</span> <span class='ocrx_word' id='word_1_932' title='bbox 411 3419 465 3460; x_wconf 90' lang='lat' dir='ltr'>Cy</span> <span class='ocrx_word' id='word_1_933' title='bbox 473 3418 584 3455; x_wconf 75' lang='lat' dir='ltr'>riuum</span> <span class='ocrx_word' id='word_1_934' title='bbox 595 3418 801 3455; x_wconf 83' lang='lat' dir='ltr'>calumnioso</span> <span class='ocrx_word' id='word_1_935' title='bbox 826 3418 927 3455; x_wconf 89' lang='lat' dir='ltr'>verbo</span> <span class='ocrx_word' id='word_1_936' title='bbox 941 3432 949 3453; x_wconf 71' lang='grc' dir='ltr'><strong><em>ε</em></strong></span> <span class='ocrx_word' id='word_1_937' title='bbox 975 3425 1053 3455; x_wconf 85' lang='lat' dir='ltr'>Cum</span> <span class='ocrx_word' id='word_1_938' title='bbox 1063 3427 1193 3457; x_wconf 79' lang='lat' dir='ltr'>veritate</span> <span class='ocrx_word' id='word_1_939' title='bbox 1252 3421 1392 3458; x_wconf 85' lang='lat' dir='ltr'>triarcha</span> <span class='ocrx_word' id='word_1_940' title='bbox 1404 3447 1415 3463; x_wconf 91' lang='lat'><strong>,</strong></span> <span class='ocrx_word' id='word_1_941' title='bbox 1440 3422 1494 3457; x_wconf 86' lang='lat' dir='ltr'>sed</span> <span class='ocrx_word' id='word_1_942' title='bbox 1510 3423 1611 3466; x_wconf 85' lang='lat' dir='ltr'>usque</span> <span class='ocrx_word' id='word_1_943' title='bbox 1632 3420 1703 3465; x_wconf 87' lang='lat' dir='ltr'>post</span> <span class='ocrx_word' id='word_1_944' title='bbox 1714 3417 1838 3453; x_wconf 87' lang='lat' dir='ltr'>Pascha</span> <span class='ocrx_word' id='word_1_945' title='bbox 1849 3418 1939 3453; x_wconf 88' lang='lat' dir='ltr'>dedit</span> <span class='ocrx_word' id='word_1_946' title='bbox 1959 3419 2110 3454; x_wconf 86' lang='lat' dir='ltr'>inducias</span> <span class='ocrx_word' id='word_1_947' title='bbox 2120 3442 2130 3451; x_wconf 87' lang='lat'><strong>.</strong></span> 
     </span>
    </p>
   </div>
   <div class='ocr_carea' id='block_1_11' title="bbox 306 3465 1195 3516">
    <p class='ocr_par' dir='ltr' id='par_1_17' title="bbox 306 3465 1195 3516">
     <span class='ocr_line' id='line_1_137' title="bbox 306 3465 1195 3516; baseline 0.003 -13"><span class='ocrx_word' id='word_1_948' title='bbox 306 3470 370 3505; x_wconf 77' lang='lat' dir='ltr'>dico</span> <span class='ocrx_word' id='word_1_949' title='bbox 382 3493 393 3511; x_wconf 90' lang='lat'>‚</span> <span class='ocrx_word' id='word_1_950' title='bbox 418 3479 484 3502; x_wconf 88' lang='lat' dir='ltr'>non</span> <span class='ocrx_word' id='word_1_951' title='bbox 494 3465 563 3513; x_wconf 85' lang='lat' dir='ltr'>sum</span> <span class='ocrx_word' id='word_1_952' title='bbox 584 3479 691 3504; x_wconf 82' lang='lat' dir='ltr'>memor</span> <span class='ocrx_word' id='word_1_953' title='bbox 704 3494 711 3502; x_wconf 90' lang='lat'>.</span> <span class='ocrx_word' id='word_1_954' title='bbox 738 3468 814 3512; x_wconf 81' lang='lat' dir='ltr'>Etfi</span> <span class='ocrx_word' id='word_1_955' title='bbox 828 3474 937 3505; x_wconf 80' lang='lat' dir='ltr'>vocavi</span> <span class='ocrx_word' id='word_1_956' title='bbox 961 3481 1026 3507; x_wconf 75' lang='lat' dir='ltr'>eum</span> <span class='ocrx_word' id='word_1_957' title='bbox 1037 3495 1048 3513; x_wconf 94' lang='lat'>,</span> <span class='ocrx_word' id='word_1_958' title='bbox 1074 3473 1195 3516; x_wconf 82' lang='lat' dir='ltr'>quando</span> 
     </span>
    </p>
   </div>
   <div class='ocr_carea' id='block_1_12' title="bbox 1256 3465 2132 3563">
    <p class='ocr_par' dir='ltr' id='par_1_18' title="bbox 1256 3465 2132 3563">
     <span class='ocr_line' id='line_1_138' title="bbox 1256 3465 2132 3563; baseline -0.006 -55"><span class='ocrx_word' id='word_1_959' title='bbox 1256 3473 1300 3508; x_wconf 89' lang='lat' dir='ltr'>Et</span> <span class='ocrx_word' id='word_1_960' title='bbox 1320 3474 1520 3508; x_wconf 86' lang='lat' dir='ltr'>Francorum</span> <span class='ocrx_word' id='word_1_961' title='bbox 1542 3471 1686 3517; x_wconf 85' lang='lat' dir='ltr'>Legatos</span> <span class='ocrx_word' id='word_1_962' title='bbox 1704 3491 1715 3510; x_wconf 87' lang='lat'>‚</span> <span class='ocrx_word' id='word_1_963' title='bbox 1739 3468 2070 3563; x_wconf 46' lang='lat' dir='ltr'>Constantinopolis?</span> <span class='ocrx_word' id='word_1_964' title='bbox 2087 3465 2132 3503; x_wconf 78' lang='lat' dir='ltr'>ad.</span> 
     </span>
     <span class='ocr_line' id='line_1_139' title="bbox 2008 3530 2082 3554; baseline 0 0"><span class='ocrx_word' id='word_1_965' title='bbox 2008 3531 2027 3554; x_wconf 93' lang='lat' dir='ltr'>u</span> <span class='ocrx_word' id='word_1_966' title='bbox 2058 3530 2082 3554; x_wconf 81' lang='grc' dir='ltr'>ι·</span> 
     </span>
    </p>
   </div>
  </div>
 </body>
</html>
