2340 3736
362 182 462 237 294

453 353 578 405 *AC
612 346 791 398 Tlo
871 346 1030 395 XIII.

358 512 443 546 Nter
479 508 683 544 Eunomium
719 502 1010 541 Nicomediensem
1054 499 1187 547 Episco-

380 572 458 604 pum
477 581 493 601 ,ν
525 557 695 602 Bithyniae
719 554 972 599 Metropolitam
997 567 1020 595 φ·
1045 561 1082 588 ac
1102 551 1186 587 inter

293 609 509 646 'Anastasium
534 609 710 643 Nicaenum
744 606 947 650 Episcopum
966 626 977 643 ‚
1012 602 1048 638 in
1070 601 1185 638 eadem

295 659 475 695 Provincia
496 658 747 701 Metropolitam
771 654 978 690 nominalem
1002 674 1014 695 ,
1041 662 1110 688 erat
1128 664 1184 688 an-

289 709 389 754 ἱτίιῑιιε
409 708 450 743 lis
469 708 511 743 de
538 706 699 752 potestate
717 705 959 750 metropolitica
986 727 998 745 ‚
1024 703 1183 751 quoniam

284 758 484 795 *Anastasius
496 759 600 792 secare
617 756 830 791 Provinciam
841 780 853 797 ‚
880 767 918 790 ac
929 755 995 789 sese
1006 754 1041 789 in
1069 764 1181 789 verum

291 810 395 844 unius
427 807 526 852 partis
558 806 809 851 Metropolitam
845 806 989 840 exaltare
1019 813 1178 839 tentarat.

292 858 391 894 'Hinc
409 858 585 893 Marciano
611 856 766 902 Augusto
789 867 901 900 preces
920 854 1044 890 obtulit
1069 855 1180 889 Euno-

293 910 384 944 mius
406 933 418 949 ,
442 907 569 952 questus
600 906 751 942 Ecclefiae
777 908 839 941 suae
873 906 960 940 avita
986 904 1178 950 privilegia,

291 959 452 994 Nicaenos
473 958 632 992 Canones
651 981 665 997 ,
689 956 859 999 antiquam
878 954 1155 990 consuetudinem
1167 978 1178 996 ‚

293 1007 599 1051 Ecclesiasticasque
617 1005 801 1050 imperiales
837 1006 957 1040 formas
979 1004 1118 1050 infringi
1136 1004 1178 1040 ab

293 1057 489 1098 Anastasio,
515 1057 549 1092 δε
570 1067 691 1101 rogans
711 1057 842 1090 causam
862 1057 952 1090 suam
974 1055 1111 1099 judicari
1121 1067 1178 1099 per

293 1105 470 1151 Synodum
490 1107 696 1150 praesentem.
723 1106 796 1140 Has
805 1116 912 1149 preces
933 1105 1000 1150 legi
1022 1104 1079 1139 sibi
1093 1105 1176 1149 juffit

291 1156 393 1192 Aetio
405 1155 533 1191 decima
546 1156 737 1198 tertia‚fasta
749 1155 849 1191 tertio
857 1155 1019 1190 Kalendas
1031 1155 1176 1190 Novem-

291 1207 385 1249 bres,
404 1206 515 1251 eisque
524 1206 646 1242 auditis
654 1205 787 1252 gloriofi
796 1204 918 1250 judices
929 1205 1060 1240 dixere:
1088 1207 1180 1249 ,Quid

293 1258 341 1290 ad
350 1257 416 1291 haec
423 1258 676 1298 reverendiffimur
698 1255 862 1298 Anastafius
876 1257 1008 1299 allegat?
1033 1255 1079 1289 Et
1089 1254 1176 1290 Ana-

287 1306 426 1341 stasius:
453 1306 608 1351 Accusavit
628 1318 696 1345 me,
719 1304 805 1350 quast
820 1317 870 1352 ego
881 1307 999 1348 aliquas
1021 1311 1174 1339 novitates

290 1358 512 1402 introduxiffem
535 1381 547 1397 ‚
572 1366 626 1391 aut
645 1358 818 1391 violentiam
837 1355 962 1398 fecerim
985 1379 993 1388 .
1019 1359 1118 1389 Unum
1137 1366 1174 1388 ex

291 1407 341 1440 bis
354 1432 364 1448 ,
391 1419 457 1450 quae
480 1409 574 1448 dicit,
601 1406 731 1448 ostendat
752 1431 760 1439 .
787 1410 853 1450 Ego
871 1414 973 1439 autem
994 1411 1174 1439 contrarium

289 1457 506 1498 monstraturus
536 1455 604 1500 sum
622 1481 635 1498 ,
671 1461 811 1499 quoniam
844 1455 977 1497 abripuit
1011 1455 1174 1489 Parocbias

283 1520 377 1541 meas
393 1532 403 1547 ‚
429 1509 465 1541 (9·
476 1508 571 1540 multa
580 1530 592 1545 ,
617 1516 686 1548 quae
698 1515 755 1538 non
768 1504 806 1539 eli
815 1503 988 1547 consuetudo
1001 1503 1106 1546 facere
1116 1510 1151 1538 N
1153 1512 1174 1539 i-

282 1555 494 1599 comedia-asem
507 1580 518 1597 ‚
541 1555 620 1597 fecit
638 1560 670 1588 in
693 1565 762 1595 me,
788 1555 824 1588 Θ
839 1553 940 1596 passus
954 1552 1023 1597 sum
1045 1553 1150 1597 ubique
1163 1579 1173 1595 ,

282 1607 456 1652 supplicans
486 1602 733 1648 Archi-Epifhopo
754 1628 766 1645 ,
791 1602 984 1637 Patriarchae
1011 1604 1175 1639 Constan-

283 1657 513 1700 tinopolitano
526 1679 537 1696 ,
563 1657 678 1697 &jura
700 1665 765 1688 mea
775 1658 944 1687 examinari
967 1652 1173 1699 depost-ems}-

285 1708 416 1742 cundum
436 1711 650 1749 antiquitatem
661 1706 696 1740 o·
714 1705 830 1751 regulas
841 1727 848 1737 .
877 1708 945 1739 Nec
956 1709 1035 1739 enim
1055 1716 1106 1751 ego
1118 1706 1171 1741 ali·

285 1759 366 1800 quido
376 1757 506 1799 amplius
521 1758 586 1791 volo
595 1782 603 1789 .

336 1807 482 1855 Qaestio
515 1817 584 1842 erat
605 1806 647 1841 de
680 1806 814 1843 civitate
849 1805 1148 1851 Bamonopolitana
1159 1830 1170 1847 ,

284 1869 357 1903 quae
377 1857 460 1892 olim
474 1880 485 1898 ,
510 1856 591 1892 ficut
602 1856 747 1892 Tasteus
768 1858 802 1891 ὅ(
815 1859 938 1899 Doris,
965 1857 1108 1892 Nicaenae
1120 1869 1171 1901 pa·

284 1907 408 1943 rochiae
417 1906 578 1951 oppidum
588 1907 692 1941 fuerat
705 1931 717 1947 ,
743 1907 761 1940 ὲ
775 1907 905 1951 Juliano
919 1907 1073 1951 Augusto
1085 1907 1170 1941 exal-

285 1965 353 1993 tata
365 1959 399 1992 in
411 1957 577 1992 civitatem
588 1981 599 1998 ,
626 1966 725 2001 atque
739 1958 785 1991 ita
804 1966 947 2000 coeperat
959 1955 1078 1991 habere
1090 1953 1167 2000 Epi-

276 2010 445 2052 scopum,
471 2007 513 2042 de
534 2018 598 2051 qua
619 2018 658 2041 re·
674 2007 722 2041 ita
746 2005 936 2042 Anastasius
959 2018 967 2037 z
1004 2011 1169 2049 Imperator

280 2060 431 2102 Julianus
444 2080 455 2096 ‚
478 2065 534 2090 out
544 2055 637 2100 nescio
657 2061 726 2098 quIs
735 2066 808 2091 ante
831 2069 916 2097 oum,
944 2055 1169 2099 Bafilonopolim

276 2109 356 2153 fecit
378 2113 555 2149 civitatem,
579 2108 612 2140 &⁸
631 2105 754 2150 sumens
776 2118 814 2140 ex
834 2111 946 2140 Nicaea
967 2107 1106 2140 curiales
1128 2106 1170 2139 ibi

281 2158 429 2201 constituit
441 2183 452 2199 ‚
477 2155 696 2201 &consuetudo
716 2168 752 2190 ex
773 2166 843 2192 tunc
867 2156 1009 2190 hadenus
1031 2155 1168 2199 observa-

281 2217 335 2243 tur
346 2233 355 2242 .
381 2206 548 2250 Etfiforte
560 2207 692 2249 defuerit
703 2211 735 2240 in
746 2206 941 2249 Bafilonopoli
951 2208 1083 2240 curialis
1096 2231 1107 2248 ,
1131 2208 1169 2241 de

283 2264 395 2293 Nicaea
404 2263 533 2291 nutritur
542 2257 584 2290 ibi
595 2282 606 2299 ,
632 2262 667 2294 ὁ·
679 2258 785 2291 rursus
801 2259 839 2292 de
849 2256 1041 2300 Bafilonopoli
1061 2268 1163 2292 trans·

277 2309 380 2353 fertur
390 2316 423 2342 in
433 2313 574 2342 Nicaeaem
585 2333 592 2340 .
621 2310 707 2351 ,ραι
717 2318 782 2341 cum
789 2307 987 2350 priusfuisset
998 2313 1075 2351 regio
1084 2330 1094 2346 ‚
1115 2316 1167 2349 po-

280 2359 343 2394 lieo
353 2364 463 2393 civitas
474 2358 575 2398 effecqa
588 2357 626 2398 est
637 2382 645 2390 .
672 2361 727 2391 Ex
738 2359 787 2391 illo
794 2357 980 2402 perspicuum
990 2357 1028 2398 est
1038 2358 1078 2391 ab
1090 2361 1167 2399 Epi-

276 2408 363 2454 {copo
386 2407 603 2449 Nicaenofuiffe
621 2407 728 2440 ibidem
739 2407 920 2451 Episcopum
943 2409 1112 2441 ordinatum
1133 2408 1166 2441 (9

281 2458 375 2504 semel
393 2461 428 2493 ὁ*
453 2456 600 2501 secundo.
626 2460 673 2489 Et
677 2455 749 2500 sunt
775 2457 915 2499 Epfflolae
927 2458 1007 2491 beati
1026 2461 1165 2503 Joannis

276 2508 428 2553 ‘Episcopi
447 2506 768 2549 constantinopolitani
791 2509 838 2540 ad
859 2512 1019 2540 Nlcaenum
1044 2506 1166 2550 Episco-

277 2568 355 2603 pum
378 2583 390 2599 ‚
414 2567 449 2592 ut
471 2564 527 2591 iret
549 2559 585 2592 Θ
604 2558 778 2591 emendaret
802 2555 954 2599 Ecclesiam
976 2580 988 2598 ‚
1013 2565 1166 2599 tamquam

279 2608 396 2651 fibimet
418 2616 644 2651 competentem-
674 2607 777 2642 Habeo
792 2608 914 2641 litteras
936 2608 981 2640 ad
990 2606 1085 2641 beatae
1106 2619 1164 2640 me-

283 2665 430 2694 memoriae
445 2659 598 2692 Proclum.
627 2657 749 2697 ostendo
759 2668 828 2701 ego,
856 2667 924 2700 quot
938 2659 1080 2691 &Nic-ea
1088 2658 1168 2691 ordi·

282 2716 350 2743 nati
368 2708 463 2753 sunt,
490 2710 525 2743 Θ
535 2707 665 2748 ‹fiendat
687 2710 852 2741 Eunomius
864 2719 977 2750 quoque
994 2716 1062 2750 quot
1074 2709 1093 2740 ἃ
1106 2711 1167 2740 Ni-

283 2761 410 2793 comedia
416 2758 489 2802 sunt
498 2759 629 2791 ordinati
643 2781 650 2789 .
676 2757 756 2792 Solo
766 2757 901 2791 nomine
912 2757 1164 2801 Metropolitam

284 2811 401 2844 fatetur
413 2811 443 2843 se
454 2808 644 2843 Anastasius
658 2830 669 2846 ,
695 2818 735 2841 ex
749 2806 832 2841 bino
843 2818 953 2841 tamen
977 2805 1165 2842 fundamen-

286 2869 325 2893 to
346 2861 482 2903 spestare
492 2857 532 2893 ad
546 2859 577 2892 se
587 2858 632 2891 ait
646 2856 924 2900 Basilonopolim.
952 2856 1065 2892 Primo
1076 2858 1165 2901 quod

286 2909 430 2953 Julianus
443 2907 613 2954 Augustus
633 2907 735 2950 ipsam
745 2918 785 2941 ex
796 2904 918 2950 oppido
945 2908 1113 2942 civitatem
1123 2907 1166 2942 fa-

284 2959 375 2992 ciens
401 2959 538 2993 voluerit
564 2959 687 3001 semper
696 2956 877 2999 dependere
893 2957 911 2991 a
924 2957 1037 2992 Nicaea
1057 2956 1166 3001 quoad

286 3008 462 3043 Curiam&
473 3008 620 3043 Curiales
631 3032 643 3048 ,
670 3006 827 3051 istamque
837 3008 977 3040 formam
1002 3007 1164 3041 admiserit

292 3058 394 3092 etiarn
416 3058 576 3101 Ecclefia3
604 3058 694 3092 Nam
715 3057 839 3100 primus
857 3056 926 3099 ejus
945 3057 984 3090 ἀ
1006 3057 1166 3091 secundus

286 3107 468 3151 Episcopus
480 3107 566 3140 fuere
577 3108 754 3142 consecrati
767 3108 785 3141 ἶι
808 3106 948 3141 Nicaeno
960 3131 967 3139 .
994 3106 1145 3142 Secundo
1156 3131 1166 3147 ,

286 3157 378 3201 quod
399 3157 497 3191 istum
523 3156 628 3199 ipsum
638 3157 782 3200 probarit
799 3158 903 3198 etiam
916 3157 1049 3192 sanetus
1070 3158 1167 3201 Joan-

288 3219 344 3241 nes
356 3206 606 3250 Chrysostomus
617 3206 804 3241 Patriarcha
824 3207 1166 3252 Constantinopolita-

289 3268 349 3290 nus
360 3258 395 3291 in
415 3257 532 3291 litteris
541 3255 720 3289 etiamnum
743 3256 945 3290 exstantibus
956 3257 995 3290 ad
1010 3258 1165 3292 Proclum

289 3306 489 3349 Episcopum
502 3307 537 3340 N
542 3309 677 3340 icaenum
691 3330 696 3336 .
723 3305 853 3349 Nempe
863 3307 880 3340 ὲ
892 3307 1039 3350 gloriosis
1051 3306 1166 3351 judici·

289 3355 352 3389 bus
371 3366 522 3399 rogatus,
552 3357 704 3400 ,Quomodo
717 3354 873 3395 monstrare
890 3363 1075 3397 promitteret
1086 3357 1164 3399 Rafi-

286 3406 427 3447 lonopolis
444 3405 662 3449 Eccltfiamsub
689 3410 797 3442 Nicaen
805 3405 872 3448 esse,
902 3408 1000 3439 utrum
1006 3406 1165 3450 secundum

291 3459 448 3495 Canones,
473 3467 515 3490 an
539 3467 577 3489 ex
587 3453 933 3500 aliqua‘consuctudine‚
959 3459 1166 3493 consuetudi-

928 164 1436 224 ‘Antrum-x

1245 263 1322 287 nem
1334 250 1520 287 Anastasius
1543 253 1700 292 adduxit.
1725 259 1776 295 Ita
1785 257 2037 297 Laudant-,ntem
2055 258 2119 296 E‘e‘-

1245 302 1375 337 clesiam
1396 326 1410 343 ,
1433 311 1532 345 quam
1552 314 1597 339 ex
1622 306 1782 349 parochias
1802 310 1971 347 Remenfis
1990 311 2118 356 oppido

1245 353 1411 388 civitatem
1421 352 1456 386 ἀ
1465 364 1507 387 ex
1519 351 1675 390 Plebania
1687 355 1912 403 Episcopalem
1928 360 2116 397 cathedram

1245 403 1365 438 fecerat
1391 403 1524 438 Sanetus
1555 402 1730 450 Remigius
1750 429 1762 446 ‚
1786 407 1935 445 Ecclesia,
1961 411 2117 447 Remensi

1243 464 1311 488 non
1323 452 1394 489 solo
1405 453 1649 498 metropolitico
1673 455 1742 498 jure
1756 480 1767 496 ,
1794 455 1848 491 sed
1857 459 1893 494 δε
1913 461 2041 503 speciali
2051 461 2117 496 ori-

1243 502 1344 548 ginis>
1359 501 1473 539 debito
1490 504 1634 546 subesse,
1658 515 1829 548 utramque
1847 507 1911 542 effe
1930 519 1967 543 ac
1991 512 2117 555 semper

1242 562 1373 589 manere
1382 552 1470 598 quasi
1481 554 1630 590 eamdem
1643 556 1820 590 Ecclesiam
1834 580 1845 598 ,
1869 568 1909 592 ac
1919 556 2118 596 Laudunen-

1242 603 1309 638 sem
1321 603 1519 648 Episcopum
1536 606 1599 640 effe
1610 605 1778 641 Remenfis
1799 606 1886 650 quasi
1905 605 2117 652 chorepisco-

1241 664 1319 703 pum
1329 655 1500 699 praetendit
1521 654 1722 692 Hincmarus
1731 657 1899 691 Remensis
1923 657 2118 702 Metropoli·

1241 713 1273 739 ta
1285 726 1297 745 ,
1322 703 1465 748 probans
1476 715 1518 739 ex
1529 706 1678 741 funiliob
1698 706 1834 741 similem
1845 708 1974 742 causam
1999 707 2118 752 depen-

1239 754 1352 790 dentia
1374 754 1525 790 Ecclefiae
1541 756 1737 791 Futfflenfis
1755 756 1797 791 ab
1816 757 2021 801 Hipponensi
2036 783 2043 790 .
2068 755 2118 793 Δὶ

1240 805 1326 840 istud
1337 804 1372 839 in
1380 805 1545 840 -Fussalam
1555 805 1604 849 jus
1613 817 1782 850 nunquam
1793 807 1961 851 praetendit
1982 809 2116 845 Sanetus

1241 854 1470 901 Augustinus,
1495 866 1556 892 nec
1565 856 1602 891 in
1611 857 1708 891 sacris
1733 857 1927 894 Canonibus
1937 856 2036 893 habet
2046 859 2119 893 fun·

1237 904 1427 940 damentum
1440 931 1448 940 .
2014 946 2018 950 .
2106 932 2109 935 >

1288 956 1333 990 Et
1347 954 1426 990 hinc
1451 955 1622 993 Anastasio
1638 956 1824 993 Eunomius
1850 959 2011 1003 reposuit:
2039 964 2114 994 Non

1235 1005 1328 1048 potest
1351 1005 1495 1047 ostendere
1506 1006 1672 1050 Anastafius
1693 1010 1917 1044 ordinationem
1938 1008 1973 1052 se
1987 1009 2088 1053 fecff
2099 1021 2114 1052 ,-

1239 1057 1321 1099 quod
1329 1055 1383 1098 etfi
1381 1054 1474 1099 semel
1475 1056 1551 1099 secu
1557 1065 1614 1100 per
1617 1055 1837 1101 subreptionem
1846 1084 1858 1100 ,
1877 1058 2042 1103 secundum
2055 1063 2117 1092 Ca-

1239 1117 1330 1140 nones
1344 1117 1529 1149 nequaquam
1538 1106 1820 1150 mihipraejudicaere
1826 1108 1919 1152 potest
1930 1134 1939 1144 .
1967 1108 2116 1145 Canoni-

1237 1154 1297 1190 bus
1307 1156 1354 1191 ait
1365 1156 1385 1190 a
1395 1157 1630 1192 consuetudine
1641 1169 1710 1192 non
1731 1161 1818 1203 posse
1826 1159 2000 1204 derogari,
2025 1157 2117 1194 ideo·

1237 1217 1301 1250 que
1310 1217 1352 1240 ex
1364 1205 1414 1241 his
1425 1231 1435 1248 ,
1446 1218 1514 1241 non
1525 1219 1567 1242 ex
1577 1207 1636 1242 ista
1646 1209 1861 1252 quaestionem
1871 1201 2094 1246 definiendam
2103 1223 2113 1243 ;

1239 1256 1282 1289 Et
1305 1254 1479 1293 Anastasio
1502 1260 1694 1301 reponenti,
1719 1263 1794 1294 Non
1814 1271 1887 1304 ego,
1906 1257 1965 1303 sed
1983 1261 2114 1303 Deceffor

1237 1318 1318 1340 meus
1324 1306 1421 1348 fecit,
1447 1306 1606 1344 reddidit:
1633 1310 1730 1343 Semel
1727 1309 1827 1352 fecit,
1851 1322 1894 1344 an
1907 1309 2112 1352 frequenter-²

1237 1359 1269 1389 si
1284 1355 1376 1399 J‘emel
1387 1357 1463 1400 fecit
1475 1382 1486 1398 ,
1501 1366 1558 1400 per
1574 1356 1809 1401 subreptionem;
1837 1361 1889 1394 vel
1907 1364 2031 1403 contigit
2045 1357 2113 1400 for-

1236 1407 1266 1440 t?
1279 1431 1287 1447 ,
1313 1414 1347 1440 ut
1359 1415 1429 1440 tunc
1449 1419 1508 1454 non
1515 1407 1635 1442 baberet
1659 1407 1836 1452 Episcopum
1846 1411 2009 1451 metropolis
2021 1412 2111 1446 Nico·

1235 1457 1358 1497 media,
1382 1457 1417 1490 Θ
1437 1458 1566 1501 indiguit
1590 1460 1612 1491 ἃ
1630 1463 1759 1493 Nicaeno
1774 1459 1866 1502 fierit
1891 1460 1973 1492 ‘Hinc
1998 1459 2111 1492 nullum

1235 1504 1311 1539 mihi
1316 1507 1528 1548 praeJ'udicium
1535 1506 1695 1550 secundum
1704 1510 1822 1554 regulas
1827 1517 2008 1554 generatur.
2037 1506 2108 1551 Pos-

1230 1554 1286 1597 sim
1297 1561 1375 1590 enim
1399 1567 1448 1600 ego
1458 1556 1615 1597 monstrare
1635 1561 1744 1591 multos
1755 1561 1776 1591 ἃ
1796 1561 1974 1594 Nicomedia
1989 1559 2110 1592 ordina-

1235 1614 1280 1638 tos
1293 1617 1302 1647 3
1329 1614 1361 1638 tu
1373 1609 1442 1641 vero
1453 1605 1542 1650 nescio
1544 1605 1575 1648 fi
1574 1608 1658 1649 poffis
1674 1609 1727 1641 vel
1731 1618 1822 1641 unum
1846 1608 1991 1650 offendere
2003 1633 2010 1640 .
2040 1605 2111 1641 Ad-

1235 1656 1354 1690 severat
1365 1656 1464 1691 etiam
1482 1656 1753 1692 consuetudinem
1773 1658 1944 1694 Anastasio
1967 1668 2037 1693 non
2048 1658 2111 1692 suf-

1235 1705 1351 1750 fragari
1361 1730 1368 1738 .
1398 1706 1443 1741 Et
1452 1706 1559 1742 revera
1572 1706 1762 1743 Amstafius
1770 1707 1875 1743 solum
1887 1708 2031 1753 primum
2050 1707 2111 1741 Ba-

1235 1756 1425 1800 silonopolis
1449 1757 1652 1802 Episcopum
1671 1757 1842 1794 ostendere
1858 1758 1969 1802 potuit
1989 1757 2112 1793 fuisse&

1233 1805 1372 1842 Nicaeno
1384 1808 1621 1842 consecratum.
1649 1807 1808 1842 Notanda
1819 1810 1894 1843 sunt
1913 1807 1982 1843 haec
1992 1807 2109 1842 Euno-

1233 1856 1291 1890 mii
1305 1856 1421 1891 verba:
1447 1857 1838 1901 Indiguithicaenofieri.
1865 1856 1973 1900 Ajunt
2000 1856 2108 1890 Nicae·

1234 1917 1311 1940 num
1322 1906 1414 1940 fuine
1436 1905 1603 1949 Bithyniae
1621 1906 1917 1942 Proto-Thronum
1930 1931 1941 1948 ,
1967 1904 2109 1951 ideoque

1234 1952 1381 1991 Ecclefiae
1403 1955 1664 1991 Nicomedienfis
1684 1956 1831 1991 vacantis
1855 1957 2051 1991 visitatorem
2073 1956 2108 1991 dt

1232 2006 1428 2047 Vicarium,
1455 2007 1494 2043 ὃς
1515 2004 1647 2051 quidem
1665 2028 1678 2045 ,
1703 2006 1753 2040 uti
1775 2006 1810 2039 in
1832 2005 1905 2039 aliis
1929 2004 2010 2040 hinc
2030 2007 2110 2040 inde

1230 2056 1295 2091 fuit
1317 2056 1524 2097 Provinciis,
1550 2067 1626 2091 cum
1651 2056 1810 2101 potestate
1824 2054 2004 2102 Episcopus
2029 2054 2109 2091 Pro·

1230 2106 1389 2141 vinciales
1404 2106 1636 2141 consecrandi.

1279 2155 1337 2190 Ad
1357 2155 1537 2191 secundum
1560 2156 1723 2192 Anastafii
1748 2156 1998 2193 fundamentum
2018 2179 2032 2195 ‚
2064 2167 2109 2191 ex

1229 2207 1337 2241 Sancti
1358 2207 1497 2252 Joannis
1518 2205 1750 2251 Chrysostomi
1769 2208 1960 2242 austeritate
1979 2207 2111 2241 desum-

1229 2267 1322 2301 ptum
1339 2281 1350 2298 ,
1378 2256 1565 2291 Eunomius
1587 2258 1686 2292 etiam
1697 2256 1864 2301 respondit
1885 2270 1893 2290 :
1921 2259 2006 2300 ,Quia
2027 2261 2108 2290 Ana-

1221 2305 1324 2349 stafius
1345 2312 1611 2341 excommunicavit
1647 2309 1776 2343 Clericos
1798 2307 2006 2351 Bafilonopolis
2032 2307 2107 2339 mihi

1223 2356 1371 2401 subJeHos
1396 2381 1408 2398 ,
1429 2358 1527 2400 pofflm
1547 2357 1693 2398 ostendere
1715 2384 1724 2393 .
1753 2357 1860 2398 Testem
1882 2369 1950 2391 voco
1964 2355 2106 2399 sancqtffi·

1227 2418 1309 2441 mum
1319 2419 1425 2451 magne
1437 2407 1701 2449 constantinopolis
1728 2405 2006 2449 Archi-Episcopum
2016 2429 2027 2446 ,
2052 2409 2105 2448 qui

1223 2455 1353 2500 suscepit
1359 2469 1406 2491 eos
1416 2479 1427 2495 ,
1453 2459 1487 2490 Gr
1497 2457 1633 2489 reddidit
1641 2462 1682 2490 eis
1693 2462 1917 2490 communionem
1925 2480 1932 2486 .
1959 2455 2004 2489 Et
2015 2453 2104 2488 Ana-

1229 2507 1323 2541 stasio
1347 2506 1541 2549 reponenti,
1566 2510 1640 2539 Non
1662 2508 1733 2540 vere
1753 2508 1827 2538 dicit
1844 2503 1991 2546 „denuo
2001 2503 2105 2539 reddi-

1228 2556 1300 2591 dit:
1327 2558 1375 2589 Do
1384 2555 1547 2598 Epistulam
1558 2557 1667 2589 Domni
1688 2553 1927 2598 Archi-Episcopi
1938 2580 1948 2596 ‚
1975 2555 2027 2588 ubi
2036 2555 2105 2587 red-

1229 2607 1310 2639 didit
1322 2611 1365 2640 eis
1375 2611 1604 2639 communionem
1615 2630 1626 2646 ,
1652 2608 1686 2641 (9¹
1696 2606 1748 2639 ubi
1756 2604 1898 2649 rescripfit
1923 2604 1977 2639 tibi
1989 2628 1999 2644 ,
2023 2605 2106 2647 quod

1225 2665 1327 2699 preter
1339 2655 1574 2698 Canonesfecisti
1587 2681 1594 2688 .
1623 2656 1748 2698 ostendo
1759 2660 1883 2690 Decreta
1905 2653 2105 2697 Bafilopolita·

1229 2718 1352 2748 norum,
1379 2706 1429 2740 ubi
1449 2715 1634 2750 rogaverunt
1660 2708 1700 2740 de
1715 2705 1878 2749 Episcopo.
1905 2704 2026 2746 Ostende
2044 2705 2102 2746 tu,

1227 2757 1277 2790 ubi
1286 2762 1460 2800 rogaverint
1471 2754 1633 2790 Nl'caenum
1643 2782 1654 2798 ,
1680 2765 1714 2792 ut
1724 2762 1767 2791 eis
1775 2755 1890 2801 faceret
1904 2753 2079 2798 Episcopum
2094 2778 2103 2786 .

1229 2807 1350 2841 Clerici
1371 2806 1721 2850 Basilonopolitaniob
1732 2806 1843 2841 nescio
1855 2816 1953 2850 quam
1972 2805 2102 2839 causam
2158 2827 2160 2832 ι

1226 2856 1267 2891 ab
1302 2857 1472 2891 Anastasio
1504 2857 1782 2892 excommunicati
1813 2863 2027 2900 provocarant
2059 2853 2102 2889 ad

1226 2908 1379 2941 Sanctum
1401 2906 1558 2942 Proclum
1581 2905 1799 2942 patriarcham
1822 2906 2105 2948 Constantinopo-

1226 2957 1365 2991 litanum
1380 2982 1390 2998 ,
1417 2958 1612 3001 fuerantque
1631 2956 1671 2992 ab
1691 2957 1752 2994 illo
1769 2957 1909 2991 absoluti
1921 2982 1932 2997 ,
1960 2956 2104 2998 increpa·

1226 3018 1276 3041 tus
1287 3017 1396 3042 autem
1409 3006 1593 3041 Anastasius
1606 3032 1616 3047 ,
1642 3016 1810 3052 tamquam
1821 3008 1879 3051 qui
1907 3006 1941 3040 in
1962 3005 2102 3040 alienam

1226 3058 1259 3090 &
1272 3068 1341 3091 non
1368 3057 1539 3100 subjeeiam
1554 3057 1730 3092 Ecclefiam
1750 3058 1870 3092 latrans
1880 3055 1966 3090 istud
1991 3052 2103 3090 convi-

1224 3108 1312 3140 cium
1327 3131 1338 3147 ,
1365 3107 1571 3151 peregrinum
1594 3106 1752 3150 judicium
1774 3107 1978 3146 attentasset,
2003 3108 2040 3138 ac
2050 3102 2102 3136 de·

1225 3156 1363 3200 liquisset
1376 3157 1411 3190 in
1433 3157 1562 3191 sextum
1575 3157 1748 3193 Cano'nem
1771 3159 1962 3192 Nicaenum.
1989 3153 2041 3187 Ex
2053 3149 2102 3184 hi-

1225 3207 1275 3241 sce
1288 3207 1397 3240 Sansti
1417 3205 1526 3241 Procli
1540 3207 1657 3243 litteris
1675 3208 1805 3249 lucere,
1836 3206 1924 3251 quod
1937 3202 2119 3243 Basilonoffi

1225 3257 1328 3300 polim
1351 3257 1468 3292 Nicaeae
1491 3269 1660 3300 nunquam
1686 3258 1890 3302 subjecissent
1908 3249 2101 3286 Patriarchae

1227 3307 1590 3349 constantinopolitani
1614 3331 1626 3347 ,
1649 3308 1788 3343 adseruit
1814 3302 2017 3340 Eunomius,
2043 3300 2101 3335 fla·

1227 3359 1335 3401 girans
1358 3356 1564 3393 Anastafium
1591 3359 1669 3403 cogi
1690 3358 1732 3392 ad
1758 3357 1838 3400 ipsas
1858 3349 2100 3397 producendas-

1225 3407 1368 3442 Addidit
1405 3407 1609 3452 Episcopalis
1645 3407 1827 3445 electionis,
1846 3403 2026 3437 Decretum
2059 3399 2105 3434 ab

1229 3457 1368 3493 Ecclesia
1381 3457 1678 3502 Basilonopolitana
1705 3464 1840 3490 vacante
1858 3462 2033 3538 §mquam
2059 3449 2101 3486 ad

1896 3513 2053 3544 icaenum,
