2340 3736
41 1662 114 1702 cap.
129 1674 174 1698 ιιι.

48 2965 121 3003 cap.
142 2974 188 2998 ιι.

465 180 570 224 De

212 267 326 306 ‘aarum
351 262 387 299 (³⁶
410 263 516 308 digitos
539 262 637 299 coium
664 259 734 303 fere
756 258 934 303 fregerunt,
958 257 1087 290 volentes

212 316 311 354 tollere
327 316 364 350 Φ*
384 312 486 347 thecas
509 323 624 351 eorum.
650 311 689 347 ln
713 308 854 355 generali
872 308 959 342 enim
982 309 1087 348 Syno-

212 365 260 400 do
279 365 414 409 quisque
438 362 619 407 Episcopus
638 371 742 397 unum
767 359 808 393 ad
838 357 946 391 minus
983 355 1085 389 Nota·

212 414 301 452 rium·
319 411 476 454 habebat.
505 412 656 448 Clamare
680 408 864 447 Orientales
873 406 1025 448 Episcopi
1038 406 1088 446 de-

213 464 354 506 buerant
372 465 472 498 etiam
491 463 644 497 adversus
670 460 800 501 tertium
822 458 932 492 locum
952 456 1085 498 Juvena-

213 513 255 549 lis
266 524 344 555 ante
360 515 536 549 Domuum
548 511 815 549 Antiochenum,
840 516 938 549 quem
948 503 992 538 ob
1004 503 1088 561 dicta

212 563 417 602 concordata
441 563 540 598 etiam
576 560 707 606 proprio
741 556 871 593 subdito
908 554 1088 611 P0sti’0su{t

213 611 416 655 Dioscorus,
442 614 557 657 utique
579 609 622 646 ad
642 618 750 653 preces
770 606 952 651 Juvenahs,
978 617 1014 638 in
1030 616 1089 648 prr-

213 671 270 705 ina.
304 663 462 709 Ephefina
487 660 623 704 Synodo
645 655 727 692 ‘non
753 657 879 693 confufi
905 656 1025 700 garrire
1048 654 1089 688 de

213 714 412 760 Apostolico
439 713 600 753 canone,
636 707 814 752 mandante
831 703 1089 741 .Antiochenum

214 766 442 810 OEpiscopum,
465 758 636 806 quomodo
655 759 674 796 ,a
695 758 853 793 Romano
866 781 876 796 ,
902 755 947 790 ita
969 755 988 788 ὸ.
1008 756 1090 789 Hie-

216 815 458 858 rosolymitauo
477 809 576 855 dirigi
599 809 634 845 ἀ
656 808 810 852 judicari.
838 805 1008 850 Ejusmodi
1018 816 1092 853 prcc-

212 854 318 911 ‘stigiis
335 854 530 901 'ambitiosos
551 859 731 907 Episcopos
750 859 785 892 in
806 860 892 892 suam
918 856 1090 890 factionem

215 915 394 950 Dioscorus
415 908 606 948 seducebat.
627 908 718 942 Nam
739 906 925 942 Thalassius
942 914 1009 940 erat
1035 917 1092 939 nu·

214 975 272 1010 per
288 961 438 996 aProclo
458 960 563 1000 SanCti
583 959 731 995 Flaviani
745 956 956 993 Anteceffore
976 966 1092 990 contra

213 1014 371 1054 Canones
391 1023 432 1046 ex
452 1011 538 1045 laico
557 1007 726 1044 ordinatus
746 1007 991 1045 Caesareensium
1016 1006 1093 1050 Epi-

208 1064 353 1107 scopuS,
378 1059 519 1108 ideoque
547 1059 712 1101 columna·
729 1069 799 1094 nou
821 1057 950 1102 penitus
975 1057 1092 1091 immo-

212 1112 310 1155 bilis.

263 1163 303 1196 T
303 1161 383 1197 ertia
405 1160 536 1206 quaestio
565 1160 612 1199 est
634 1185 645 1202 ,
681 1157 851 1205 quomodo
881 1156 1092 1192 Theodosius

213 1210 386 1258 Augustus
407 1213 606 1252 Dioscorum
617 1211 766 1248 invitarit
776 1208 817 1247 ad
828 1208 1000 1252 Synodum
1012 1218 1089 1241 cum

212 1263 328 1298 decem
348 1261 572 1305 Metropolitis
595 1262 655 1301 suae
668 1257 857 1301 Dioeceseo's
867 1283 879 1300 ‚
903 1258 938 1297 in
950 1268 1014 1301 qua
1027 1258 1093 1291 fue·

211 1322 290 1347 runt
311 1311 386 1346 solae
407 1311 462 1348 sex
483 1310 687 1347 Provinciae?
721 1310 856 1349 Etenim
875 1307 966 1350 juxta
987 1306 1092 1341 Nicae-

211 1372 277 1397 nos
299 1360 456 1397 ,Canones
476 1360 589 1396 eadem
622 1358 799 1398 Provincia
827 1357 946 1396 habere
979 1357 1091 1402 nequit

210 1411 321 1456 plures
339 1410 591 1455 Metropolitas.
611 1409 811 1454 Respondeo
830 1409 912 1444 alios
923 1410 985 1442 effe
1004 1418 1094 1451 pote=

212 1461 317 1503 state,
342 1461 411 1496 alio
429 1461 501 1496 solo
521 1460 656 1495 nomine
685 1460 720 1497 &
742 1458 869 1494 honore
900 1457 1093 1501 Metropoli-

213 1518 285 1552 tas,
310 1511 345 1545 &
368 1511 428 1546 uni
448 1510 629 1549 Provinciae
654 1510 794 1559 potuisse
817 1510 885 1543 esse
907 1506 1092 1551 hujusmodi

211 1560 335 1606 plures.v
359 1560 519 1604 Bythinia
543 1562 635 1595 enim
668 1569 777 1604 praeter
804 1558 1093 1598 Nicomediensem

213 1610 330 1650 habuit
340 1611 514 1647 Nicaenum
532 1612 567 1647 &
589 1609 890 1645 Chalcedonensem
905 1635 913 1643 .

262 1661 384 1704 Neque
405 1661 534 1695 tantum
557 1661 721 1704 Iuvenalis
739 1659 774 1692 &
798 1658 985 1694 Thalaffius
1002 1684 1014 1700 ,
1041 1656 1094 1691 sed

217 1720 317 1744 omnes
338 1733 350 1750 ,
376 1709 486 1753 inquit
507 1708 678 1744 Liberatus
700 1710 869 1745 Diaconus
895 1733 907 1749 ‚
932 1709 1097 1750 Metropoli·

214 1765 284 1793 tani
294 1758 508 1802 Episcopicum
522 1757 586 1802 suis
597 1759 733 1796 conciliis
756 1760 845 1797 fuere
867 1758 908 1792 ad
921 1758 1095 1802 Synodum

212 1808 347 1842 invitati
367 1830 375 1839 .
401 1807 560 1842 Notanda
582 1817 693 1842 tamen
720 1807 765 1841 est
797 1806 925 1841 laudata
954 1806 1096 1851 superius

213 1858 257 1892 ad
277 1857 409 1892 Sacram
432 1857 596 1892 Dioscoro
617 1857 771 1894 dir-estam
794 1855 981 1893 subnotatio
1005 1868 1012 1888 :
1039 1860 1098 1889 Eo-

212 1909 281 1943 elem
304 1917 401 1942 tenore
415 1906 558 1950 scriptum
577 1907 615 1948 est
618 1908 648 1950 J
651 1907 773 1940 uvenali
783 1907 1012 1949 reverendtffimo
1021 1910 1098 1948 Epi-

214 1956 299 2001 scopo
319 1955 588 2000 Hierosolymorum.
615 1955 813 1991 Notandum
826 1957 870 1991 est
891 1957 1002 1990 omitti
1027 1958 1096 1992 Do-

213 2017 330 2042 muum
351 2006 601 2042 Antiochenum
619 2032 625 2039 .
652 2007 756 2041 Causa
770 2006 898 2041 videtur
915 2006 1031 2051 colligi
1054 2018 1096 2042 ex

217 2057 316 2091 sacra
337 2057 377 2091 ad
409 2058 597 2093 Barsumam
621 2055 924 2091 Archimandritam
958 2057 1096 2091 diresta.

214 2105 357 2146 Nostram
375 2108 525 2139 Pietatem
545 2107 634 2139 latere
655 2117 712 2140 non
728 2101 826 2147 potuit
850 2130 861 2145 ,
885 2114 918 2140 in
938 2107 1020 2149 quali
1038 2106 1098 2149 fint

215 2161 374 2188 certamine
399 2154 542 2195 constituti
564 2163 621 2197 per
654 2159 805 2188 Orientem
841 2156 1030 2198 religiofiffimi
1065 2157 1099 2189 Θ

211 2203 381 2249 sanc‘liffimi
405 2203 653 2238 archimandrita
675 2230 686 2245 ‚
709 2212 764 2248 pro
780 2204 841 2247 fide
863 2204 1004 2238 catholica
1024 2205 1098 2237 labo-

215 2262 323 2286 rantes
336 2278 347 2293 ,
372 2253 405 2286 (Ὗ
420 2252 561 2296 quosdam
582 2252 739 2295 Epiftopos
766 2259 798 2287 in
815 2254 984 2290 civitatibus
997 2260 1099 2289 Orien-

216 2309 258 2337 tis
284 2302 444 2344 constitutos
466 2303 653 2343 Nestorianae
674 2301 818 2346 baereseos
826 2310 990 2346 participes
1012 2318 1098 2339 aver-

217 2351 323 2397 santes
337 2377 348 2392 ,
374 2353 567 2386 collaborante
587 2358 680 2388 etiam
700 2352 859 2388 orthodoxo
872 2355 981 2397 populo
993 2354 1098 2400 eisdem

218 2402 421 2452 religiqfiffimis
446 2402 698 2437 Archimandritis
721 2428 728 2434 .
757 2403 800 2436 Et
821 2402 862 2439 de
878 2398 1001 2440 'horum
1022 2407 1098 2449 Epi-

217 2453 392 2500 scoporum
430 2453 610 2489 dodiiffimo
636 2452 856 2491 Theodoreto
884 2455 1017 2497 Cyrensi
1054 2457 1097 2489 ait

217 2503 315 2540 Sacra,
336 2503 468 2540 Divalis
489 2503 528 2536 ad
554 2503 754 2540 Dioscorum
767 2529 774 2535 .
803 2507 878 2537 Ante
899 2505 954 2537 hac
974 2503 1099 2538 Theodo-

217 2562 315 2589 retum
336 2551 513 2596 Episcopum
536 2556 601 2592 Cyri
622 2558 755 2588 civitatis
774 2559 968 2596 praeceplmus
990 2554 1098 2598 insan-

218 2602 300 2635 llam
309 2603 449 2642 Synodum
465 2605 585 2636 minimi?
609 2609 784 2644 convenire,
810 2605 897 2637 donec
907 2605 943 2637 de
954 2616 1006 2645 eo,
1032 2617 1098 2648 quae

216 2653 407 2694 placuerint,
439 2653 561 2690 ‚synodus
588 2650 694 2697 sanc‘la
735 2653 885 2697 constituat
910 2666 916 2686 :
955 2654 1098 2699 Aversati

218 2712 286 2735 eum
308 2725 319 2741 ‚
346 2706 413 2743 quia
433 2701 519 2745 ausus
542 2701 580 2743 est
599 2702 734 2745 proferre
757 2710 906 2739 contraria
929 2704 976 2737 his
997 2730 1006 2745 ,
1034 2717 1098 2747 quae

220 2749 380 2794 conscripsit
405 2752 441 2787 de
457 2751 518 2794 fide
536 2750 651 2797 sanc‘lae
672 2761 818 2788 memoriae
839 2755 961 2793 cyrillus
974 2756 1098 2789 Alexan-

221 2802 319 2834 drinae
351 2803 496 2843 quondam
525 2809 660 2836 civitatis
700 2803 861 2848 Episcopus
884 2829 889 2835 .
930 2804 1099 2850 Qosdam

219 2850 368 2885 Nestorii
388 2852 552 2888 sectatores
573 2864 771 2894 conaturos,
799 2865 835 2888 ut
856 2855 995 2889 omnino
1018 2856 1095 2889 adsit

221 2901 360 2944 Synodo
389 2925 399 2941 ‚
438 2902 566 2936 mandat
596 2915 649 2946 per
684 2904 885 2941 Dioscorum
917 2907 1098 2949 compesci.

222 2950 330 2987 Addit
365 2950 536 2987 Liberatus
568 2954 738 2989 Diaconus
769 2966 778 2986 ;
816 2955 901 2988 Ibam
924 2956 1098 2998 Edeffenum

223 2999 402 3043 Episcopum
424 3024 434 3039 ,
469 3013 504 3036 ne
523 3005 628 3041 synodo
652 3006 756 3047 adesset
778 3029 788 3045 ‚
823 3013 880 3047 per
898 3005 994 3046 filium
1010 3004 1097 3049 ficum

222 3049 438 3093 Chrysaphium
459 3058 491 3087 in
513 3054 621 3086 multas
633 3053 787 3096 mansiones
807 3054 951 3093 Eutyches
964 3057 1034 3097 jam
1057 3068 1096 3089 re·

222 3102 337 3144 legarat
364 3102 450 3135 exilio
468 3127 475 3132 .
504 3101 546 3135 Et
565 3102 644 3137 hine
667 3104 800 3149 quidam
822 3104 1008 3140 existimant
1032 3107 1095 3141 Do-

224 3161 339 3185 mnum
362 3151 460 3183 etiam
483 3150 731 3188 Antiochenum
756 3154 975 3190 Patriarcham
996 3180 1006 3196 ,
1032 3167 1096 3190 om-

224 3199 343 3242 nesque
378 3199 445 3244 ejus
467 3201 643 3245 Episcopos
664 3229 674 3244 ,
702 3215 867 3246 tamquam
891 3216 960 3241 reos
981 3206 1099 3249 spreto-

225 3260 299 3283 rum
321 3249 548 3292 Capitulorum
574 3252 677 3285 Sandii
704 3253 841 3298 Cyrilli,
871 3255 904 3288 &
926 3257 1012 3297 pacis
1030 3256 1093 3288 vio-

225 3299 343 3333 latores
355 3309 452 3342 atque
474 3298 625 3335 haereseos
641 3301 843 3338 Nestorianae
867 3304 1099 3341 resuscitatores

226 3349 320 3387 fuisse
332 3349 429 3383 etiam
443 3348 461 3381 ὲ
475 3349 610 3392 Synodo
622 3363 676 3394 per
687 3350 871 3395 Principem
883 3355 1029 3388 exclusos
1046 3380 1052 3389 .

279 3396 326 3435 At
348 3398 423 3432 illos
445 3400 514 3432 falli
527 3400 627 3443 liquet
651 3412 690 3435 ex
710 3400 822 3438 litteris
832 3401 1038 3439 Theodoreti
1060 3404 1096 3437 ad

55 3452 143 3492 Epist.
165 3455 207 3485 16.
230 3445 382 3484 Irenaeum
405 3448 492 3490 Tyri
526 3449 774 3496 Metropolitam
794 3475 800 3482 .
841 3455 914 3484 Non
938 3454 1021 3487 modo
1044 3464 1100 3486 non

226 3493 350 3543 sedatur
370 3497 504 3541 Ecclefiae
520 3501 648 3545 procella
668 3525 678 3542 ,
698 3499 757 3544 sed
772 3499 942 3543 fastigiatur
967 3526 978 3542 ,
1003 3510 1036 3538 ut
1056 3504 1099 3536 ita

641 176 1230 222 Laraocruro
1300 171 1785 224 Ernesruol

1897 187 1955 233 55

1150 257 1269 295 dicam,
1295 255 1330 287 (ar
1349 260 1382 293 in
1404 265 1539 287 cacumen
1558 258 1720 294 attollitur,
1747 261 1898 290 Venerunt
1922 267 2021 296 autem

1149 309 1184 341 6*
1203 311 1254 349 qui
1278 306 1421 343 synodum
1439 315 1620 347 convocant,
1646 310 1680 341 Co·
1698 314 1880 346 evocatorias
1904 309 2020 342 litteras

1148 358 1211 389 tum
1238 356 1308 389 aliis
1341 352 1517 398 quibusdam
1538 357 1774 401 Metropolitanis
1795 383 1805 398 ,
1843 359 1905 390 tum
1930 359 2022 398 nostro

1148 404 1399 449 Hierapolitano
1409 406 1611 445 reddiderunt.
1640 409 1824 445 Litterarum
1829 410 1916 450 porro
1927 418 2024 443 exem-

1144 458 1229 499 plum
1249 458 1294 489 ad
1313 466 1341 489 te
1363 453 1442 498 misi.
1469 454 1514 494 Et
1526 466 1566 489 ex
1589 454 1704 489 litteris
1728 458 1768 491 ad
1780 460 1952 492 Domuum
1966 457 2024 491 Pa-

1147 505 1320 541 triarcham
1343 504 1613 544 Antiochenam.
1640 506 1758 548 cessasse
1777 510 1871 548 tristia
1885 507 2024 551 speravi·
2045 522 2193 565 Epist,m‚

1148 569 1235 598 mus,
1261 558 1324 597 ciam
1337 556 1509 599 indicaffint
1529 555 1613 591 nobis
1634 556 1761 596 quidam
1782 559 1954 597 exstinoqam
1976 558 2026 601 effe

1148 607 1270 640 victoris
1301 611 1494 649 Imperatoris
1524 603 1800 647 pufillanimitatem
1820 631 1831 646 ,
1852 608 2027 651 fallamque

1149 663 1228 690 inter
1248 656 1344 700 ipsum
1372 658 1406 690 &
1429 660 1491 690 Deo
1513 655 1681 702 cariffimum
1702 654 1880 699 Epifi·opum
1905 660 2029 692 Flavia-

1151 718 1221 739 num
1242 708 1503 746 reconct‘liatIonem
1526 730 1537 746 ,
1570 717 1605 744 ac
1625 707 1730 745 synodi·
1750 708 1871 749 quidem
1892 718 2028 746 convoca÷

1152 763 1258 790 tionem
1280 756 1346 798 defit·
1368 769 1383 790 e
1404 780 1415 795 ,
1452 754 1642 797 Ecclefiarum
1663 758 1737 790 vero
1757 765 1862 799 pacem
1895 759 2028 800 redtiffe.

1151 809 1211 841 sed
1227 818 1295 850 quae
1314 808 1398 841 modo
1421 809 1442 839 ἃ
1456 806 1620 843 5am‘7itate
1639 816 1693 840 tua
1707 805 1823 849 scripta
1841 806 1937 851 sum,
1960 821 2031 851 gra-

1152 862 1227 891 viter
1246 868 1300 891 nos
1321 857 1544 897 contristarunt.
1575 856 1668 890 Nihil
1688 863 1768 895 enim
1789 857 1857 891 bom
1879 870 1915 890 ex
1933 858 2031 895 coaHa

1151 909 1260 946 synodo
1281 906 1450 951 exspec‘lare
1474 907 1540 941 licet
1562 930 1572 946 ,
1600 905 1658 948 nist
1671 906 1832 949 misericors
1861 911 2006 944 Dominus
2020 933 2031 949 ,

1148 956 1238 1001 solita
1257 967 1343 991 utens
1361 959 1557 1000 providentia
1576 981 1588 996 ‚
1613 956 1845 997 turbulentorum
1865 959 2033 996 daemonum

1153 1007 1304 1042 machinas
1326 1007 1456 1048 destruat
1476 1033 1483 1039 .
1531 1007 1643 1049 Infelix
1668 1014 1772 1041 anima
1794 1020 1860 1041 mea
1875 1006 2033 1052 suspirat,

1152 1060 1285 1101 lugetque
1304 1081 1316 1101 ‚
1341 1057 1422 1091 nibil
1441 1056 1617 1101 exspellans
1640 1058 1707 1095 boni
1728 1084 1734 1091 .
1762 1063 1871 1101 Neque
1890 1064 1968 1096 enim
1990 1066 2035 1092 in-

1146 1107 1237 1150 situm
1258 1114 1290 1141 in
1311 1109 1460 1147 duodecim
1481 1109 1629 1151 capitibus
1651 1119 1796 1142 venenum
1817 1119 1925 1143 norunt
1943 1134 1954 1149 ,
1982 1115 2035 1152 qui

1153 1159 1280 1196 aliarum
1296 1156 1370 1200 sunt
1398 1156 1580 1201 Dioeceseon3
1601 1157 1753 1201 sedes'us,
1777 1166 1828 1201 qui
1837 1160 1890 1192 illa
1896 1158 2033 1203 scrtpfit,

1158 1208 1326 1247 claritatem
1336 1208 1525 1241 attendentes
1537 1231 1548 1247 ,
1575 1208 1653 1240 nihil
1662 1206 1809 1249 finiar-um
1824 1208 2014 1255 suspicantur
2025 1233 2033 1241 .

1154 1262 1201 1298 Et
1226 1263 1277 1301 qul
1299 1259 1363 1305 ejus
1382 1257 1450 1300 sedi
1468 1256 1611 1300 succedit,
1637 1264 1736 1296 omnia
1756 1283 1767 1298 ,
1793 1266 1893 1300 opinor
1915 1268 2012 1296 movet

1155 1318 1189 1348 ut
1202 1310 1302 1344 altera
1321 1309 1428 1347 synodo
1445 1309 1500 1346 illa
1518 1307 1686 1350 confirmet,
1712 1307 1817 1342 Pleno
1841 1310 1960 1343 mentis
1978 1309 2041 1341 ime

1156 1369 1232 1404 petu
1244 1358 1354 1394 suadet
1367 1358 1608 1406 impediendam
1634 1358 1848 1402 capitulorum
1863 1360 1894 1391 in
1908 1357 1967 1392 hac
1978 1359 2038 1402 Sy-

1160 1408 1250 1443 nodo
1274 1408 1541 1451 approbationem
1556 1433 1567 1449 ,
1587 1409 1622 1442 &
1642 1410 1747 1454 pergit
1759 1434 1766 1440 .
1794 1412 1847 1441 Ex
1860 1412 1914 1441 Dei
1934 1421 2038 1441 aman-

1155 1460 1262 1503 tiffimis
1271 1457 1426 1502 Episcopis
1451 1470 1495 1492 eos
1504 1458 1681 1501 considerare
1708 1467 1818 1501 oportet
1839 1459 2041 1491 sanititatem

1155 1517 1239 1547 tuam
1256 1533 1268 1550 ,
1293 1514 1344 1551 qui
1361 1507 1496 1552 ejusdem
1506 1508 1582 1552 sunt
1600 1509 1760 1553 sententia·
1782 1534 1792 1550 ‚
1819 1507 1920 1552 eosque
1938 1508 2037 1551 profe-

1154 1559 1261 1592 Hionis
1283 1564 1399 1595 comites
1419 1559 1559 1592 adbibere
1584 1584 1590 1590 .
1617 1564 1710 1601 Atque
1730 1571 1769 1594 ex
1795 1559 2043 1598 reverendiffimt's'

1156 1609 1277 1644 clericis
1288 1621 1335 1642 eos
1348 1633 1359 1649 ‚
1386 1615 1438 1651 qui
1448 1610 1568 1642 tuendae
1574 1616 1702 1651 pietatis
1717 1610 1778 1643 zelo
1794 1611 1923 1652 praediti
1939 1607 2013 1651 sunt
2026 1632 2037 1648 ‚

1155 1668 1189 1699 ut
1211 1661 1275 1694 neti
1288 1658 1448 1698 domesticis
1472 1659 1538 1701 ipsi}
1547 1661 1664 1700 proditi
1686 1659 1738 1699 vel
1748 1658 1853 1700 facere
1870 1660 1987 1701 aliquid
1996 1670 2039 1691 co-

1153 1720 1285 1753 gamur,
1311 1710 1392 1751 quod
1413 1712 1474 1742 Deo
1491 1708 1693 1752 universorum
1716 1707 1888 1751 displiceat,
1919 1709 1970 1742 vel
1984 1708 2039 1751 soli

1158 1759 1251 1792 relu‘lt·
1273 1759 1312 1791 ab
1344 1757 1471 1799 hostibus
1491 1765 1558 1800 capi
1583 1758 1679 1800 facile
1699 1761 1829 1803 poffimus
1853 1784 1859 1790 .
1899 1763 1969 1792 Haec
1989 1770 2040 1802 ego

1155 1809 1256 1855 procul
1275 1807 1384 1850 positus
1396 1834 1406 1849 ,
1434 1809 1534 1842 dolens
1554 1820 1589 1843 ac
1609 1811 1712 1852 lugens
1729 1807 1824 1851 scribo
1837 1833 1847 1848 ,
1872 1811 1906 1842 &
1918 1819 2041 1841 commu-

1160 1870 1227 1891 nem
1249 1862 1409 1893 Dominum
1433 1858 1573 1899 obtestor,
1600 1869 1633 1892 ut
1644 1859 1753 1898 tristem
1768 1858 1845 1897 hanc
1856 1858 1959 1891 nubem
1981 1856 2044 1900 dis-

1155 1907 1259 1951 solvat
1284 1932 1294 1949 ,
1333 1910 1367 1943 (Ὗ
1388 1917 1500 1950 puram
1536 1907 1619 1940 nobis
1640 1908 1832 1951 serenitatem
1869 1911 2016 1952 largiatur
2030 1933 2039 1940 .

1162 1958 1529 2001 UtrumqueDioicori
1545 1957 1678 1991 oculum
1705 1958 1902 1991 existimavit
1927 1957 2042 1992 insola

1150 2007 1312 2050 Capitula
1324 2007 1456 2051 vigilare
1468 2032 1477 2047 ,
1506 2008 1708 2051 nimiumque
1725 2008 1841 2052 satagit
1863 2007 2042 2042 humanam

1161 2057 1400 2100 providentiam
1427 2056 1564 2100 Synodo
1590 2057 1797 2093 commiscere
1824 2070 1831 2096 ς
1872 2057 1981 2091 Etiam
2006 2059 2044 2096 in,

1159 2108 1223 2141 alia
1236 2107 1415 2142 Dioscorus
1434 2105 1639 2140 collimabat.
1669 2107 1806 2140 Constat
1830 2108 1958 2140 interim
1972 2107 2044 2140 Do-

1162 2168 1278 2191 mnum
1303 2168 1340 2190 ac
1371 2155 1440 2200 ejus
1462 2155 1692 2200 Metropolitas
1718 2157 1858 2197 omnino
1880 2156 1971 2191 fuisse
1996 2156 2038 2190 ad

1161 2205 1333 2249 Synodum
1345 2206 1475 2244 ivitatos
1487 2230 1494 2237 .
1521 2203 1706 2255 Qomodo
1721 2217 1786 2239 non
1801 2207 1956 2242 invitatus
1972 2208 2041 2241 Do-

1162 2267 1255 2290 mnus
1268 2254 1437 2299 Synodum
1459 2254 1609 2294 accedere
1631 2255 1891 2299 praesumpfiffet?
1921 2258 1973 2289 De
1985 2256 2041 2291 lba

1161 2306 1323 2343 Edeffeno
1333 2330 1343 2345 ‚
1373 2315 1472 2349 quem
1485 2304 1578 2348 plene
1589 2305 1768 2345 absolverat
1780 2304 1931 2347 synodus
1943 2306 2042 2349 Bery-

1161 2356 1256 2390 tensis
1278 2380 1289 2396 ‚
1315 2355 1486 2389 Liberatus
1512 2354 1654 2389 fallitur:
1683 2354 1761 2397 Ejus
1784 2357 1886 2398 prima
1910 2356 2043 2391 damna-

1160 2405 1208 2439 tio
1231 2428 1242 2444 ‚
1267 2416 1306 2438 ex
1330 2416 1393 2448 qua
1420 2414 1503 2445 natae
1528 2414 1578 2440 tot
1600 2405 1798 2440 calamitates
1819 2410 1832 2446 ·‚
1861 2407 1923 2440 suit
1948 2405 2044 2450 hujus

1162 2455 1326 2489 latrocinii
1339 2450 1420 2498 opus
1435 2480 1442 2489 .
1827 2451 1830 2454 ’
1999 2453 2002 2457 ”

1209 2505 1291 2539 Haec
1302 2503 1508 2540 Theodoreti
1523 2506 1640 2548 verba,
1667 2507 1783 2550 Ceffitsse
1801 2507 1920 2547 tristitia
1938 2506 2042 2549 spera-

1161 2561 1283 2596 vimus,
1310 2556 1416 2590 lucem
1426 2556 1589 2598 accipiunt
1601 2569 1643 2590 ex
1653 2558 1736 2590 sacra
1753 2557 1861 2590 Divali
1886 2556 1926 2589 ad
1939 2558 2044 2599 Syno÷

1161 2604 1239 2640 dum
1264 2631 1271 2639 .
1300 2608 1451 2649 ,Quoniam
1476 2606 1648 2646 beatiffimus
1672 2605 1836 2649 Episcopus
1867 2609 2042 2645 Flavianus

1162 2657 1263 2698 aliqua
1288 2657 1324 2688 de
1340 2654 1448 2698 sanda
1457 2656 1520 2700 fide
1540 2668 1656 2689 movere
1676 2659 1770 2694 voluit
1790 2657 1936 2690 adversus
1960 2667 2042 2689 reve-

1161 2707 1356 2746 rendtffimum
1379 2705 1654 2741 Archtmandritam
1694 2706 1842 2744 Eutychen
1865 2730 1874 2745 ,
1911 2708 1944 2739 (9⁶
1967 2711 2043 2739 Con-

1161 2759 1259 2788 cilium
1278 2767 1452 2799 congregans
1475 2757 1577 2798 aliqua
1597 2763 1683 2798 coepit
1704 2768 1788 2799 agere
1810 2768 1820 2799 3
1848 2768 1897 2788 nos
1922 2757 2041 2798 quidem

1157 2804 1270 2851 saepius
1290 2807 1448 2849 dirigentes
1481 2807 1525 2840 ad
1544 2808 1676 2841 eumdem
1709 2807 1896 2846 beattffimum
1921 2803 2041 2848 Episco-

1158 2865 1231 2899 pum
1255 2880 1266 2895 ,
1293 2857 1439 2892 voluimus
1462 2880 1472 2895 ,
1499 2867 1564 2898 quae
1584 2866 1665 2888 mota
1689 2855 1726 2896 est
1745 2881 1755 2897 ,
1794 2854 2041 2891 conturbationem

1161 2904 1356 2948 compescere,
1379 2904 1515 2950 persuasi
1526 2905 1655 2948 sufficere
1679 2907 1761 2939 nobis
1784 2906 1928 2940 traditam
1942 2904 2039 2947 asam

1160 2955 1214 2989 c‘lt's
1237 2955 1380 2989 Patribus
1402 2961 1434 2990 in
1460 2960 1592 2991 Nicaena
1606 2957 1712 2995 synodo
1736 2955 1916 2988 catholicam
1924 2955 2039 2996 fidem.-

1162 3008 1264 3048 ‚Quam
1300 3007 1334 3039 t&
1348 3004 1458 3048 sanila
1489 3007 1615 3044 Synodus
1638 3031 1648 3047 ,
1675 3018 1741 3048 quae
1764 3011 1796 3037 in
1816 3004 1933 3047 Epheso
1949 3005 2040 3047 fac‘la

1161 3056 1198 3095 est
1212 3079 1222 3095 ,
1247 3054 1448 3096 confirmavit.
1475 3054 1579 3090 Addit
1592 3058 1685 3090 Sacra
1696 3055 1825 3089 Divalis
1848 3055 1888 3091 ad
1901 3055 2041 3089 Diosco-

1161 3117 1251 3139 rum.
1280 3109 1364 3146 Eos,
1391 3111 1442 3147 qui
1455 3107 1573 3147 aliquid
1586 3114 1639 3149 per
1661 3107 1897 3143 additamentum
1919 3105 2043 3146 aliquod

1162 3164 1213 3188 aut
1234 3159 1466 3187 imminutionem
1488 3160 1584 3189 conati
1602 3154 1674 3198 siant
1700 3156 1813 3195 dicere,
1835 3164 1950 3199 praeter
1972 3165 2039 3195 quae

1158 3203 1228 3247 sunt
1250 3203 1377 3245 expofita
1399 3205 1436 3238 de
1452 3203 1515 3247 fide
1535 3204 1686 3242 catholica
1704 3206 1724 3240 a
1732 3204 1848 3248 sanc'lts
1871 3202 2011 3238 Patribus
2026 3226 2040 3246 ,

1161 3260 1211 3299 qui
1232 3259 1263 3286 in
1275 3258 1404 3293 Nicaea,
1433 3255 1467 3288 Θ
1487 3253 1666 3295 postmodam
1675 3261 1726 3300 qui
1746 3261 1779 3288 in
1790 3252 1907 3296 Epheso
1927 3264 2040 3297 congre·

1160 3301 1327 3348 gatisunt,
1355 3304 1467 3338 nullam
1478 3307 1592 3337 omnino
1613 3306 1754 3347 fiductam
1763 3312 1795 3337 tn
1814 3301 1922 3346 sanc‘la
1931 3304 2038 3343 synodo

1164 3354 1268 3388 babere
1284 3359 1439 3396 patimur.
1467 3354 1552 3402 Qis
1564 3365 1633 3391 non
1655 3352 1761 3390 videat
1774 3352 1923 3396 profanas
1944 3353 2038 3392 hasce

1165 3405 1272 3437 Sacras
1303 3403 1494 3446 compositas
1516 3405 1578 3437 effe
1598 3406 1615 3437 a
1639 3402 1830 3445 nequiffimo
1857 3402 2037 3446 Eutychia-

1165 3453 1270 3486 nista?
1294 3451 1485 3490 Admittunt
1506 3452 1572 3486 sola
1595 3451 1877 3497 CyrilliCapitula
1901 3454 2037 3495 &Sym-

1164 3503 1276 3539 bolum
1296 3502 1491 3546 Nicaenum,
1523 3503 1601 3540 faeta
1625 3513 1679 3550 per
1689 3501 1858 3549 Synodum
1877 3502 2038 3537 Constan-

1907 3562 1991 3591 1:an-
