2340 3736
586 86 673 129 AD
709 83 1000 127 Sruonuu
1035 81 1645 129 CH-ALCEDONENSEM.

268 171 424 206 dentem.-
461 176 527 217 Ego
548 176 579 204 in
602 169 785 213 Baptisma‚
814 170 865 204 seu
902 170 937 203 in
974 168 1145 203 Nicaenum

265 222 459 263 Symbolum
473 224 505 256 in
520 222 714 264 Baptismate
727 221 813 265 exigi
827 221 1019 254 consuetum
1031 243 1040 259 ‚
1053 219 1148 257 credo,

264 271 405 314 Epistola·
418 281 516 305 autem
530 282 586 304 non
601 269 770 314 subscribo.
802 271 844 304 Et
867 270 1015 315 gloriosis
1035 268 1148 312 judici-

265 320 324 355 bus
338 321 529 365 rogantibus
543 346 551 360 ,
577 323 653 354 Cum
664 319 816 364 piissimus
828 321 919 360 noster
930 324 1093 362 Imperator
1114 318 1148 351 ⁴&

262 370 565 414 magnificentissirms
585 373 702 412 judices
725 372 759 404 (θ’
778 369 992 413 amplissimum
1003 371 1146 402 Senatum

261 422 307 453 ad
316 433 369 455 vos
382 420 544 461 destinavit
554 446 564 461 ‚
586 421 753 464 promzfistis
776 432 833 452 non
856 420 1054 452 contradicere
1064 417 1124 449 ‘his
1135 442 1145 456 ,

262 469 471 514 quaewisanc‘Ja
490 473 597 509 synodo
615 473 844 515 promulgantur
857 493 868 509 ,
894 480 986 511 quare
1013 474 1103 512 igitur
1115 472 1147 500 in

256 519 400 564 praesemt
423 533 479 554 non
498 519 691 564 consentitis?
719 518 858 562 reposuit
888 519 956 562 pari
978 517 1146 561 impuden-

261 571 306 604 tia
321 585 331 604 .-
359 574 439 605 Tunc
453 583 506 603 nos
517 574 602 605 locuti
613 569 714 614 fhmus
720 574 751 614 J
753 568 888 602 udicibus
901 570 935 603 δ’
945 571 1067 601 senatui
1079 593 1089 608 ,
1111 568 1145 601 (θ’

259 622 342 653 intus
354 627 500 654 intrantes
520 626 691 664 rogavimus
703 623 935 660 Imperatorem,
962 626 994 651 ut
1016 617 1079 651 haec
1101 620 1143 656 Sy-

259 672 350 703 nodus
372 672 555 715 confirmaret
571 670 665 712 fidem
685 677 875 702 trecentorum
895 671 993 702 decem
1028 670 1062 702 (9
1084 668 1144 700 οᾶο

260 723 408 759 Parrum,
432 727 463 753 in
477 720 695 763 quabaptizati
715 717 840 762 sumus,
869 721 930 751 una
951 730 1015 751 cum
1039 718 1144 758 defini-

259 777 337 804 tione
348 796 357 811 ,
385 782 451 813 quae
469 768 506 802 ab
518 767 582 811 ipfis
597 769 739 802 Patribus
750 770 834 810 apud
843 767 994 812 Ephesum
1016 768 1143 810 definita

259 820 315 861 qst.
345 819 486 862 Judicari
498 818 601 853 voluit
614 831 654 853 ex
670 819 740 853 solo
752 819 892 853 Nicaeno
906 817 1085 862 Symbolo‚
1108 818 1142 852 ὅ(

258 868 628 913 Constantinopolitana
651 869 716 912 ejus
734 869 959 904 additamenta
971 867 1083 903 haberi
1107 879 1141 901 ut

257 930 313 963 per
325 917 519 961 Ephesinam
531 919 701 963 Synodum
720 920 893 953 damnata.
922 919 1142 952 Pertinaciarn

255 968 406 1002 admirati
429 971 462 1003 ἃ
477 969 614 1003 miserati
640 970 772 1014 gloriosi
796 969 918 1012 judices
940 969 1013 1003 sunt
1033 968 1143 1002 denuo

247 1012 470 1053 interlocuti.-
506 1022 590 1063 ,Quia
621 1019 838 1063 Divinissimus
861 1024 1027 1060 Imperator
1055 1018 1144 1059 noster

251 1074 323 1110 pius
334 1068 393 1110 est,
417 1071 450 1103 6·
461 1081 513 1103 nos
527 1076 719 1103 intentionem
733 1072 798 1111 ejus
805 1068 955 1113 sequimur
969 1094 979 1109 ‚
989 1068 1118 1111 fivultis
1135 1093 1144 1108 ,

254 1120 395 1152 inducias
415 1121 538 1152 duorum
560 1130 614 1152 aut
635 1125 727 1152 trium
748 1122 864 1152 dierum
890 1121 934 1153 ad
954 1121 1143 1173 cogitandum

202 1200 210 1208 ,
255 1174 376 1209 accipite
388 1171 400 1212 (
410 1169 461 1203 hoc
470 1176 548 1202 enim
569 1180 601 1203 ut
612 1170 695 1203 vobis
707 1171 906 1209 concedatur,
920 1160 988 1202 noir
1005 1175 1140 1211 petimus

249 1216 390 1261 sanctam
400 1221 564 1260 synodum)
587 1231 619 1254 ut
633 1226 827 1264 recogitantes
841 1218 1049 1262 confefhionem
1070 1218 1142 1262 san-

254 1267 364 1301 aarum
376 1271 505 1301 Parrum
513 1268 677 1312 sequamini
687 1295 694 1302 .
720 1270 764 1303 Et
778 1280 901 1303 rursum
915 1267 1054 1302 reddidit
1065 1280 1144 1302 con-

251 1328 367 1351 tumax
387 1317 599 1352 DorOtheus:
634 1324 672 1352 In
690 1319 754 1361 fide
769 1328 928 1360 permaneo
948 1328 1142 1351 trecentorum

253 1369 349 1401 decem
359 1370 394 1402 (ν
408 1369 467 1401 οέῖο
480 1371 606 1401 Parrum
621 1393 631 1408 ,
657 1375 690 1401 in
701 1379 759 1411 qua
772 1370 806 1402 et
818 1368 992 1409 baptizatus
1004 1366 1070 1411 sum
1088 1393 1097 1408 ‚
1109 1371 1143 1402 o·

253 1423 286 1450 in
298 1418 463 1461 definitione
475 1418 623 1461 Ephefina
636 1441 646 1460 ,
668 1421 702 1452 <²5
713 1419 798 1451 aliud
805 1419 923 1460 aliquid
933 1430 991 1450 non
1002 1419 1074 1451 dico.
1100 1419 1143 1452 Et

252 1468 321 1510 ejus
350 1469 476 1514 collega
486 1469 646 1503 Carosus:
678 1473 731 1502 Hic
738 1467 825 1512 sum,
849 1469 927 1510 quid
946 1469 1017 1510 opus
1028 1467 1142 1500 habetis

253 1520 328 1550 duos
338 1526 392 1550 aut
411 1528 472 1551 tres
495 1520 559 1552 dies
576 1518 718 1561 sustinere
735 1520 750 1550 ,ἕ
777 1521 854 1552 Ecce
865 1518 970 1559 modo,
990 1517 1022 1560 fi
1043 1519 1140 1551 vultis

253 1569 371 1609 aliquid
374 1568 476 1609 facere
487 1593 498 1608 ,
519 1569 691 1611 potestatem
702 1568 818 1602 habens
831 1593 838 1600 .
867 1569 981 1616 Qare
1007 1568 1047 1602 de
1059 1569 1066 1601 i
1071 1569 1143 1611 pso-

252 1628 326 1651 rum
338 1620 538 1653 correctione
549 1619 750 1662 desperantes
761 1619 893 1662 gloriosi
918 1618 1042 1661 judices
1065 1630 1142 1652 con-

251 1667 415 1701 cluserunt
428 1667 626 1703 Afflonem:
654 1673 678 1701 Α
692 1667 802 1712 [αηόἵα
811 1670 918 1707 synodo
930 1667 1066 1708 formula
1090 1670 1142 1702 da-

250 1717 343 1749 bitur.
372 1718 424 1750 Ex
434 1729 500 1761 quo
514 1718 600 1752 vides
612 1718 773 1764 gloriosos
781 1718 902 1761 judices
923 1719 1018 1752 fuisse
1030 1729 1136 1752 meros

250 1766 458 1810 judicialium
468 1769 685 1802 Decretorum
697 1769 791 1802 testes
801 1769 835 1802 δε
847 1778 1037 1802 executores
1048 1793 1059 1809 ‚
1073 1769 1140 1803 fine

250 1815 318 1849 ulla
330 1814 478 1857 judiciali
491 1818 650 1860 potestate
662 1843 669 1849 .

299 1866 412 1913 Qare
423 1866 652 1901 Alexandrum
676 1867 822 1902 Ecclesiae
833 1866 1135 1912 Constantinopoli·

248 1925 331 1950 tanae
342 1915 570 1960 Presbyterum
593 1918 626 1951 ὃς
649 1917 890 1958 Circuitorem,
917 1919 971 1952 seu
995 1919 1139 1953 visitato-

248 1975 318 2000 rem
330 1989 341 2006 ,
367 1965 406 2000 ad
419 1966 607 2010 Principem
620 1967 739 2011 legavit
750 1968 902 2010 Synodus
912 1993 921 2008 ,
950 1975 1139 2013 rogaturum

249 2016 330 2058 quid
343 2015 384 2049 de
395 2015 613 2059 pertinacibus
635 2017 809 2052 monachis
833 2018 971 2061 placeret
994 2020 1055 2053 suae
1069 2019 1138 2052 Ma-

249 2064 369 2108 iestatis
379 2090 386 2096 .
416 2065 601 2100 Visitatoris
611 2067 756 2102 officium
768 2067 921 2102 describit
934 2069 1068 2111 antiqua
1084 2081 1141 2103 no·

250 2115 325 2148 titia
346 2114 547 2158 dignitatum
571 2116 719 2150 Ecclefiae
739 2117 1139 2160 Constantinopolitanae:

250 2163 390 2205 Vifitator
397 2166 588 2207 perambulat
599 2189 609 2205 ‚
635 2169 767 2209 &praeit
789 2172 826 2199 iis
839 2191 849 2207 ‚
875 2172 924 2209 qui
944 2167 1035 2209 fidem
1049 2168 1140 2200 ortho-

251 2215 364 2246 doxam
386 2217 554 2257 amplexum·
569 2214 660 2260 sunt.
699 2217 808 2250 Etiam
841 2216 1004 2259 Carosus,
1034 2218 1138 2251 Doro-

251 2263 348 2297 theus
359 2288 370 2303 ,
380 2264 412 2298 ὅτ,
425 2265 595 2299 Barsumas
606 2265 661 2300 fibi
677 2265 747 2311 ipsis
760 2278 826 2301 non
840 2266 971 2301 defuere
985 2292 992 2299 .
1021 2266 1140 2301 Acces-

251 2314 359 2347 serunt
376 2314 469 2358 &ipsi
497 2315 706 2360 Principem,
750 2316 923 2360 Synodum
950 2319 1138 2351 accusantes

251 2363 543 2407 praevaricationis‚
568 2367 784 2411 rogantesque
809 2378 883 2400 eum
903 2366 1032 2407 adeffe,
1059 2367 1139 2411 ipso-

249 2424 323 2447 rum
343 2425 419 2448 cum
442 2415 614 2459 Episcopis
632 2415 872 2459 disputationes
894 2417 1084 2451 auditurum
1105 2419 1138 2452 δε

252 2462 491 2506 judicaturum.
519 2465 645 2499 Verum
670 2477 736 2499 non
761 2466 869 2511 Reges
887 2465 929 2500 de
947 2466 1136 2511 Episcopis,

251 2512 307 2546 sed
321 2513 471 2557 Episcopi
481 2511 521 2546 de
534 2514 679 2558 Regibus
701 2514 820 2550 debent
844 2517 878 2550 in
900 2516 976 2550 fidei
999 2518 1136 2561 negotio

251 2562 415 2605 judicare.
463 2562 518 2596 Est
545 2563 741 2608 Evangelica
765 2565 874 2609 regula
910 2577 964 2608 per
986 2566 1135 2601 sanctum

249 2612 460 2646 Ambrofium
480 2612 607 2647 laudata
619 2638 626 2645 .
655 2614 707 2647 Ex
716 2614 831 2648 eadem
846 2613 1008 2649 haereticos
1029 2618 1062 2651 δε
1074 2629 1138 2651 tur-

250 2662 406 2696 bulentos
427 2662 608 2696 monachos
626 2675 686 2697 nec
710 2663 819 2699 videre
842 2664 947 2699 voluit
970 2664 1138 2710 Augustus

250 2713 441 2746 Marcianus
453 2735 463 2751 ‚
491 2712 543 2747 sed
557 2724 611 2756 per
624 2713 791 2747 laudatum
810 2712 1039 2757 Presbyterum
1064 2715 1137 2751 Ale·

253 2762 630 2805 xandrum&Joannem
652 2763 875 2798 Decurionem
898 2766 1079 2809 respondit:
1107 2770 1138 2800 5}

253 2812 399 2855 voluissem
419 2811 578 2858 egoscdere
590 2819 667 2846 inter
680 2825 734 2847 vos
758 2823 849 2856 atque
871 2815 943 2847 alios
963 2815 1117 2849 monachos
1129 2840 1139 2855 ‚

252 2863 287 2895 Θ
295 2863 398 2895 audire
411 2867 486 2895 inter
497 2861 628 2905 utrosque
639 2874 694 2896 vos
704 2888 715 2904 ‚
742 2875 799 2897 non
809 2863 1006 2907 bucsanc‘lam
1030 2868 1064 2900 <w
1075 2873 1137 2899 uni-

253 2911 399 2955 versalem
410 2914 551 2951 synodum
555 2911 722 2956 fatigaffem
738 2938 744 2945 .
773 2915 832 2946 sed
840 2926 903 2947 cum
917 2914 974 2958 ipss
976 2919 1137 2958 propterea

252 2961 432 3004 adfuiffi’nt,
459 2973 493 2994 ac
504 2974 556 2994 nos
566 2963 602 2995 de
623 2963 708 2996 vobis
733 2968 866 2997 certiores
881 2964 1016 3008 fecissent
1030 2991 1040 3006 ‚
1067 2967 1134 2999 dixi

251 3021 285 3044 ut
297 3014 331 3045 <st
341 3023 395 3043 vos
409 3012 540 3054 adeffitis
554 3034 564 3050 ,
586 3013 619 3045 <9⁴
639 3025 674 3047 ea
685 3025 754 3056 quae
778 3012 897 3057 nescitis
909 3015 1114 3059 cognosceretis
1127 3039 1138 3054 ,

250 3063 500 3104 &interrogando
519 3073 575 3102 ea,
611 3075 679 3104 quae
703 3074 760 3097 non
792 3063 876 3104 nostis
889 3090 900 3106 ,
926 3064 1074 3108 disceretis
1098 3066 1137 3099 ab

248 3117 311 3144 eis.
342 3115 373 3156 J
377 3110 467 3150 ustum
490 3116 577 3154 igitur
596 3114 804 3155 decrevimus,
829 3124 885 3147 vos
910 3118 954 3148 ad
975 3118 1138 3149 Concilium

248 3161 331 3194 abire
343 3185 350 3192 .
376 3164 462 3193 Nam
473 3162 624 3203 quidquid
642 3162 790 3204 definierit
796 3162 934 3207 fhnc‘lum
959 3167 1137 3210 &generale

248 3212 415 3243 Concilium
428 3235 439 3251 ,
464 3210 581 3245 &mihi
598 3218 631 3244 in
650 3211 769 3255 scriptis
791 3215 927 3254 dederit,
956 3227 991 3248 ea
1012 3214 1136 3258 sequor,

248 3264 288 3292 iis
299 3270 447 3293 contentus
455 3259 523 3304 fiam
534 3284 545 3300 ,
568 3267 610 3294 eir
618 3263 710 3304 fidem
721 3263 825 3296 habeo.
855 3266 905 3297 Ad
922 3264 972 3297 hoc
994 3265 1110 3298 habetis
1126 3290 1136 3306 ,

249 3320 300 3344 nec
311 3311 395 3345 aliud
403 3312 424 3344 ἂ
444 3323 491 3347 me
503 3309 672 3355 responsum
683 3318 819 3355 accipitis
831 3338 838 3346 .
866 3313 968 3361 Qod
979 3313 1137 3349 Christia-

1928 98 2025 141 269

1213 177 1256 199 no
1268 164 1419 209 Principe
1430 165 1650 209 dignissimum
1665 168 1799 204 verbum
1821 170 1988 215 insigniter
2006 184 2086 208 con-

1211 216 1397 251 firmavitin
1421 216 1532 249 nostra·
1555 218 1678 259 Synodi
1701 220 1945 256 confirmatorio
1967 223 2089 257 Edicto

1210 266 1250 301 ad
1272 266 1358 301 cives
1383 266 1791 308 Constantinopolitanos:
1819 272 1891 303 Vere
1913 278 2021 313 impius
2045 283 2090 306 ap-

1210 328 1264 359 que
1269 316 1429 361 sacrilegus
1445 315 1485 356 est
1498 340 1508 356 ‚
1533 323 1584 358 qui
1592 316 1652 356 post
1665 327 1706 349 tot
1732 318 1942 353 Chalcedone
1954 333 2089 365 congre-

1209 377 1359 410 gatorum
1383 364 1570 399 sacerdotum
1575 364 1753 408 sententiam
1764 376 1890 409 opinioni
1897 369 1958 412 fuce
1968 371 2084 413 aliquid

1209 414 1392 460 reservavit.
1419 416 1520 462 Quod
1534 416 1637 459 ipsum
1650 416 1781 450 verbum
1794 419 1915 453 eximie
1925 421 1958 453 ὅς
1970 420 2088 454 merito
2133 420 2138 427 “

1210 467 1343 507 laudat,
1371 479 1407 500 ac
1421 466 1602 510 justiniano
1615 465 1812 509 Augustoin
1831 469 1994 514 exemplat
2016 471 2090 515 figit

1211 491 1382 551 Facundus
1395 517 1573 560 Episcopus
1583 515 1845 550 Hermianensis.

1256 568 1387 615 Qibus
1410 566 1565 600 omnibus
1589 566 1677 599 lestis
1699 565 1888 606 &audltls‚
1915 567 2086 603 haerethOS

1205 617 1239 650 &
1253 618 1403 651 turbidos
1424 615 1606 650 monachos
1626 615 1709 658 apud
1732 614 1904 658 Synodum
1932 619 1970 652 de
1986 619 2088 654 tribus

1204 668 1366 700 accusavit
1379 666 1497 700 AEtius
1511 665 1795 700 Archi-Diaconus
1807 665 2087 711 Constantinopo-

1205 716 1344 751 litanus.
1371 717 1484 752 Primo
1497 740 1507 756 ‚
1533 714 1622 759 quod
1636 717 1831 749 Dioscorum
1843 715 1860 749 a
1873 717 2016 761 generali
2028 720 2090 760 Sy-

1208 766 1295 801 nodo
1317 766 1531 810 degradatum
1554 767 1654 800 essent
1678 767 1741 799 auli
1762 766 1959 809 Episcopum
1984 770 2090 810 appe!-

1207 819 1269 851 lare
1282 842 1289 850 .
1315 814 1466 851 Secundo*
1481 838 1491 854 ,
1518 815 1606 859 quod
1619 816 1768 849 eamdem
1780 815 1951 857 synodum
1975 828 2088 859 praeva-

1206 867 1372 902 ricationis
1384 866 1467 910 apud
1484 866 1672 909 Principem
1694 865 1897 900 infamassent
1910 891 1917 898 .
1944 867 2065 900 Tertio
2078 891 2088 906 ,

1205 918 1295 961 quod
1322 917 1509 961 Principem
1527 916 1545 949 a
1569 915 1709 960 publicis
1728 915 1859 959 Imperii
1881 916 1966 950 curis
1991 917 2092 950 devo-

1205 969 1323 1003 cassent
1346 967 1387 1002 ad
1408 964 1585 1001 audiendas
1606 967 1676 1000 suas
1698 978 1756 1010 pro
1768 965 1874 1000 haerefi
1895 965 2089 1009 disputatio·

1207 1031 1279 1053 nes.
1307 1019 1345 1051 ln
1368 1018 1454 1061 ipsos
1480 1017 1561 1062 legit
1583 1040 1593 1056 ‚
1619 1017 1652 1050 &
1673 1016 1862 1050 executioni
1889 1017 1971 1051 tradi
1997 1017 2092 1060 petiit

1205 1069 1460 1113 offituagesirnum
1472 1067 1604 1101 tertium
1626 1068 1659 1100 dc
1671 1067 1924 1110 octuagesimum
1939 1076 2088 1110 quartum

1208 1119 1363 1152 Cauones
1388 1140 1399 1156 ‚
1425 1118 1621 1151 mandantes
1647 1115 1865 1161 degradatum
1893 1117 2089 1161 Episcopum

1208 1168 1388 1202 ministerio
1417 1168 1447 1199 se
1469 1168 1695 1211 ingerentem,
1721 1167 1916 1201 &Clericos
1939 1167 1957 1199 a
1971 1166 2090 1211 proprii

1211 1218 1361 1262 Episcopi
1374 1216 1612 1250 communione
1633 1218 1666 1249 in
1681 1216 1959 1261 parasynagogam
1972 1217 2035 1250 sese
2049 1218 2092 1250 se-

1205 1269 1403 1312 questtantes
1429 1267 1578 1300 excidere
1601 1267 1695 1300 omni
1716 1268 1929 1309 reparationis
1960 1268 2031 1310 spe,
2056 1266 2090 1299 δε

1206 1329 1259 1361 per
1271 1318 1368 1351 laicas
1380 1316 1551 1360 potestates
1575 1318 1763 1358 compesci.
1790 1319 1872 1351 Sunt
1896 1328 2028 1360 quartus
2055 1317 2089 1350 &

1205 1369 1338 1411 quintus
1351 1367 1507 1401 Cauones
1520 1363 1726 1400 Antiocheni
1740 1378 1747 1399 z
1775 1366 1869 1399 Istius
1878 1368 1966 1399 enim
1980 1377 2090 1400 nume-

1206 1420 1229 1452 ri
1243 1419 1353 1452 locum
1380 1417 1534 1450 obtinent
1561 1416 1594 1450 in
1605 1415 1721 1450 codice
1747 1416 1926 1450 canonum
1939 1415 2087 1449 Ecclefie

1207 1469 1373 1502 universae.
1400 1467 1498 1500 Adeo
1510 1467 1644 1509 antiqua
1659 1465 1704 1500 est
1716 1465 1774 1499 ista
1786 1464 1940 1500 colledio
1952 1489 1963 1505 ,
1989 1477 2087 1507 quam

1205 1517 1342 1562 proinde
1354 1517 1552 1551 Hinctnatus
1563 1515 1925 1559 RemensisEpiscopus
1955 1526 2024 1549 non
2037 1527 2089 1559 pe-

1206 1568 1294 1603 nitus
1306 1567 1391 1600 male
1412 1566 1498 1601 dixit
1525 1565 1543 1599 ὲ
1566 1564 1712 1608 praesenti
1736 1565 1876 1609 Synodo
1897 1565 2086 1609 probatam.

1207 1621 1290 1653 Eam
1302 1616 1402 1660 aliqui
1416 1615 1605 1660 congestam
1617 1623 1733 1658 putant
1755 1616 1773 1648 a
1788 1613 1956 1658 Stephano
1980 1615 2087 1658 Ephe-

1205 1670 1326 1703 siorum
1338 1667 1504 1710 Episcopo
1521 1691 1531 1707 ,
1563 1665 1618 1709 qui
1631 1664 1769 1708 Synodo
1785 1664 1862 1698 huic
1874 1665 2020 1699 interfuit
2031 1690 2041 1705 ,
2052 1666 2087 1698 <Sc

1206 1720 1246 1754 de
1268 1721 1325 1753 suo
1352 1717 1550 1761 Episcopatu
1578 1726 1652 1749 cum
1672 1716 1823 1749 Baffiano
1850 1714 2011 1759 litigavit.
2039 1715 2088 1748 At

1204 1770 1361 1814 quoniam
1383 1768 1417 1801 in
1433 1765 1628 1801 Canonibus
1649 1765 2031 1808 constantinopolitanis
2053 1767 2087 1800 fi-

1206 1819 1314 1854 niebat
1341 1817 1517 1856 collectio,
1542 1814 1671 1850 videtur
1698 1815 1760 1850 effe
1789 1815 1972 1859 antiquior.
2016 1816 2087 1849 Cur·

1203 1871 1294 1904 enim
1316 1867 1498 1912 Epheflnos
1537 1867 1691 1901 Canones
1704 1864 1886 1909 Stephanus
1906 1865 2056 1898 omisisset
2072 1866 2088 1896 ἓ

1205 1922 1285 1954 Earn
1298 1927 1406 1953 tamen
1420 1916 1527 1950 fecisse
1539 1916 1647 1960 potuit
1659 1915 1767 1949 adhuc
1780 1914 1929 1949 Clericus
1941 1924 2017 1949 ante
2030 1917 2089 1958 Sy-

1203 1969 1328 2004 nodum
1351 1965 1566 2011 Ephefinam.

1252 2019 1434 2053 Insolentes
1448 2015 1610 2051 Monachi
1621 2013 1759 2059 synodo
1773 2026 1842 2049 non
1858 2014 1989 2049 aderant
2003 2039 2009 2045 .
2036 2014 2093 2048 Et-

1202 2071 1294 2103 enim
1315 2065 1483 2102 adversum
1504 2077 1619 2100 eorum
1640 2066 1785 2108 collegas
1810 2064 2031 2108 Calepodium
2057 2066 2091 2099 &

1204 2119 1403 2153 Gerontium
1415 2115 1497 2151 reste
1506 2116 1598 2159 supra
1610 2115 1694 2149 dixit
1718 2113 1895 2148 Anatolius
1911 2114 2090 2157 Episcopus

1204 2165 1596 2211 Constantinopolitanus
1626 2178 1632 2197 :
1660 2165 1742 2197 Olim
1763 2165 1903 2197 damnati
1925 2163 1999 2208 sunt
2019 2189 2029 2205 ,
2056 2166 2092 2198 (τ

1203 2230 1260 2252 non
1272 2220 1339 2252 licet
1349 2229 1394 2251 eos
1417 2223 1549 2250 intrare.
1579 2215 1622 2248 Et
1634 2216 1675 2248 ad
1701 2216 1835 2248 eunstos
1858 2213 1990 2258 gloriosi
2010 2213 2090 2256 judi-

1203 2280 1270 2302 ces:
1302 2266 1581 2300 contradicentibus
1594 2264 1770 2308 Epiftopis,
1796 2264 1886 2296 oblati
1907 2266 1927 2296 ἃ
1962 2265 2045 2297 vobis
2056 2265 2092 2298 li-

1201 2319 1269 2352 belli
1281 2317 1379 2352 relecta
1386 2315 1480 2360 sunt
1508 2315 1717 2350 Pertinacem
1727 2314 1928 2348 Haereticum
1955 2325 2023 2347 non
2037 2314 2092 2348 ad-

1204 2369 1291 2402 mitti
1306 2368 1348 2402 ad
1360 2367 1487 2410 Synod1
1500 2367 1730 2410 conspeitum
1756 2364 1801 2398 est
1824 2374 1916 2397 vetus
1940 2364 2090 2398 Ecclefiae

1203 2418 1339 2464 regula,
1364 2417 1454 2460 cujus
1467 2418 1608 2461 rigorem
1622 2416 1655 2448 in
1671 2414 1769 2448 hosce
1774 2406 1960 2447 monachos
1970 2414 2091 2447 servare

1205 2469 1375 2502 voluerant
1390 2465 1562 2511 Episcopi,
1589 2464 1718 2510 gloriosi
1727 2474 1837 2498 autem
1850 2464 1972 2506 judices
1981 2475 2023 2498 ex
2033 2463 2091 2498 bo-

1202 2530 1242 2552 na
1267 2518 1308 2552 de
1329 2518 1403 2559 ipsis
1428 2518 1481 2560 spe
1494 2510 1712 2560 persuaserant
1736 2514 2006 2558 dispensandum.
2034 2515 2087 2547 Ex

1203 2569 1314 2603 eadem
1327 2566 1549 2601 Theodorum
1564 2564 1776 2603 Crithinum,
1803 2563 2002 2606 pertinacem
2019 2563 2090 2598 Ico-

1204 2617 1381 2653 noclastam
1398 2642 1407 2657 ,
1435 2616 1543 2658 rejecit
1557 2639 1567 2654 ‚
1592 2615 1790 2658 pertinacem
1805 2622 1912 2646 autem
1936 2625 2011 2647 curn
2024 2614 2087 2648 suis

1201 2668 1325 2702 asseclis
1344 2666 1505 2701 Photiurn
1528 2663 1761 2708 dispensatorie
1782 2674 1822 2697 ex
1845 2664 1945 2697 causis
1960 2663 2088 2698 admisit

1201 2718 1355 2761 Synodus
1367 2718 1477 2751 ostava
1493 2741 1499 2747 .
1527 2715 1638 2748 Prima
1649 2713 1768 2748 horum
1786 2710 2024 2747 monachorum
2043 2715 2088 2747 ci-

1201 2768 1283 2802 tatio
1296 2768 1377 2801 sasta
1390 2766 1452 2800 fuit
1470 2764 1526 2799 die
1536 2766 1654 2808 quinto
1665 2764 1797 2799 decimo
1810 2762 1965 2797 Ostobris
1978 2789 1988 2804 ,
1999 2774 2088 2798 com-

1203 2827 1376 2862 paruerunt
1389 2826 1498 2850 autem
1510 2815 1564 2850 die
1577 2814 1727 2854 decimo,
1752 2815 1784 2848 δε
1815 2814 1939 2848 oblatas
1960 2815 2086 2856 aliquot

1202 2868 1330 2902 dierum
1344 2866 1492 2901 inducias
1504 2867 1727 2909 contempsere
1741 2889 1748 2895 .
1775 2864 1961 2898 Maternam
1975 2873 2086 2898 tamen

1203 2917 1446 2951 miserationem
1460 2916 1573 2951 induta
1584 2915 1738 2959 Synodus
1749 2914 1794 2947 eis
1803 2915 1936 2959 triginta
1946 2915 2084 2954 dierum,

1200 2969 1217 3001 a
1229 2968 1318 3002 disto
1330 2968 1450 3011 quinto
1461 2967 1592 3000 decimo
1606 2965 1757 3000 octobris
1769 2965 1867 3008 usque
1880 2964 1919 2998 ad
1932 2965 2084 3007 quintum

1201 3018 1367 3052 decimum
1382 3017 1470 3051 diem
1483 3015 1701 3055 Novembris,
1728 3014 2018 3058 fecitdeliberandi
2036 3014 2085 3047 in-

1201 3068 1314 3102 ducias
1326 3091 1336 3106 ,
1363 3078 1440 3100 tunc
1453 3067 1546 3110 juxta
1558 3065 1714 3099 adductos
1732 3064 1961 3098 Antiochenos
1974 3064 2084 3098 Cano-

1202 3129 1256 3151 nes
1268 3116 1410 3151 omnino
1422 3115 1636 3159 castigandis.
1665 3117 1745 3149 Asta
1756 3114 1823 3148 haec
1836 3116 1909 3148 sunt
1923 3116 2017 3148 tertio
2030 3113 2083 3146 de·

1201 3168 1290 3201 cimo
1312 3165 1475 3199 Kalendas
1507 3163 1727 3206 Novembres,
1754 3164 1862 3199 triduo
1888 3164 1957 3208 post
1973 3164 2083 3195 Astio-

1189 3228 1275 3251 nem
1289 3225 1434 3259 quartam
1456 3241 1462 3247 .
1489 3215 1784 3260 SynodiDigestor
1806 3216 1942 3254 omnia,
1968 3212 2081 3256 utpote

1200 3265 1410 3309 appendicem
1431 3287 1442 3304 ,
1478 3264 1711 3311 congeffitvin
1746 3263 1894 3300 eamdem
1932 3272 2080 3306 quartam

1201 3315 1397 3351 Actionem.

1881 3436 2035 3498 Anno
