2340 3736
754 146 1044 191 canones
1088 142 1674 189 CHALCED'QNEN'SEs
1712 177 1722 181 ι

708 317 1272 412 (ΪΣΑΝΟΝ’·
1322 318 1706 411 XXI-Il.

366 161 460 191 100

391 544 578 603 Erve'nit
598 544 674 606 ad,
690 561 812 595 aures
841 541 975 595 sanai
1001 541 1207 592 Concilii.
1220 577 1234 602 ‚
1267 540 1393 609 quod
1427 541 1802 609 quidam-Clerici
1835 535 2118 612 &smbnachg

423 615 590 685 quibus,
625 616 737 670 nihil
771 614 830 674 ab
863 612 1084 682 Episcopo
1119 610 1196 661 suo
1221 611 1494 675 eommiffum
1530 614 1624 678 est„
1657 613 1900 683 aliquando
1922 619 2044 679 ’γετὸ
2082 626 2128 672 δι’

289 684 599 741 communione
631 686 708 742 ab'
722 703 780 736 eo
814 685 977 753 privati
1013 685 1027 745 ,’
1063 683 1365 752 pervenientes
1399 682 1458 738 ad
1492 683 1643 738 urbem
1678 687 1864 750 Regiam
1910 689 2129 749 Constaffi

288 760 626 829 tinopolitanam
660 793 675 817 ‚
709 758 757 806 in
791 772 844 808 ea
878 753 1044 803 diutius
1081 756 1369 803 immorantur
1401 789 1417 815 ,
1450 755 1693 808 excitantes
1727 756 1876 812 turbas
1910 794 1923 820 ‚
1961 763 2006 810 &
2045 748 2128 809 stas

288 847 383 881 tum
419 826 763 878 Ecclefiasticum
795 839 1129 884 commoventes
1162 860 1178 891 ρ
1224 822 1519 884 subvertentes
1552 827 1689 892 etiam
1722 827 2011 895 quorumdam
2046 829 2126 880 do-

285 918 383 950 mos
418 937 431 950 .
468 898 681 955 Decrevit
707 899 868 965 itaque
902 894 1046 953 saneta
1079 891 1282 962 Synodus
1316 929 1331 954 ,
1367 890 1611 961 hujusmodi
1626 891 1788 968 ‘primo
1823 898 2005 970 quidem
2042 919 2121 970 per

285 969 570 1021 Defensorem
616 966 1118 1034 Constantinopolitanae
1152 962 1412 1023 sanfflffimae
1460 965 1659 1016 Ecclefiae
1704 973 1976 1019 commoneri
2009 1007 2026 1036 ,
2074 986 2124 1021 ut

286 1040 560 1106 egrediantur
594 1038 653 1102 ab
686 1038 792 1097 urbe
827 1037 968 1101 Regia
1003 1072 1016 1084 .

1053 1034 1188 1104 Qod
1223 1032 1263 1084 fi'
1291 1033 1443 1087 iisdem
1478 1039 1677 1102 negotiis
1704 1027 2004 1109 *impudenter
2018 1041 2124 1101 'insu

285 1113 398 1161 stant
431 1146 445 1172 ‚
491 1109 629 1160 etiam
665 1109 866 1167 nolentes
906 1098 1044 1166 „idem
1069 1104 1285 1166 Defensor
1319 1098 1569 1184 expellat,
1618 1107 1668 1165 ut
1702 1108 1759 1160 ad
1803 1104 1985 1183 propria
2018 1112 2128 1164 ‘loca

273 1182 565 1254 perveniant.-
839 1245 842 1247 Α
890 1200 892 1202 ’
966 1201 969 1206 “
1022 1206 1025 1213 =

509 1308 940 1383 scHotroN.

147 1570 171 1621 ,’
283 1581 410 1619 nachos
433 1580 553 1616 eodem
564 1581 667 1616 modo
677 1582 818 1616 tractant
830 1580 960 1624 Synodi
984 1579 1096 1614 variae.
1126 1578 1175 1614 At

102 1615 244 1655 EP¹st·²‘’'
282 1632 360 1666 vero
380 1631 422 1666 de
442 1630 681 1670 Defensoribus
706 1630 941 1667 Ecclefiasticis
963 1627 1005 1663 ad
1031 1629 1175 1664 Lauren·

209 1721 214 1727 ,
282 1682 370 1718 tium
382 1682 568 1720 Seniensem
591 1680 792 1724 Episcopum
816 1677 928 1715 scribit
950 1679 1052 1715 etiam
1072 1679 1175 1714 Inno-

283 1733 413 1767 centius
427 1732 549 1776 primus
571 1730 750 1765 Pontifex:
779 1730 884 1764 allum
896 1730 935 1771 est
953 1730 1040 1771 apud
1061 1732 1177 1762 Princi-

276 1791 351 1825 pem
374 1783 527 1816 adversus
549 1779 721 1822 Bonofiacos
743 1780 895 1817 baereticos
920 1782 941 1815 ,i
960 1778 1173 1823 Defensortbus

289 1832 424 1875 Ecclefiae
435 1831 538 1873 noflrae
552 1856 563 1872 ,
588 1832 668 1873 quod
676 1832 834 1873 eoquffint
855 1830 1021 1874 expellere.
1049 1830 1094 1865 Et
1104 1830 1172 1865 Ser·

103 1883 262 1924 1..7.Epist‚
283 1884 378 1927 gium
403 1883 622 1916 Defensorem
652 1882 797 1926 graviter
816 1881 905 1925 negli

107 1937 186 1963 ydo-

1064 1887 1172 1924 arguit

284 1933 469 1978 Gregorius
479 1931 651 1976 Magnus,
677 1932 767 1975 quod
780 1930 899 1964 Monia
913 1942 966 1965 em
976 1929 1173 1973 Apostatam

284 1994 355 2017 non
377 1979 685 2025 comprehenderit,
713 1981 991 2024 retruseritquein
1015 1979 1174 2014 monaster

105 2044 155 2073 Li
165 2053 187 2071 1.
210 2043 266 2080 Ep.
283 2033 390 2069 tlum.
418 2033 461 2065 Et
473 2032 507 2065 in
519 2031 636 2068 litteris
648 2030 690 2064 ad
702 2029 930 2073 Chrysantum
941 2030 1069 2074 Spoleti
1094 2029 1171 2073 Epi·

109 2094 156 2119 4²·
177 2090 225 2118 43·
282 2084 418 2125 scopum
451 2081 562 2116 scribit
582 2105 594 2120 ,
619 2079 709 2123 quod
743 2080 891 2114 Clericos
913 2092 990 2113 cum
1006 2080 1174 2114 extraneis

283 2131 472 2167 mulieribus
493 2130 679 2164 habitantes
691 2130 853 2164 Defensor
863 2129 980 2165 debeat
989 2130 1152 2173 corripere
1163 2153 1173 2169 ,

285 2183 451 2227 Episcopo
471 2179 596 2215 deferre
618 2205 630 2221 ‚
653 2180 687 2214 &
707 2179 725 2212 ὸ.
745 2190 848 2222 pravo
868 2179 929 2213 illo
951 2179 1172 2213 contubernio

285 2234 431 2276 separare
455 2255 461 2263 .
488 2232 533 2264 Et
553 2230 638 2274 apud
661 2230 861 2265 Gratianum
878 2228 1035 2273 Pelagius
1059 2229 1172 2263 Ponti—

113 2280 157 2306 16.
179 2283 265 2313 (lu-¹v
285 2284 341 2316 fex
375 2282 559 2315 Probinum
581 2305 592 2321 ,
624 2279 804 2313 Milianum
827 2302 838 2319 ,
877 2281 912 2315 ὃ(
933 2278 1171 2314 probinianum

104 2326 132 2346 ε’
147 2327 156 2345 ¹
164 2319 189 2345 θ’
286 2329 619 2366 Pseudo-Monachos
655 2340 710 2372 per
746 2329 908 2372 Joannem
954 2329 1171 2362 Defensorem

286 2382 424 2417 mandat
444 2381 610 2424 detineri,
634 2379 695 2413 fibi
721 2376 893 2422 exhiberi,
918 2379 953 2416 ὅς
970 2379 1005 2414 in
1031 2378 1172 2415 insulam

288 2432 471 2476 deportari.

338 2482 496 2517 Defensio
517 2480 536 2515 a
557 2481 711 2515 Romana
727 2478 911 2523 Republica
934 2479 1027 2513 venit
1047 2478 1088 2514 ad
1112 2479 1174 2515 Ec·

288 2534 436 2573 cleliam,
463 2542 595 2576 eratque
618 2531 655 2564 in
676 2529 860 2573 Republica
872 2527 984 2569 nobile
1004 2530 1175 2571 officium,

288 2584 386 2619 civile
407 2581 519 2622 aliud,
545 2579 635 2617 aliud
658 2580 799 2615 militare
812 2602 822 2618 ,
850 2581 992 2623 spectans
1004 2580 1043 2613 ad
1057 2579 1173 2624 Legio-

289 2645 372 2668 num
397 2631 558 2673 Auxilia,
583 2630 626 2666 de
647 2641 715 2674 quo
734 2630 777 2664 ad
800 2630 947 2664 nostrum
969 2628 1168 2672 propofitum

115 2664 191 2698 ΜΦ
290 2697 360 2719 non
373 2684 533 2728 spe-stante
554 2681 704 2715 videatur
717 2679 833 2715 Guido
855 2679 1052 2715 Pancirolus
1070 2679 1105 2713 in
1119 2691 1175 2713 no-

292 2735 365 2768 titia
377 2733 504 2777 imperii
530 2730 716 2766 Orentalis.
746 2730 871 2764 Civiles
883 2730 1082 2764 Defensores
1093 2729 1175 2763 anti-

297 2785 403 2827 quitas
435 2783 546 2827 paffim
578 2780 718 2817 vocabat
749 2780 948 2814 Defensores
978 2780 1175 2814 civitatum.-

113 2859 181 2887 Lx.
198 2851 275 2884 eod.
299 2834 476 2867 Gratianus
500 2831 670 2876 Augustus
692 2829 869 2871 Defensionis
892 2829 1060 2873 beneficium
1072 2841 1108 2863 ac
1123 2838 1177 2872 pe-

116 2899 277 2931 Uffiffdo
294 2884 404 2917 culiare
413 2890 521 2924 quietae
532 2881 713 2922 Rusticitatt‘s
723 2885 938 2922 patrocinium,
968 2879 1177 2914 Theodofius

119 2941 257 2971 l..57-c·¹·
296 2945 333 2967 ac
355 2933 609 2966 Valentinianus
630 2930 744 2966 tertius
764 2929 916 2973 publicam
938 2928 1176 2973 fhlicitudinm,

118 2980 234 3013 Leg·15-
296 2985 367 3018 Leo
379 2985 412 3016 δε
434 2982 634 3019 Anthemius
647 2990 767 3015 vocant
794 2978 965 3022 Defensores
979 2979 1079 3013 Plebis
1091 3004 1099 3011 .
1126 2979 1176 3024 Ju-

295 3032 454 3067 stinianus
477 3032 643 3076 Augustus
664 3031 697 3064 in
712 3030 784 3075 lege
807 3030 938 3064 novella
961 3030 1000 3063 ad
1015 3030 1177 3073 Joannern

295 3082 528 3118 Praetoriorum
556 3082 744 3115 Praefectum
776 3081 923 3123 queritur
955 3081 1175 3114 Defensorum

297 3143 419 3168 nomen
445 3132 503 3164 suo
523 3141 667 3174 ternpore
689 3131 841 3175 languere
860 3130 1095 3165 conculcatum
1116 3128 1177 3163 sub

297 3183 386 3217 varia
397 3181 511 3224 injuria
523 3204 534 3221 ,
560 3180 599 3213 ad
612 3193 708 3224 quam
720 3180 761 3215 ab
770 3180 841 3214 aliis
851 3180 1102 3223 propulsandam
1115 3179 1176 3213 fuit

298 3233 316 3265 32
337 3230 521 3276 Majoribus
541 3229 725 3264 institutum
738 3244 748 3263 .·
775 3231 807 3264 Si
820 3231 952 3272 quidem
979 3230 1177 3264 Defensores

298 3282 420 3315 fiebant
430 3281 493 3314 viri
507 3278 634 3323 obscuri
650 3303 660 3318 ,
687 3279 799 3321 inopes
811 3304 821 3318 ‚
846 3279 1010 3322 judicibus
1023 3280 1177 3315 serviliter

301 3331 462 3371 obnoxii,
487 3341 602 3364 eorum
627 3329 798 3371 iniquitati
818 3340 886 3362 non
918 3331 981 3363 aufi
1004 3331 1175 3365 obsistere.

303 3382 381 3414 Erat
404 3391 522 3413 munus
536 3379 620 3413 adeo
642 3378 780 3418 nobile,
805 3388 840 3411 ut
851 3390 906 3412 eos
928 3392 1048 3415 nonex
1070 3383 1189 3415 Decu-·

303 3431 434 3463 tionum
448 3438 502 3462 aut
514 3428 747 3462 Cohortalium
759 3428 872 3471 plebeo
884 3440 1017 3471 corpore
1031 3455 1040 3470 ,
1068 3429 1120 3464 sed
1137 3442 1177 3463 ex
1242 3433 1313 3466 sum
1336 3432 1421 3475 leges
1444 3431 1627 3475 imperiales
1649 3453 1660 3468 ‚
1694 3429 1810 3471 quibus
1832 3429 1951 3463 Clerici
1977 3429 1994 3463 ὲ
2019 3431 2120 3464 Curia
2136 3423 2208 3461 (3³1²-
2224 3432 2250 3459 9·

302 3478 377 3515 solis
391 3478 517 3513 idoneis
528 3502 540 3518 ,
567 3478 600 3511 id
613 3479 655 3511 est
666 3503 675 3518 ,
705 3476 874 3513 honoratis
887 3490 921 3512 ac
934 3481 1095 3522 opulentis
1112 3492 1178 3523 per-

347 1480 455 1517 Imiles
473 1479 593 1519 Palatii
613 1492 653 1516 ae
664 1481 780 1526 Regiae
802 1481 948 1526 civitatis
968 1479 1089 1516 sorices
1102 1503 1114 1521 ,
1139 1478 1175 1514 &

307 1543 323 1546 ‘¹
370 1531 711 1570 vanitatismundanae
721 1542 863 1575 aucupes
874 1529 1026 1565 Clericos
1052 1530 1087 1563 &
1106 1539 1175 1563 mo·

1240 1328 1328 1366 sonis
1347 1329 1520 1377 eligendos
1536 1328 1711 1365 statuerint
1732 1329 1988 1367 Valentinianus
2000 1328 2128 1365 &xvv

1240 1381 1309 1415 lens
1329 1379 1475 1426 Augusti
1496 1407 1504 1414 .
1530 1379 1676 1416 Addidit
1698 1381 1898 1425 Iustinianus
1924 1377 2025 1415 etiam
2050 1377 2126 1412 Illu-¹

1239 1430 1363 1466 stres&
1384 1431 1514 1467 Milites
1524 1429 1565 1467 ab
1584 1431 1646 1466 illo
1656 1443 1725 1466 non
1737 1433 1801 1467 esse
1813 1441 2005 1475 exemptos.
2034 1430 2129 1464 Con-v

1240 1481 1382 1516 firmavit
1391 1481 1470 1516 item
1483 1482 1633 1516 Honorii
1646 1482 1681 1516 δε
1692 1481 1875 1517 Theodosii
1896 1482 2003 1526 legem
2011 1480 2055 1516 de
2066 1479 2126 1513 eli-

1238 1532 1349 1576 gendo
1371 1532 1551 1567 Defensore
1562 1542 1616 1577 pet
1636 1532 1779 1566 civitatis
1802 1530 2024 1576 Episcopum,
2049 1527 2128 1564 Cled

1236 1584 1310 1615 rum
1333 1605 1344 1622 ,
1379 1582 1575 1616 Honoratos
1593 1604 1605 1620 ‚
1640 1580 1832 1619 Poffeffores
1854 1607 1865 1624 ,
1900 1582 1935 1616 &
1956 1576 2128 1618 Curiale's5

1238 1631 1536 1676 confirmandoque
1559 1642 1616 1674 per
1634 1630 1784 1666 Praetorii
1798 1632 2002 1666 Praefectum-2.
2031 1630 2129 1663 Nam·

1238 1679 1411 1724 quomodo
1422 1679 1851 1722 RomanaurbsSenatum,
1877 1681 2063 1722 Consules,
2089 1679 2131 1712 δε
2193 1673 2200 1683 “

1238 1730 1415 1766 Tribunos
1425 1730 1555 1774 Plebis;
1583 1731 1628 1765 ita
1641 1729 1710 1765 aliae
1721 1732 1870 1768 civitates
1880 1730 2044 1769 habebant
2058 1729 2130 1770 Gu-

1237 1781 1340 1820 riam‚
1367 1783 1607 1821 Duum-vitos,
1631 1781 1892 1816 aeDefensores.
1920 1780 2130 1816 Alexandria·

1236 1828 1282 1864 ob
1292 1831 1342 1864 sui
1363 1831 1581 1865 eminentiam
1594 1840 1662 1865 non
1682 1831 1858 1873 {implicem
1884 1831 2099 1865 Defensorem
2113 1842 2129 1871 ,··

1237 1879 1290 1918 sed
1311 1878 1487 1922 juridicum
1512 1877 1627 1916 habuit
1640 1881 1807 1928 amplioris
1828 1881 2000 1926 dignitatis
2020 1892 2058 1916 ac
2068 1891 2126 1924 po·

1237 1929 1379 1967 testatis.
1646 1952 1648 1954 ·

1287 1979 1478 2018 Defensoris
1503 1980 1723 2025 potestaserat
1750 1981 1856 2017 varia.
1882 1981 1996 2018 Primo
2005 1991 2047 2014 ex
2058 1981 2127 2018 Va-‚

1235 2030 1411 2070 lentiniani
1433 2043 1471 2067 ac
1494 2030 1646 2067 Valentis
1665 2031 1708 2067 ad
1729 2033 1884 2067 Senecam
1908 2031 2127 2068 Defensorem

1237 2081 1393 2125 rescripto
1402 2080 1546 2124 judicare
1557 2090 1684 2125 poterat
1695 2092 1811 2115 omnes
1822 2081 1934 2117 civiles
1946 2081 2054 2115 causas
2064 2080 2128 2114 mia

1238 2141 1335 2166 nores
1345 2142 1414 2166 non
1424 2132 1618 2167 excedentes
1629 2131 1789 2167 summam
1799 2130 2040 2177 quinquaginta
2053 2129 2128 2164 soli·¹

1237 2182 1378 2217 dorum:
1405 2181 1450 2215 Et
1475 2191 1518 2214 ex
1531 2180 1683 2216 Gratiani
1702 2181 1855 2225 rescripto
1876 2191 1993 2216 omnes
2013 2180 2125 2214 causas

1238 2230 1569 2276 pecuniariasquietae
1581 2229 1804 2266 Rusticitatis.
1831 2228 2006 2270 Secundo,
2032 2228 2124 2263 rusti-

1237 2293 1311 2315 cam
1329 2279 1553 2324 urbanamque
1562 2279 1697 2316 Plebem
1707 2278 1748 2314 ab
1760 2282 1853 2314 omni
1874 2279 2098 2324 improborum
2110 2303 2125 2320 5

1236 2334 1337 2366 etiam
1359 2329 1507 2373 judicum
1525 2330 1561 2367 ἀ
1582 2330 1725 2366 aliorum
1757 2329 1958 2372 Reipublicae
1988 2329 2127 2365 Officia*

1237 2380 1316 2414 lium
1331 2402 1343 2419 ,
1367 2378 1542 2415 insolentia
1553 2391 1591 2414 ac
1610 2379 1794 2415 temeritate
1813 2379 1951 2415 debebat
1971 2378 2124 2414 defende-

1237 2441 1270 2465 re
1282 2454 1293 2471 ,
1317 2429 1459 2473 ideoque
1471 2429 1511 2463 ad
1534 2428 1656 2471 judices
1667 2428 1783 2463 habere
1810 2428 2010 2467 liberrimum
2022 2430 2122 2464 access

1238 2483 1308 2514 sum
1324 2504 1331 2511 .
1359 2478 1478 2514 Tertio
1501 2502 1512 2517 ‚
1536 2480 1662 2512 efficere
1683 2478 1795 2513 debuit
1816 2502 1827 2518 ,
1852 2489 1888 2514 ut
1913 2480 2029 2515 scelera
2050 2492 2122 2514 non

1235 2532 1335 2564 essent
1354 2528 1516 2572 impunita
1529 2553 1540 2569 ,
1565 2529 1766 2566 &sceleratis
1786 2529 1936 2567 adversus
1955 2530 2127 2573 publicam·

1237 2579 1413 2614 vindieiam
1428 2591 1496 2612 non
1514 2578 1727 2622 praeberentur
1747 2581 1928 2622 patrocinia
1941 2603 1951 2618 ‚
1977 2581 2122 2625 ideoque

1238 2631 1272 2663 in
1284 2628 1474 2674 regionibus
1484 2628 1668 2665 latrocinali
1676 2629 1865 2673 graffitioni
1874 2629 2017 2673 subjectis
2027 2642 2122 2674 opor-

1238 2680 1326 2714 tebat
1335 2680 1397 2713 effe
1418 2678 1657 2722 probatissitnos
1670 2691 1706 2713 ac
1717 2678 1961 2716 distristiffimos
1979 2680 2123 2724 discipli-¹

1240 2742 1287 2766 nae
1299 2730 1452 2764 zelatores
1464 2754 1471 2761 .
1498 2730 1627 2777 Qrto
1640 2753 1651 2769 ‚
1678 2731 1828 2774 graviora
1840 2730 1976 2765 crimina
2001 2729 2121 2765 defere-

1240 2780 1319 2814 bant
1330 2780 1369 2813 ad
1381 2778 1548 2822 publicum
1558 2778 1700 2822 judicem
1716 2792 1723 2811 :
1750 2779 1808 2823 Ipfi
1820 2780 1910 2815 enim
1923 2781 2029 2816 nullas
2038 2780 2123 2815 mul-

1241 2832 1305 2865 stas
1327 2829 1542 2873 imponebant
1561 2852 1572 2869 ‚
1597 2841 1658 2865 nee
1678 2830 1817 2863 saeviores
1828 2832 2021 2867 exercebant
2040 2840 2127 2875 quai-³

1239 2880 1379 2922 stiones3
1407 2877 1596 2923 judicabant
1617 2890 1724 2913 tamen
1746 2880 1861 2915 delista
1885 2876 2023 2917 leviora.
2050 2881 2122 2914 Du-

1240 2931 1328 2964 rabat
1338 2939 1458 2964 munus
1470 2929 1510 2963 ad
1525 2928 1787 2974 quinquennium
1799 2956 1809 2971 ,
1837 2933 1972 2966 nec‘fine
1996 2930 2124 2964 1³⁰rinci⁴¹

1239 2982 1289 3024 pis
1301 2980 1433 3015 licentia
1440 2978 1562 3023 deponi
1576 2988 1699 3023 poterat
1712 2992 1719 3011 :
1749 2980 1945 3024 Justinianus
1953 2978 2124 3026 Augustus

1238 3030 1278 3065 ad
1300 3030 1468 3066 biennium
1493 3030 1656 3063 contraxit
1677 3055 1689 3071 ‚
1715 3031 1949 3076 ampliavitque
1985 3030 2123 3077 potesta-

1238 3090 1324 3115 tem.
1354 3081 1405 3115 Ex
1417 3079 1478 3113 hac
1501 3079 1607 3114 radice
1617 3079 1763 3125 quaedam
1787 3081 1928 3126 Belgicae
1951 3081 2119 3118 civitates,

1244 3142 1323 3174 quas
1346 3129 1484 3164 interest
1505 3141 1578 3165 mea
1600 3130 1753 3172 lprenfis,
1780 3132 1962 3166 etiamnum
1973 3130 2094 3164 habent
2108 3153 2121 3169 ‚

1245 3192 1312 3214 non
1335 3179 1520 3214 Consulem
1533 3182 1585 3214 seu
1608 3179 1919 3227 Burgimagissrum,
1943 3179 1995 3214 sed
2008 3177 2121 3214 Advo-

1242 3240 1350 3265 catum
1364 3231 1416 3263 seu
1428 3230 1660 3265 Defensorem.

1291 3280 1587 3315 Ecclessassicorum
1599 3280 1676 3314 vero
1701 3281 1920 3317 Defensor-um
1935 3290 2056 3313 munus
2066 3292 2124 3313 ex-

1244 3331 1337 3374 ponit
1363 3331 1398 3364 in
1421 3332 1535 3374 'prima
1557 3331 1694 3374 Synodo
1725 3328 1982 3374 Carthaginensi·
1999 3330 2121 3365 Gratus

1241 3382 1383 3425 ejusdem
1397 3381 1546 3418 Ecclesia:
1556 3380 1853 3423 Archi-Episcopus
1866 3403 1876 3419 ,
1901 3383 2002 3424 agens
2013 3378 2123 3413 adver*

1243 3481 1398 3525 adsumpti
1410 3482 1451 3515 ad
1464 3482 1601 3516 eandem
1614 3491 1687 3514 cum
1703 3479 1818 3523 infigni
1840 3479 1987 3526 Ecclefiae
2000 3490 2078 3513 nota
2088 3482 2121 3515 &

1977 3523 2074 3565 ‘iiam-
