2340 3736
373 108 444 157 64
765 98 1058 145 CANONES
1106 97 1668 147 CHAtcfinoNstzs

304 182 473 246 digiose
506 182 705 235 dicentes
737 200 750 237 ,z
787 185 969 251 Propter
1005 182 1090 233 hoc
1127 181 1215 233 illis
1252 198 1425 233 omnem
1461 187 1833 243 machinationem
1868 207 2021 244 contra
2055 198 2132 244 vess

307 258 483 313 ritate-m
531 255 682 308 volens
733 251 933 313 claudere
967 250 1145 324 praesens
1181 267 1292 302 nunc
1330 247 1471 304 sancia
1518 258 1561 303 &
1596 274 1752 322 magna
1802 264 1846 310 &
1881 263 2132 315 universalis

304 323 505 393 Synodus
529 362 541 384 ,
577 321 928 391 praedicationem
974 323 1085 375 hanc
1121 318 1178 370 ab
1211 322 1342 370 initio
1385 322 1657 376 immobilem
1701 328 1861 382 docens
1884 320 2129 393 ,decrevit

306 411 411 453 ante
444 395 592 453 omnia
616 430 631 454 ,
665 392 796 449 fidem
831 395 1050 456 integram
1085 395 1128 440 δι
1164 392 1469 459 intemeratam
1505 411 1759 461 permanere
1790 415 2130 461 trevecentorumffia

304 465 457 516 decem
493 469 535 513 δε
569 469 668 514 octo
705 463 941 514 sancitorum
978 467 1154 510 Patrum
1190 481 1201 509 ε
1238 465 1296 509 Et
1332 462 1561 513 confirmat
1596 465 1834 519 doetrinam
1857 509 1870 532 ,
1907 463 2004 540 quae
2038 464 2129 530 deq

306 535 539 594 substantia
568 537 755 603 *Spiritus
790 533 920 585 saneti
956 531 982 581 a
1017 530 1218 585 Patribus
1253 547 1429 600 centum
1475 538 1797 604 quinquaginta
1838 559 1902 621 Po
1962 544 1988 598 ὲ
2011 563 2130 600 ,6οΠ-

307 608 496 669 gregatis
532 607 579 653 in
611 607 751 667 Regia
786 606 969 654 civitate
1004 601 1276 651 tradita'est}
1292 619 1470 671 propter
1506 601 1637 668 illos»,
1665 608 1760 676 'qui
1778 612 1888 677 Spiri
1942 602 2125 665 ἰλὶιηὲὶο

306 675 602 747 repugnabant
633 712 648 736 ,
698 691 831 742 quarn
867 675 941 734 ‚illi⁴
969 673 1169 729 Omnibus
1204 688 1354 742 notam
1391 674 1632 739 fecerunt,
1678 697 1768 728 non
1804 681 1924 747 quasi
1948 672 2129 751 =aliquid

300 746 463 797 deeffet
498 745 712 814 prioribus
747 744 999 810 adjicientes
1020 776 1043 805 ,-
1081 742 1154 792 sed
1188 741 1308 792 suum
1341 743 1397 793 de
1445 738 1589 796 saneto
1623 742 1785 816 SPiritu
1820 744 2130 803 intelle&um-.

304 833 457 877 contra
492 817 593 866 illos
618 853 632 879 ,
667 819 746 884 qui
782 815 1129 865 dominationem
1164 818 1256 878 ejus
1291 813 1482 882 respuere
1517 832 1794 870 tentaverunt
1826 858 1839 881 ,
1888 826 2129 891 Scriptura-

301 906 399 938 rum
436 886 693 936 testimoniis
728 886 995 936 declarantes
1034 906 1045 934 t
1097 888 1280 951 Propter
1315 886 1415 935 illos
1453 895 1600 939 autern
1637 924 1650 949 ,
1685 893 1764 957 qui
1799 890 2129 959 dispensationis

300 958 558 1026 mysterium
593 975 865 1024 corrumpere
900 970 1114 1005 conantur
1137 979 1169 1017 ,·
1198 959 1241 1006 Sc
1277 965 1431 1022 purum
1468 957 1691 1008 hominem
1727 947 2038 1024 effesge‘ffitum
2061 957 2128 1019 „ex

296 1033 452 1082 Sancta
487 1029 679 1089 Virgine-v
703 1029 844 1078 Maria
879 1025 1156 1094 impudenter
1174 1024 1399 1089 delirant,
1435 1028 1651 1096 Epistolas
1688 1022 1945 1098 synodicas,
1975 1023 2129 1091 beatis-
2155 1042 2158 1045 ’

299 1099 396 1148 fimi
431 1098 594 1165 Cyrilli
613 1096 930 1147 *Alexandrinae
964 1096 1162 1146 Ecclefiae
1183 1095 1373 1146 Praesulis
1408 1097 1471 1147 ad.
1489 1099 1740 1152 Nestorium
1763 1139 1777 1163 ,
1813 1106 1856 1150 &
1891 1097 2130 1156 ad⁴Uri²enss

299 1170 411 1219 tales
437 1205 451 1229 ,
487 1183 774 1232 congruenter
809 1167 1019 1218 habentes
1056 1156 1237 1235 susciepit
1253 1205 1280 1230 ⁴,
1329 1167 1385 1217 ad
1420 1170 1741 1221 convincendas
1778 1172 2129 1226 Nestorii-svesaa

299 1242 395 1289 nias
433 1276 447 1301 ,
481 1243 539 1289 &z
557 1237 617 1289 ad
651 1241 1054 1307 interpretationem
1089 1255 1239 1289 eorum
1270 1275 1283 1298 ,
1330 1241 1408 1305 qui
1444 1237 1641 1293 salutaris
1685 1242 1887 1310 Symboli'
1917 1248 1996 1311 pio
2027 1247 2131 1295 zelo

299 1307 418 1366 noffe
452 1308 693 1359 desiderant
729 1310 1021 1359 intellectum:
1060 1308 1230 1378 Qibus
1266 1312 1402 1360 etiam
1436 1314 1479 1359 &
1513 1312 1753 1379 Epistolam
1788 1331 1954 1376 magnae
1981 1320 2032 1365 ἃ
2064 1315 2129 1366 se„

299 1382 436 1429 nioris
473 1380 591 1429 urbis
626 1383 778 1431 Rornae
801 1379 991 1430 Praesulis
1028 1378 1255 1431 beatissimi
1291 1383 1333 1428 δε
1358 1379 1598 1432 sanffiffimi
1623 1383 2129 1453 Ar'chinpi'scopi..Leo÷¹

298 1454 396 1511 nis,
431 1468 528 1517 quae
562 1449 720 1519 scripta
754 1451 815 1502 est
849 1449 906 1502 ad
940 1449 1089 1503 santstae
1123 1452 1341 1501 memoriae.
1374 1451 1791 1522 Archi-Episcopum
1829 1457 2128 1506 Flavianum-³

298 1521 356 1576 ,ad
391 1520 687 1588 perimendam
722 1521 939 1587 Eutychis
975 1522 1135 1570 malam
1172 1523 1529 1585 intelligentiam,
1566 1526 1721 1591 utpote
1756 1530 1799 1574 δε
1823 1527 2126 1590 μιηειςιύίῦἱιιε

297 1594 416 1644 -Petri
451 1590 702 1640 confessioni
726 1607 1071 1655 congruentem,
1107 1596 1151 1641 &
1185 1611 1460 1650 communem
1495 1594 1715 1661 quandam
1751 1598 2001 1646 columnam
2035 1599 2126 1660 exi-³

296 1662 481 1719 stentem
515 1661 719 1711 adversus
756 1662 956 1730 perverse
992 1662 1223 1717 sentientes
1240 1702 1254 1726 ,
1290 1665 1346 1714 ad
1382 1664 1760 1719 confirmationem
1786 1665 2127 1730 recisorumzd'og}

297 1749 466 1781 matum
501 1747 790 1795 congruenter
826 1735 996 1801 aptavit
1020 1771 1034 1783 .
1070 1737 1151 1782 His
1187 1753 1375 1803 namque
1416 1773 1429 1797 ,
1465 1739 1544 1802 qui
1580 1736 1771 1785 invduos
1807 1736 1923 1786 filids
1945 1735 2128 1804 dispen-

294 1802 474 1852 sationis
510 1805 686 1853 Divinae
722 1803 973 1871 mysterium
1010 1803 1245 1873 discerpere
1269 1810 1501 1866 nituntur,
1535 1822 1771 1874 repugnat:
1808 1810 1866 1855 Et
1892 1805 2004 1868 illis,
2030 1810 2122 1872 qui

296 1873 535 1942 paffibilem
573 1876 801 1924 Deitatem
838 1877 1054 1938 unigeniti
1090 1876 1176 1924 ausi
1214 1875 1310 1925 sunt
1346 1875 1518 1935 dicere,
1550 1874 1580 1924 a
1616 1875 1736 1928 sacro
1770 1877 2122 1944 caetuex'pellitt

294 1947 357 1995 Et
396 1944 488 2004 his,
526 1946 620 2010 qui=
640 1946 686 1994 in
721 1943 888 1994 duabus
912 1945 1074 1994 Christi
1108 1949 1273 1995 naturis
1299 1961 1688 2014 temperamentum
1725 1962 1800 1996 aut
1825 1946 2123 1996 confusionem

294 2016 535 2081 opinantur
558 2050 572 2075 ,
607 2014 794 2063 resistit:
832 2018 890 2065 Et
926 2033 1001 2064 eos
1028 2052 1040 2076 ,
1077 2018 1156 2082 qui
1191 2017 1409 2067 coelestem
1446 2032 1520 2065 aut
1546 2018 1718 2066 alterius
1755 2015 1836 2067 effe
1861 2016 2117 2078 substantiae,

296 2101 431 2150 quam
468 2102 521 2133 ex
556 2083 684 2132 nobis
719 2082 958 2151 assumpsit,
993 2084 1100 2136 servi
1132 2086 1318 2137 formam
1345 2086 1579 2136 delirantes
1614 2087 1767 2135 dicunt
1791 2122 1805 2146 ,
1842 2086 1983 2148 abigit
2014 2106 2027 2136 ε
2061 2089 2127 2135 Et

296 2157 377 2221 qui
412 2153 519 2203 duas
555 2152 732 2221 quidem
770 2169 871 2207 ante
906 2157 1110 2204 unionem
1145 2172 1317 2206 naturas
1355 2159 1538 2206 Domini
1566 2155 1823 2205 fabulantur
1833 2192 1847 2215 ,
1884 2172 2014 2203 unam
2041 2173 2118 2205 ve·-

298 2225 348 2275 τὸ
384 2224 478 2291 post
512 2226 755 2273 unitionem
791 2223 1071 2288 confingunt,
1107 2226 1397 2277 condemnat.
1434 2230 1667 2292 Sequentes
1690 2227 1825 2288 igitur
1849 2222 2012 2274 sanctos
2039 2228 2123 2274 Pa*

299 2311 386 2343 tres
412 2330 425 2353 ,
462 2311 593 2342 unum
630 2292 917 2361 eumdemque
953 2295 1150 2344 confiteri
1187 2299 1343 2346 Filium
1391 2300 1435 2345 &
1469 2297 1716 2345 Dominum
1750 2294 1940 2343 nostrum
1966 2292 2120 2361 Jesum

295 2364 518 2415 Christum
553 2362 840 2414 consonanter
874 2377 1025 2416 omnes
1059 2364 1292 2427 docemus,
1328 2365 1526 2417 eumdem
1562 2365 1796 2433 perfeetum
1833 2367 1880 2413 in
1914 2367 2119 2425 Deitate,

303 2439 349 2486 &
385 2433 586 2483 eumdem
622 2433 855 2502 perfedtum
891 2438 938 2484 in
974 2436 1246 2486 humanitate
1271 2474 1285 2498 ,
1321 2441 1467 2485 Deum
1504 2440 1654 2486 verum
1705 2439 1748 2484 δε
1785 2435 2006 2484 hominem
2041 2453 2119 2485 ve-

296 2523 392 2555 rum
430 2502 630 2557 eumdem
678 2521 731 2554 ex
765 2507 910 2553 anima
956 2507 1160 2557 rationali
1207 2511 1249 2555 δε
1284 2524 1463 2573 corpore
1497 2543 1511 2566 ,
1559 2504 1962 2556 consubstantialem
1998 2508 2120 2555 Patri

293 2574 528 2626 secundum
564 2569 789 2637 Deitatem
816 2613 829 2637 ,
865 2574 1266 2626 consubstantialem
1302 2576 1429 2625 nobis
1463 2575 1666 2626 eumdem
1701 2574 1929 2625 secundum
1967 2574 2120 2624 huma,

296 2649 480 2698 nitatem
507 2683 519 2707 ,
555 2655 631 2713 per
665 2647 814 2695 omnia
847 2646 974 2695 nobis
1010 2646 1192 2697 fimilem
1229 2645 1389 2713 absque
1424 2662 1607 2714 peccato
1633 2666 1644 2695 :
1682 2651 1799 2695 Ante
1837 2644 1985 2694 saecula
2020 2648 2119 2712 qui-

297 2715 395 2764 dem
430 2715 485 2765 de
521 2720 647 2764 Patre
679 2718 878 2779 genitum
914 2715 1146 2766 secundum
1182 2719 1408 2766 Deitatem
1441 2754 1454 2777 ,
1491 2719 1536 2767 in
1558 2716 1808 2769 ‚noviffimis
1845 2732 1990 2764 autem
2025 2715 2117 2764 die-

297 2786 378 2833 bus
413 2784 610 2836 eumdem
646 2802 823 2854 propter
857 2804 937 2840 nos
972 2791 1014 2837 δε
1049 2803 1226 2855 propter
1262 2787 1448 2837 nostram
1483 2785 1663 2836 salutem
1706 2804 1758 2834 ex
1795 2789 1937 2836 Maria
1971 2788 2116 2849 Virgi-

298 2873 353 2905 ne
382 2859 470 2905 Dei
495 2859 703 2919 genitrice
732 2855 964 2907 secundum
995 2857 1338 2917 humanitatem,
1374 2869 1533 2918 unum,
1570 2856 1858 2923 eumdemque
1883 2856 2116 2915 Christum,

299 2926 454 2973 Filium
478 2962 490 2986 ,
527 2924 767 2978 Dominum
794 2964 806 2987 ,
844 2929 1115 2989 unigenitum
1139 2964 1152 2986 ,
1188 2930 1235 2976 in
1270 2926 1434 2979 duabus
1469 2930 1632 2978 naturis
1658 2927 1924 2988 inconfuse,
1961 2929 2118 2975 immu*

299 2994 492 3047 rabiliter
530 3034 543 3057 ,
578 2996 763 3049 indivise
792 3033 806 3057 ,
850 2995 1192 3064 inseparabiliter
1228 2997 1546 3060 agnoscendum
1581 3018 1592 3046 :
1649 2996 1879 3064 Nusquam
1902 2995 2118 3046 sublata„

298 3063 543 3116 differentia
578 3083 827 3118 naturarum
863 3083 1040 3138 propter
1075 3069 1315 3116 unitionem
1355 3105 1368 3128 ,
1404 3066 1627 3134 magisque
1663 3066 1777 3117 salva
1813 3070 2115 3135 proprietate„

298 3134 517 3202 utriusque
551 3152 709 3187 naturae
733 3174 746 3197 ,
781 3142 824 3186 δε
859 3140 905 3186 in
941 3154 1071 3189 unam
1107 3136 1330 3205 personam
1357 3174 1371 3197 ,
1424 3154 1557 3204 atque
1593 3136 1899 3190 subsistentiam
1923 3152 2114 3191 ,concur-

300 3222 421 3254 rente
449 3226 460 3254 :
507 3222 595 3257 non
631 3208 678 3253 in
711 3207 816 3258 duas
851 3206 1053 3273 personas
1106 3210 1318 3275 partitum
1345 3244 1358 3268 ,
1408 3224 1483 3259 aut
1518 3207 1703 3259 divisum
1736 3245 1749 3268 ,
1797 3207 1878 3258 sed.
1902 3223 2079 3253 unum-s
2100 3241 2114 3264 ,

300 3274 585 3341 eumdemque
619 3276 777 3327 Filium
802 3312 814 3336 ,
851 3281 894 3324 &
930 3281 1226 3340 unigenitum,
1262 3282 1411 3330 Deum
1441 3278 1633 3330 Verbum
1659 3316 1671 3339 ,
1708 3279 1949 3330 Dominum
1962 3273 2114 3340 Jesum

301 3344 520 3396 Christum
547 3382 559 3405 ,
596 3344 702 3392 ficut
739 3344 841 3396 ante
879 3348 1103 3413 Prophetae
1137 3346 1191 3396 de
1225 3365 1304 3407 eo,
1337 3353 1380 3397 δε
1415 3347 1502 3416 ipse
1539 3366 1617 3397 nos
1641 3347 1765 3413 Jesus
1791 3345 1984 3394 Christus
2019 3362 2114 3393 eru,-

299 3412 452 3481 divit,
489 3418 531 3468 δε,
567 3418 743 3471 Pan-um.
780 3414 906 3471 ‚nobis
942 3418 1194 3491 Symbolum.
1230 3417 1411 3473 tradidit
1440 3456 1452 3473 ρ
1489 3421 1569 3473 ‚His
1595 3421 1729 3487 igitur
1761 3433 1860 3471 cum
1889 3415 2011 3518 omn-i
2037 3432 2115 3469 unt

1993 3495 2066 3528 ique
