2340 3736
59 984 108 1017 Ep.
118 984 156 1009 18.
171 991 213 1016 19.

62 1024 156 1050 παι-8.
165 1030 210 1057 29·

58 1207 144 1247 Epist.
152 1220 178 1245 4.

55 1478 88 1506 L.
107 1484 138 1512 13
147 1486 167 1505 ι.

53 1525 77 1545 c.
91 1524 115 1551 3.

158 2280 161 2282 -
226 2257 424 2300 dignitatem
446 2258 595 2292 Ecclefiae
620 2255 935 2292 Thessalonicenfis.
973 2254 1111 2299 Acquie·
1146 2292 1148 2295 ,

56 2356 211 2392 L.4.Ep.10

46 2397 89 2430 v1..
102 2405 144 2424 10.
163 2396 212 2431 Ep.

53 2442 156 2471 33·34·

56 3223 185 3260 eap.19.

653 100 719 129 DE
754 92 975 141 QJ1NTA
1011 78 1251 122 SYNODO
1286 86 1610 136 GENERAM.

231 176 364 212 perimus
372 174 404 202 in
415 171 561 203 Vaticana
582 164 764 199 Bibliotheca
786 169 818 196 in
843 163 935 196 codice
957 160 1090 200 notiffimo
1102 183 1114 200 ,

235 223 314 261 cujus
326 220 365 261 est
374 220 480 252 titulus
491 242 500 256 ‚
522 214 662 249 LIBER
689 212 938 248 CENSUUM
950 236 957 243 .

287 266 515 303 Nihilominus
528 277 595 299 non
625 264 741 298 desunt
763 263 903 296 rationes
923 258 1115 295 dubitandi.

236 318 372 352 Etenim
383 316 586 351 Caesareenfis
601 314 634 348 &
651 313 924 357 Schytopolitana
948 309 1115 349 Ecclefiae‚

234 367 372 401 duarum
397 366 638 400 Palaestinarurn
666 363 894 406 Mermpoles,
919 361 1116 403 transcriptae

234 417 353 451 suntin
364 418 471 451 sedern
484 414 828 457 Hierosolymitanam
837 411 855 444 a
870 409 1007 452 Synodo
1020 408 1116 443 Chal·

233 466 406 501 cedonenfi
419 478 460 501 ex
476 469 565 509 pasto
582 467 670 499 inito
681 464 766 498 inter
774 460 964 494 Maximum
977 460 1011 492 &
1025 460 1118 502 Juve-

234 517 342 550 nalem
353 515 576 557 patriarchas,
602 514 680 552 cui,
703 511 784 547 licet
794 522 849 554 per
862 508 1012 543 Sanctum
1035 509 1117 542 Leo·

234 576 312 600 nem
323 566 522 600 Pontificem
533 564 706 610 reprobato
715 586 728 602 ‚
755 560 909 603 Episcopi
924 559 1117 601 Hierosoly-

233 616 351 650 mitani
375 627 547 659 nunquam
566 615 742 649 cesserunt.
769 610 813 643 Et
834 609 1018 652 Berytenfis
1043 607 1114 642 Me·

232 666 370 708 tropolis
385 675 588 710 nequaquam
613 661 656 696 ad
677 660 941 694 Alexandrinum
956 681 966 697 ‚
993 658 1047 692 sed
1074 657 1114 691 ad

233 714 482 750 Antiochenam
503 715 642 757 spectat,
666 708 829 754 utpotein
860 709 962 752 prima
983 707 1116 743 Phoeni-

232 766 284 800 cia
307 763 504 807 Metropolis
527 762 598 796 solo
629 760 774 794 honore.
815 759 937 792 Nullus
959 759 1114 799 antiquus

232 814 368 858 scriptor
378 815 471 848 refert
486 811 570 846 ullas
581 809 800 845 Alexandrini
814 807 1005 843 Patriarchae
1024 808 1115 842 Dioe-

232 865 318 898 ceses
331 864 421 897 fuiffe
431 873 576 905 unquam
588 861 795 903 transcriptas
817 860 853 893 in
875 857 1115 900 Hierosolymi-

232 924 362 948 tanum.
390 909 435 945 Ei
445 922 559 946 omnes
572 911 734 946 Dioeceses
747 909 911 944 Saracenis
920 908 938 941 a
950 905 1114 941 Balduino

231 964 326 1006 Rege
339 963 461 996 Latino
486 972 610 1006 ereptas
631 971 687 995 aut
707 958 889 1003 eripiendas
910 957 1046 1003 largitus
1067 957 1112 991 est

228 1011 394 1047 Paschalis
408 1012 587 1054 sccundus3
615 1021 648 1045 at
658 1009 859 1044 intercedens
882 1006 1116 1042 Antiochenus

232 1062 366 1097 limitari
377 1061 522 1096 obtinuit
534 1062 661 1099 adeas,
683 1072 752 1104 quae
767 1061 827 1094 suae
839 1059 921 1091 olim
946 1069 1015 1091 non
1041 1057 1116 1091 fuis-

232 1114 321 1146 sent.
348 1110 453 1161 Qod
477 1122 588 1146 tamen
617 1110 755 1154 primam
791 1107 1019 1147 phoeniciam,
1046 1117 1116 1151 quae

232 1173 381 1206 tempore
406 1165 526 1197 octavas
549 1161 677 1205 Synodi
701 1158 859 1203 spestabat
877 1157 917 1193 ad
935 1154 1116 1191 Antioche·

231 1223 314 1246 num
327 1236 339 1251 ‚
361 1211 544 1246 obtinuerit
579 1210 925 1253 Hierosolymitanus‚
950 1206 1054 1251 liquet
1074 1217 1114 1240 ex

231 1261 345 1297 litteris
365 1260 555 1296 Innocentii
582 1259 715 1295 secundi
741 1258 783 1295 ad
809 1257 1027 1294 Wilheltnum
1053 1255 1114 1290 Pa-

236 1309 430 1346 triarcham.

278 1361 427 1411 Qidam
439 1361 481 1397 ab
491 1359 554 1398 hac
565 1359 703 1406 synodo
727 1359 856 1395 editum
876 1366 992 1403 putant
1012 1358 1114 1392 etiam

230 1411 439 1458 privilegium
456 1412 609 1457 Episcopi
620 1412 728 1457 primae
742 1410 929 1454 Iustiniana»,
950 1408 1092 1443 civitatis
1103 1431 1115 1448 ,

229 1461 273 1496 de
283 1472 351 1506 quo
362 1462 559 1506 lastinianus
573 1460 742 1507 Augustus
756 1462 790 1494 in
803 1461 875 1505 lege
883 1458 1013 1494 novella
1035 1458 1115 1492 dire·

229 1513 279 1546 &a
298 1511 342 1547 ad
362 1512 498 1547 Petrum
520 1512 707 1548 Praefestum
733 1510 980 1545 Praetoriorum.
1017 1511 1116 1542 sanci-

229 1572 294 1598 mus
306 1561 492 1603 beatiffimum
497 1569 607 1606 primae
611 1566 644 1608 J
646 1560 806 1601 ustintaenae
817 1585 828 1600 ,
855 1559 958 1600 nostrae
972 1561 1091 1592 Patriae
1103 1581 1113 1598 ,

232 1610 511 1655 ArchissEpifimoum
521 1612 629 1646 babere
635 1609 752 1654 semper
770 1609 827 1653 sub
835 1609 894 1653 fica
909 1606 1118 1651 jurisdia‘lione

230 1660 390 1704 Episcopos
425 1665 654 1696 Provinciarum
680 1664 783 1694 Dactae
808 1661 1034 1693 mediterraneae
1047 1680 1057 1697 ‚
1082 1657 1115 1690 Θ·

229 1714 336 1745 Daciae
358 1712 509 1753 Ripensis,
534 1714 568 1746 Θ
598 1710 769 1751 Praevalts,
796 1713 832 1745 6
863 1710 1052 1747 Dardania,
1078 1708 1113 1741 6*

230 1760 339 1802 Maefiae
352 1758 533 1803 superioris,
558 1770 648 1804 atque
659 1762 824 1794 Pannoniae
838 1784 848 1800 ‚
875 1761 910 1794 (v
933 1759 973 1791 ab
999 1769 1031 1791 eo
1060 1755 1114 1789 hos

229 1811 388 1851 ordinari,
415 1809 511 1853 ipsum
532 1813 604 1844 vero
626 1812 647 1842 ἆ
667 1815 787 1851 proprio
807 1810 942 1842 ordinari
963 1809 1113 1847 concilio,

230 1861 309 1894 &in
316 1858 457 1903 subjeHis
467 1859 525 1903 fibi
536 1862 707 1894 Provinciis
718 1860 810 1892 locum
832 1858 962 1893 obtinere
981 1868 1047 1891 eum
1068 1858 1113 1889 Se-

228 1910 278 1942 dis
304 1908 468 1951 apostolice
500 1914 604 1944 Romae
618 1935 628 1951 ,
649 1907 811 1952 secundum
835 1920 871 1942 ea
899 1919 968 1951 quae
989 1906 1113 1949 definita

222 1957 504 2003 suntusanfflffimo
526 1962 615 2003 Papa
638 1961 760 2003 Vigilio.
786 1957 878 1992 Idem
903 1956 1112 2002 privilegium

226 2007 363 2043 laudant
389 2008 782 2053 Nicephoruscalixtus,
807 2008 987 2051 Procopius
1009 2007 1112 2040 Caesa-

227 2058 343 2092 reenfis
355 2082 367 2098 ,
399 2058 565 2103 Georgius
582 2059 749 2093 Cedrenus
761 2083 772 2099 ,
796 2058 831 2092 δε
850 2057 906 2091 alii
926 2058 1051 2100 plures,
1080 2064 1112 2090 at

228 2118 329 2142 nemo
338 2107 576 2153 dicit-&quinta
602 2108 740 2152 Synodo
761 2107 930 2150 prodiisse:
958 2107 1053 2141 Solus
1067 2117 1111 2139 er-

227 2157 274 2201 go
295 2157 495 2200 Iustinianus
515 2158 647 2202 captivo
674 2157 834 2192 Pontifici
854 2156 1006 2191 extorsit.
1035 2156 1112 2189 Erat

227 2217 342 2241 contra
365 2207 539 2252 antiquum
557 2209 719 2243 Romanae
739 2218 881 2245 morem,
906 2206 940 2240 &
959 2205 1110 2240 vicariam

228 2306 277 2340 vit
290 2306 454 2352 Vigffius,
480 2309 568 2351 quod
590 2308 635 2341 ita
656 2307 848 2342 Provincias
882 2306 954 2340 istas
989 2304 1110 2340 videret

227 2356 347 2390 firmari
360 2358 516 2392 Romano
528 2357 766 2392 patriarchatui
781 2370 788 2389 z
816 2356 1064 2401 Aequieverunt
1076 2356 1110 2390 &

226 2406 294 2449 ejus
314 2408 504 2443 successores
518 2433 527 2448 ‚
554 2409 600 2442 uti
624 2407 728 2452 liquet
749 2419 791 2441 ex
815 2407 931 2440 litteris
955 2406 1109 2450 Gregorii

227 2457 349 2502 Magni
367 2458 407 2491 ad
438 2458 582 2492 Felicem
605 2457 845 2496 Sardicensem,
874 2455 1108 2490 Constantium

227 2505 456 2542 Scroditanum
468 2531 477 2546 ,
501 2507 535 2540 &
550 2508 709 2550 Joannem
721 2508 917 2551 Episcopum
931 2506 1039 2550 primae
1060 2506 1111 2548 Ju-

227 2555 387 2591 stinianae.
427 2558 510 2604 Qae
529 2566 638 2591 autern
660 2558 756 2591 fuerit
786 2557 958 2600 Justiniani
982 2556 1108 2599 patria,

227 2606 273 2639 est
283 2607 382 2650 longa
393 2607 526 2650 quaestio
537 2629 547 2645 ‚
571 2606 612 2641 de
624 2618 687 2650 qua
699 2608 844 2641 videatur
855 2607 968 2639 Guido
995 2607 1108 2639 Panei-

228 2656 315 2690 rolus
328 2657 362 2689 in
375 2657 492 2690 notitia
504 2657 634 2700 Imperii
647 2657 843 2691 orientalis.
871 2655 988 2691 Paffim
999 2656 1106 2689 existi-

227 2715 335 2740 matur
345 2706 436 2739 fuifl'e
447 2707 568 2741 Acrida
580 2731 590 2747 ,
616 2707 815 2750 Metropolis
826 2706 1044 2750 Bulgarorum
1055 2730 1063 2737 .

278 2755 434 2800 Vigilius'
445 2756 601 2791 Pontifex
613 2757 672 2791 suo
683 2757 723 2791 ad
736 2757 965 2799 ‘Iustinianum
989 2754 1105 2800 Augu-

226 2806 311 2839 stum
324 2805 515 2841 Constituto
526 2806 658 2841 inseruit
669 2805 756 2841 hunc
772 2807 945 2841 articulum
959 2818 966 2837 ε
992 2806 1029 2838 Si
1040 2811 1108 2847 quis

227 2867 316 2888 unum
319 2860 352 2900 J
354 2854 432 2898 esum
442 2856 610 2897 christum,
638 2868 742 2891 verum
755 2861 811 2890 Dei
834 2859 868 2891 Θ
880 2857 1000 2889 eundem
1014 2853 1107 2897 ipfitm

227 2917 330 2938 verum
341 2906 467 2939 hominis
490 2907 624 2947 Filium,
641 2907 810 2950 futurorum
833 2912 1031 2950 ignorantiam
1054 2914 1107 2937 aut

227 2956 286 2988 diei
300 2957 410 2996 Judt'cii
433 2955 562 2999 habuiffi:
581 2958 677 2997 dicit,
703 2959 738 2990 ζ’)
763 2966 852 2990 tanta
869 2956 943 3000 scire
965 2956 1083 2997 poturffe
1096 2980 1105 2995 ‚

225 3015 341 3047 quanta
351 3011 378 3038 ei
400 3009 508 3047 Deitas
520 3030 529 3045 ,
555 3005 642 3049 quast.
654 3008 740 3040 alteri
761 3007 882 3044 cuidam
903 3005 1079 3039 inhabitans
1092 3029 1104 3045 ,

226 3055 381 3090 revelabat
400 3069 416 3096 μ
448 3054 611 3089 anathema
624 3056 681 3099 fit.
721 3056 815 3091 Hinc
837 3057 1006 3101 quaeritur,
1047 3054 1103 3088 An

227 3105 334 3144 nostra
357 3104 508 3148 synodus
530 3104 616 3139 nihil
638 3106 681 3140 de
703 3106 764 3141 illo
785 3106 957 3141 statuerit?
983 3104 1106 3139 Audia-

226 3165 298 3189 mus
333 3154 429 3190 verba
464 3155 611 3190 Liberati
642 3156 790 3191 Diaconi
822 3155 1104 3200 Carthaginenfis.

226 3204 284 3238 Sub
304 3204 452 3239 Timotheo
472 3206 570 3239 tertio
589 3204 820 3247 Alexandri-nm
857 3205 1006 3241 Ecclefiae
1029 3209 1108 3247 Epi-

224 3251 305 3296 soopo
323 3256 360 3287 de
381 3255 565 3298 corruptibili
599 3257 635 3289 eu
656 3256 872 3298 mcorruptibilt
903 3256 987 3298 apud
1008 3253 1106 3297 ipsam

230 3303 384 3344 Ecclefiam
397 3305 504 3348 questio
514 3314 588 3338 nata
611 3305 649 3345 est
671 3305 721 3338 hoc
736 3307 833 3338 modo.
859 3303 1020 3348 Requifivit
1043 3309 1105 3346 qui-

230 3353 299 3385 dam
306 3355 464 3389 monachus
473 3357 614 3389 Severum
628 3379 639 3395 ,
662 3353 1024 3389 Pseudo-patriarcham
1038 3352 1108 3387 An·

210 3429 218 3444 ι
232 3401 420 3439 ιᾶοέὶιουιιπι
429 3427 443 3444 ,
469 3406 545 3448 quid
551 3413 698 3447 oporteret
706 3406 801 3440 dicere
812 3412 914 3448 corpus
928 3408 1047 3438 Domini
1059 3414 1107 3437 no-

325 3451 427 3494 christ.
437 3457 515 3498 Lupi
524 3458 606 3498 Oper-
619 3457 696 3491 Tom.
702 3458 740 3490 IL

1175 161 1231 202 stri
1254 165 1286 207 J
1288 160 1334 205 esu
1363 160 1473 200 Christi
1487 183 1498 199 ‚
1522 161 1726 203 corruptibile,
1750 174 1791 197 an
1817 165 2051 209 incorruptibile:
2095 170 2107 188 ἵ

1181 213 1233 245 Ille
1263 210 1415 255 respondit
1434 209 1552 253 samios
1574 213 1682 244 Patres
1707 213 1889 255 corruptibile
1912 218 1989 250 illud
2011 219 2058 250 di·

1182 262 1252 305 xiffe
1263 288 1270 295 .
1298 269 1359 298 Hoc
1368 261 1521 293 audientes
1534 262 1656 301 quidam
1681 263 1949 297 Alexandrinorum
1963 291 1974 306 ,
1993 268 2057 300 cum

1182 310 1352 354 requisisti-nt
1355 314 1388 355 J
1389 312 1520 343 ultanum
1534 310 1749 347 Halicarnaffi
1763 313 1971 356 Episcopum,
1985 317 2060 357 quid

1183 364 1217 396 (θ’
1230 359 1291 405 ipse
1301 363 1409 394 diceret
1421 362 1459 394 de
1469 361 1572 394 eadem
1585 361 1737 401 quaestione
1750 387 1759 403 ‚
1785 364 1833 397 ille
1853 365 1933 396 dixit
1938 363 2056 406 sanHos

1185 414 1296 445 Patres
1306 417 1456 445 contraria
1470 411 1564 443 dicere
1578 433 1585 441 .
1615 413 1727 442 Horum
1743 418 1840 455 itaque
1853 413 1981 456 singuli,
2000 414 2060 453 sta.

1182 471 1263 495 tuere
1275 459 1439 504 responsum
1445 467 1603 502 proprium
1615 460 1744 493 volentes
1757 485 1767 500 ‚
1778 461 1960 506 scripserunt
1970 463 2060 497 libros

1183 513 1332 544 adversus
1349 511 1474 544 alterum
1489 535 1496 543 .
1534 511 1599 553 Qui
1622 515 1772 543 venientes
1794 517 1825 542 in
1843 514 2061 547 multitudinem

1180 567 1315 594 civitatis
1325 560 1480 602 Ecclesiam
1492 561 1577 593 illam
1582 557 1752 601 diviserunt
1763 582 1773 597 ‚
1798 562 1832 593 δ’
1845 564 1921 595 alios
1941 565 2061 605 quidem

1174 611 1310 653 fecerunt
1335 612 1552 653 corrupticolas
1572 610 1740 652 appellar1'3
1768 611 1870 642 veriam
1891 618 2061 655 incorrupti.

1179 661 1309 694 bilitatis
1327 661 1475 704 offertores
1488 685 1499 700 ,
1526 658 1753 701 Phantafiastas
1767 684 1774 691 .
1802 660 1966 693 Timotheus
1986 665 2060 695 verb

1177 717 1274 755 magis
1282 709 1462 754 sententiam
1473 714 1492 743 5
1494 715 1575 744 everi
1590 708 1705 753 secutus
1720 709 1758 749 est
1771 734 1777 741 .
1806 714 1863 742 Cui
1879 711 1944 743 cum
1955 712 2062 744 diceret

1179 760 1353 801 Themrstius
1376 763 1524 793 Diaconus
1534 762 1619 800 ejus,
1645 760 1682 793 SI
1712 758 1905 794 CORPUS
1934 759 2063 793 CHRI-

1179 811 1253 844 STI
1280 809 1648 845 CORRUPTIBILE
1674 809 1764 842 EST
1783 833 1793 848 ‚
1831 809 2065 844 DEBEMUS

1180 860 1295 896 EUM
1320 859 1499 894 DICERE
1528 858 1595 891 ET
1621 857 1817 905 ALIQUA
1835 857 2066 894 IGNORAS-

1178 911 1254 952 SE,
1281 909 1432 947 SICUT
1460 909 1526 943 DE
1552 907 1771 944 LAZARO.
1813 913 1873 942 Hoc
1894 908 2066 942 Timotheus

1177 965 1298 1004 negavit
1319 961 1475 994 dicendum
1488 984 1495 992 .
1523 963 1548 993 A
1565 961 1647 1000 cujus
1669 964 1863 993 communione
1891 958 2066 998 Themistius

1177 1009 1336 1053 defi-istem
1357 1009 1483 1054 schisma
1494 1009 1591 1051 fecit.
1620 1012 1665 1042 Et
1700 1009 1739 1041 ab
1765 1007 1826 1052 ipso
1849 1009 1922 1042 dic‘lt
1938 1009 2011 1053 fiant
2033 1015 2066 1042 in

1179 1060 1315 1103 AEgypto
1327 1059 1537 1100 Themistiani.
1566 1059 1634 1093 Eos
1644 1070 1725 1093 voce
1744 1069 1846 1104 graeca
1871 1058 2043 1103 Agnoetas
2056 1084 2067 1099 ‚

1179 1109 1294 1147 idest,
1318 1110 1536 1154 ignorantes,
1563 1119 1619 1143 aut
1632 1108 1825 1154 ignorantiae
1852 1108 1887 1143 in
1915 1109 2067 1143 Domino

1179 1159 1405 1204 Dogmatistas
1419 1160 1531 1202 paffim
1544 1159 1742 1202 appellamus
1756 1184 1762 1191 .

1227 1211 1391 1253 Agnoetae
1403 1210 1489 1243 fuere
1512 1207 1673 1252 duplices.
1701 1209 1805 1243 Primi
1831 1210 1904 1244 sunt
1923 1208 2070 1249 Ariani,

1179 1258 1220 1293 de
1230 1258 1347 1303 quibus
1359 1259 1492 1293 Sanetus
1507 1259 1694 1293 Ambrofius
1715 1260 1750 1292 in
1764 1259 1853 1293 libris
1877 1260 1919 1295 de
1938 1259 2004 1295 fide
2027 1261 2069 1294 ad
2085 1254 2113 1283 L·
2125 1259 2180 1288 5'0·
2195 1254 2224 1285 ⁷²

1180 1308 1375 1344 Gratianum
1390 1308 1576 1353 Augustum
1593 1334 1600 1342 .
1621 1311 1732 1342 Nonne
1742 1312 1872 1351 quotidie
1880 1310 2070 1352 perstrepunt

1181 1363 1286 1393 Ariani
1311 1358 1468 1403 scientiam
1491 1370 1603 1392 omnem
1626 1363 1657 1390 in
1680 1355 1795 1400 Christo
1823 1360 1874 1402 effe
1897 1371 1953 1392 non
1969 1360 2068 1402 poffir?

1181 1412 1264 1454 ,Quia
1285 1408 1365 1453 ilafe,
1392 1415 1550 1452 inquiunt,
1577 1409 1636 1442 diei
1657 1409 1691 1442 (θ’
1712 1408 1793 1442 borae
1809 1407 1842 1451 se
1858 1409 2001 1452 professus
2031 1408 2070 1449 est

1179 1466 1333 1503 ignarum.
1362 1462 1510 1501 Scriptum
1519 1458 1577 1499 est,
1603 1463 1744 1501 inquiunt
1758 1483 1768 1498 ,
1794 1459 1860 1493 DE
1882 1459 1964 1493 DIE
1989 1458 2070 1492 Au-

1179 1509 1289 1544 TEM
1315 1510 1426 1544 ILLO
1465 1508 1534 1542 ET
1568 1508 1711 1543 HoRA
1752 1508 1896 1542 NEMO
1934 1508 2043 1543 SCIT
2056 1534 2068 1550 ‚

1180 1558 1355 1605 NEQUE
1384 1558 1568 1594 ANGELI
1596 1557 1851 1592 COELORUM
1867 1558 2070 1604 ,NEQUE

1181 1609 1334 1644 FILIUS
1351 1634 1360 1648 ‚
1387 1609 1480 1643 NlSl
1507 1607 1659 1642 SOLUS
1698 1606 1884 1641 PATER.
1923 1608 1975 1642 Ex
2007 1607 2070 1641 hac

1179 1660 1365 1705 ignorantia
1385 1658 1553 1693 stabiliunt
1578 1659 1672 1691 suum
1694 1669 1835 1692 errorem
1858 1657 1900 1691 de
1919 1659 1996 1692 Deo
2018 1657 2071 1691 Fi-

1177 1709 1223 1743 lio
1237 1734 1248 1750 ,
1273 1709 1418 1744 dicentes
1428 1709 1490 1743 effe
1504 1720 1572 1743 non
1597 1708 1684 1751 poffe
1703 1708 1813 1742 Deum
1827 1707 1958 1752 plenum
1974 1731 1985 1748 ‚
2010 1707 2070 1742 Pa-

1176 1761 1219 1793 tri
1231 1758 1558 1794 consubstantialem.
1588 1757 1643 1791 Eis
1669 1758 1755 1792 varie
1776 1755 2070 1801 respondet.idem

1178 1808 1394 1850 Ambrofius,
1420 1821 1457 1843 ac
1469 1808 1649 1852 praemittit.
1680 1810 1815 1841 Primum
1837 1816 1954 1842 wieres
1978 1809 2070 1841 Codi-

1175 1871 1222 1893 ces
1233 1864 1332 1893 Graeci
1342 1871 1399 1893 non
1412 1859 1522 1892 habent
1535 1882 1545 1897 ,
1569 1859 1650 1900 quod
1662 1869 1713 1891 nec
1725 1859 1823 1891 Filius
1831 1857 1889 1901 scit
1902 1881 1910 1890 .
1938 1858 1997 1890 Sed
2006 1869 2064 1890 non

1175 1914 1283 1942 mirum
1296 1934 1314 1951 λ
1326 1909 1396 1951 fi&
1416 1907 1623 1950 bocfalsarint
1636 1931 1646 1947 ,
1672 1914 1727 1950 qui
1751 1909 1917 1949 Scripturas
1942 1912 2072 1948 interpo-

1175 1961 1275 1993 lavere
1287 1963 1438 1992 Divinas.
1465 1961 1538 2002 ‚Qua
1551 1963 1667 1990 ratione
1694 1966 1794 1990 autem
1815 1958 1958 1990 videatur
1983 1958 2069 1998 adie-

1175 2009 1275 2049 c‘lum,
1296 2011 1436 2051 proditur
1449 2033 1460 2049 ‚
1488 2010 1559 2041 dum
1569 2009 1613 2040 ad
1633 2012 1907 2049 interpretatlonem
1920 2012 2000 2040 tanti
2017 2005 2069 2050 sa-

1175 2061 1284 2102 crilegit
1293 2061 1452 2092 derivatur
1465 2084 1472 2090 .
1503 2062 1691 2090 Ponetamen
1713 2057 1751 2089 ab
1776 2056 1979 2100 Evangelistis
1988 2055 2062 2099 fi'ri·

1172 2117 1276 2151 ptum.
1313 2108 1415 2142 Reste
1440 2106 1531 2142 addit
1558 2106 1624 2141 hoc
1650 2107 1879 2141 moderamen.
1932 2106 2069 2141 Etenim

1175 2160 1308 2193 Sanstus
1318 2158 1544 2201 Hieronymus
1556 2157 1603 2191 ait
1626 2157 1732 2190 solum
1752 2154 1949 2190 Matthaeum
1978 2155 2070 2191 addi-

1176 2218 1321 2243 tamento
1335 2209 1507 2243 vitiatum:
1537 2208 1669 2241 Sanetus
1687 2206 1820 2240 Marcus
1839 2206 1939 2241 etiam
1968 2204 2068 2240 hodie

1175 2257 1295 2298 habet,
1320 2263 1428 2300 Neque
1439 2259 1538 2291 Filius
1552 2283 1559 2290 .
1599 2256 1709 2291 Voces
1730 2256 1802 2290 illas
1818 2255 1903 2290 varie
1927 2257 2068 2300 exponit
2083 2272 2155 2310 Cap·
2174 2280 2218 2309 ¹3·

1176 2308 1324 2342 laudatus
1338 2307 1528 2342 Ambrofius
1539 2322 1551 2341 .-
1578 2309 1683 2351 placet
1696 2306 1773 2341 vero
1786 2306 1946 2351 expositio
1958 2307 2067 2346 Sanffl

1175 2358 1330 2402 Gregorii
1355 2359 1470 2402 Magni
1484 2359 1516 2391 in
1533 2358 1647 2392 litteris
1660 2357 1701 2391 ad
1724 2357 1907 2402 Eulogium
1927 2356 2066 2392 Patriar-

1173 2407 1269 2442 cham
1281 2407 1545 2442 Alexandrinum
1557 2434 1564 2441 .
1594 2412 1640 2441 De
1659 2419 1711 2446 eo,
1736 2408 1818 2449 quod
1834 2406 1979 2450 scriptum
2001 2407 2040 2448 est
2053 2431 2064 2447 ,
2083 2428 2239 2469 L53AEp42

1172 2461 1258 2502 ,Quia
1286 2458 1409 2492 DIEM
1431 2458 1528 2492 'ET
1564 2456 1749 2492 HORAM
1794 2456 1971 2504 NEQJE
2007 2458 2065 2492 FI-

1173 2508 1276 2542 Llus
1302 2506 1482 2555 NEQUE
1509 2507 1693 2542 ANGELI
1719 2507 1931 2547 SC1UNT‚
1967 2513 2061 2541 omnt-

1172 2561 1208 2591 ηδ
1231 2559 1306 2592 rede
1328 2558 1425 2598 vestra
1445 2558 1597 2591 sanctitas
1623 2555 1711 2600 sensit
1724 2580 1735 2596 ‚
1764 2562 1906 2599 quoniam
1938 2568 1997 2590 non
2020 2558 2066 2590 ad
2097 2568 2102 2573 “

1170 2610 1303 2642 eumdem
1338 2609 1448 2642 Filium
1477 2610 1573 2649 juxta
1603 2607 1653 2639 boc
1683 2607 1762 2649 quod
1789 2615 1879 2648 caput
1904 2605 1942 2646 est
1955 2630 1967 2647 ,
2008 2605 2067 2650 sed

1163 2660 1259 2697 juxta
1278 2666 1382 2700 corpus
1405 2661 1491 2699 ejuu,
1516 2658 1596 2701 quod
1619 2655 1721 2699 sumus
1744 2669 1816 2697 nos,
1855 2655 2058 2697 est—certtffime

1169 2707 1375 2748 refierendum.
1416 2710 1491 2751 ,Qua
1503 2708 1540 2742 de
1556 2719 1589 2741 re
1602 2709 1705 2740 multis
1716 2713 1748 2740 tn
1768 2707 1836 2739 locis
1858 2706 1985 2739 sancius
2007 2712 2063 2740 Au-

1164 2757 1296 2801 gustinus
1320 2769 1351 2791 eo
1375 2755 1462 2800 sensu
1481 2763 1597 2791 utitur.
1626 2758 1733 2791 Sancti
1757 2756 1864 2791 Marci
1884 2766 1990 2790 textus
2015 2755 2062 2790 ita

1169 2805 1284 2841 habet.
1312 2811 1358 2842 De
1367 2808 1415 2841 die
1424 2809 1473 2841 illo
1496 2806 1613 2842 &bora
1622 2818 1703 2840 nemo
1719 2805 1798 2851 scit,
1822 2817 1913 2849 neque
1934 2807 2062 2850 angeli,

1170 2868 1263 2900 neque
1285 2859 1404 2899 Filius,
1430 2857 1486 2900 nist
1495 2861 1606 2892 Pater,
1635 2858 1787 2900 Exponit'
1807 2857 1842 2890 in
1865 2856 2061 2891 Praefatione

1170 2908 1325 2942 Historiae
1348 2908 1389 2942 de
1419 2908 1515 2952 gestis
1538 2910 1736 2942 Francorum
1775 2907 1908 2941 sanstus
1933 2906 2060 2952 Grego-

1152 2957 1233 2999 §rius
1267 2959 1447 3002 Episcopus
1472 2958 1696 2992 Turonensis.
1744 2955 1926 3000 Cognoscant
1953 2958 2060 2991 Ariane

1151 3007 1244 3066 ³hunc
1269 3008 1403 3047 Filium,
1440 3007 1642 3047 christianum
1671 3007 1814 3049 populum
1839 3014 2060 3048 nuncupatum,

1152 3059 1272 3099 =dequo
1293 3060 1313 3091 ἃ
1329 3061 1388 3091 Deo
1408 3059 1607 3100 praedicitur,
1635 3056 1734 3090 EGO
1760 3057 1859 3091 ERO
1884 3055 1978 3091 1LL1
2005 3057 2058 3090 IN

1151 3106 1402 3157 {PATREM0
1445 3107 1512 3140 ET
1538 3106 1619 3141 IPSI
1645 3106 1759 3140 MIHI
1794 3105 1977 3141 ERUNT
2003 3105 2057 3139 IN

1169 3157 1337 3191 FILlOS.
1364 3158 1395 3188 51*
1413 3162 1495 3190 enim
1507 3156 1570 3190 haec
1580 3157 1617 3190 de
1631 3161 1778 3201 unigenito
1797 3157 1878 3190 Filio
1892 3153 2058 3198 praedixis-

1150 3190 1155 3234 4
1163 3206 1229 3251 set,
1255 3217 1408 3248 nunquam
1422 3212 1448 3239 ei
1462 3208 1585 3249 Angelos
1607 3205 1825 3249 praeposutffet.
1856 3205 1987 3246 ostendit
1998 3216 2059 3238 non

1141 3258 1153 3263 ”’
1169 3258 1204 3289 de
1231 3262 1399 3299 unigenito,
1421 3254 1480 3299 sed
1504 3258 1542 3290 de
1564 3257 1705 3299 adoptivo
1722 3258 1827 3299 populo
1842 3255 1905 3290 haec
1931 3254 2056 3298 dixiffe.

1170 3307 1226 3340 Est
1247 3305 1400 3340 constans
1422 3307 1583 3349 expofitio
1606 3307 1706 3341 etiam
1730 3304 1839 3341 Sancti
1864 3302 2055 3338 Athanasii.

1173 3356 1216 3390 Et
1244 3355 1414 3390 adversum
1437 3354 1534 3390 hosce
1555 3356 1727 3400 Agnoetas
1746 3355 1878 3389 San-stus
1906 3353 2057 3389 Leander

1169 3406 1365 3451 Hispalensis
1375 3404 1874 3489 Archi-Episcopuszconversos
1893 3403 2057 3487 adgdem

1971 3464 2007 3485 0.
