2340 3736
364 112 427 160 82

287 199 440 239 formatis
466 201 715 247 peregrinorum
739 201 978 246 Episcoporum
1006 202 1042 235 ⁴&
1062 200 1165 235 Cleri-

282 262 399 287 corum
412 275 421 283 .
444 252 524 284 ,cum
539 250 655 298 scripta
681 254 841 288 detulerint
863 276 875 293 ,
899 249 1097 295 discutiantur
1115 260 1161 283 at·
1202 255 1204 259 ’
1226 249 1571 293 mandatApostolus.
1596 254 1875 299 Episcopidomus‚
1899 256 2009 301 inquit
2023 257 2101 291 San-

282 301 419 341 tentius,
445 302 535 339 &itti
545 308 749 344 recipiantur,
769 302 1015 346 fipraedicatores
1030 306 1162 346 pietatis
1224 300 1291 332 &us
1303 299 1532 345 Hieronymus
1550 304 1587 338 in
1597 304 1853 342 Commentariis
1865 308 1958 351 super
1970 306 2101 351 Episto-
2143 306 2151 316 '

282 351 451 392 exstiterint
470 364 484 393 ;
503 351 550 393 fin
572 354 672 390 minias
697 377 710 396 ‚
736 365 787 386 nec
803 364 874 397 quae
887 347 967 398 sunt!
984 351 1162 396 necessaria,

278 401 539 446 subministrentur
546 408 592 439 eis
601 428 612 445 ,
638 405 673 441 β·
684 404 730 437 ad
738 407 967 440 communionem
987 402 1161 437 nullatenus

281 454 487 487 admittantur
500 476 512 492 ,
537 458 609 499 quia
623 461 682 499 per
696 451 916 499 subreptionem
937 453 1036 488 multa
1047 450 1161 498 subve-

282 509 372 539 niunt
392 527 400 535 .
436 501 529 540 Hinc
561 504 648 542 olim
675 504 789 542 Romae
824 502 934 540 nullus
960 502 1085 538 advena
1110 500 1163 536 ad-

280 553 474 591 mittebatur
507 552 549 588 ad
586 554 695 591 Sancti
732 553 821 588 Petri
861 552 1033 590 Basilicam
1056 574 1068 593 ,
1103 550 1163 587 nisi

280 603 370 650 prius
395 602 508 638 litteris
531 604 596 641 suis
633 616 688 649 per
712 602 789 640 fidei
826 602 1054 647 professionem
1085 612 1164 638 con-

280 653 417 692 firmatis
443 678 458 695 ,,
487 652 578 703 quod
610 655 710 689 etiam
736 654 772 690 in
804 651 934 699 Pyrrho
973 651 1163 689 Constanti-

281 704 479 751 nopolitano
519 704 683 748 Episcopo
711 703 805 740 fuisse
835 704 997 741 servatum
1027 702 1163 739 sanetus

279 753 453 793 Maximus
476 753 590 792 ,Abbas
626 754 663 791 in
694 753 823 791 solenni
855 755 910 791 sua
939 753 1162 797 disputatione

279 804 436 839 affirmat.
463 805 557 842 Hinc
581 804 662 843 item
688 803 870 851 Stephanus
899 803 1022 850 primus
1045 803 1160 839 Ponti-

278 855 336 889 fex
355 855 465 893 Sancti
477 854 638 902 Cypriani
662 855 825 900 Legatos,
855 854 944 899 quod
955 854 1023 897 ejus
1048 854 1089 890 de
1099 851 1160 889 hae-

278 906 455 944 reticorum
467 905 638 954 Baptismo
647 904 785 943 decretis
797 904 924 941 nollent
933 905 1138 951 acquiescere
1149 927 1160 944 ‚

279 966 333 992 nec
341 957 386 993 ad
402 956 532 1003 colloquii
537 955 649 1003 saltem
665 961 824 993 communis
830 954 996 998 sermonem
1019 953 1137 999 admifit
1149 977 1159 994 ‚

276 1012 461 1053 praecipiens
481 1002 690 1044 fraternitati
709 1003 838 1051 univers
836 1017 885 1045 ae,
913 1016 951 1041 ne
971 1010 1038 1052 quis
1058 1016 1105 1038 eos
1125 1009 1159 1038 in

279 1057 398 1090 domum
416 1055 506 1099 suam
523 1061 666 1101 reciperet
679 1080 690 1096 ,
715 1065 749 1089 ut
771 1055 962 1092 venientibus
987 1066 1046 1089 non
1064 1053 1159 1099 fhlicm

269 1116 344 1153 pax
355 1109 389 1141 (5
408 1111 589 1146 communio,
610 1104 711 1149 fied&
728 1106 837 1141 tellum
849 1103 1051 1148 &hospitium
1073 1116 1158 1149 nega-

279 1166 378 1193 retur.
406 1154 513 1191 Addit
524 1155 694 1194 Eliberina
716 1156 892 1202 Synodus,
915 1154 1097 1198 nefaeminae
1107 1155 1158 1189 lit-

273 1215 355 1243 teras
369 1206 572 1253 pacificatur!
581 1204 671 1253 suum
678 1205 772 1253 Jblum
790 1218 896 1243 nomen
911 1204 1045 1254 scriptas
1053 1211 1157 1248 recipi-

272 1266 350 1292 ant.
378 1255 470 1295 Addi
490 1256 588 1294 debet
609 1267 732 1294 nomen
758 1257 868 1293 mariti
891 1282 898 1289 .
926 1256 1063 1293 EtenIm
1085 1256 1158 1302 ipsae

272 1307 368 1343 aliter
378 1319 439 1341 nec
449 1306 491 1344 ad
502 1307 623 1345 Laicos
636 1308 755 1351 possint
779 1306 913 1343 scribere
924 1332 932 1342 ,

326 1357 448 1394 Primis
469 1357 581 1404 itaque
611 1358 758 1396 Ecclesiae
779 1358 902 1393 saeculis
934 1355 976 1391 ad
996 1355 1156 1400 ejusmodi

274 1407 398 1442 -litteras
409 1408 517 1455 quivis
529 1406 634 1444 fidelis
645 1409 678 1442 in
693 1409 840 1452 quemvis
851 1406 983 1442 fidelem
994 1417 1062 1442 erat
1086 1406 1156 1442 hos-

275 1458 404 1502 pitalis,
433 1458 568 1495 Etenim
581 1458 696 1495 Petrus
717 1457 899 1503 Apostolus
909 1468 969 1491 nos
989 1458 1053 1492 effe
1063 1468 1156 1492 man-

275 1508 334 1544 dat
353 1506 513 1551 hospitales
518 1507 581 1550 fine
605 1514 854 1543 murmuratione.
880 1508 925 1543 Et
937 1507 979 1541 ad
1000 1507 1158 1542 Hebraeos

93 1556 1160 1646 rmatriti,555ff3³225u15⁶25‘5„3355iliis:

282 1663 358 1696 tatis
369 1670 427 1692 non
441 1659 544 1702 neceffe
563 1657 706 1695 habemus
717 1658 802 1693 vobis
820 1657 951 1702 firibere
962 1683 970 1691 .
996 1657 1107 1698 Loqui
1118 1656 1158 1693 de

99 1707 161 1740 lad-
179 1702 262 1738 1³r2f.
279 1708 515 1753 hospitalitatis
525 1706 683 1744 charitate
694 1709 831 1747 affirmat
842 1709 976 1744 Sanstus
993 1708 1158 1751 Hierony·

279 1771 353 1796 mus
365 1760 398 1796 in
411 1759 660 1795 commentariis
674 1759 827 1803 Epistolae
837 1757 876 1794 ad
890 1759 1041 1794 Galatas.
1070 1758 1113 1793 Et
1122 1758 1156 1791 in

277 1809 428 1855 Epistola
449 1810 492 1844 ad
517 1808 740 1845 Timotheum
752 1821 806 1844 eas
826 1809 909 1844 solas
932 1808 1066 1850 viduas,
1091 1819 1160 1852 quae

279 1861 441 1895 maritatae
463 1858 587 1904 hospitio
599 1865 763 1901 receperint
782 1861 816 1894 ὁ·
828 1859 1000 1895 samiorum
1016 1860 1107 1902 pedes
1117 1860 1159 1894 la·

278 1917 380 1944 verint
389 1936 400 1954 ‚
423 1910 531 1944 scribit
543 1909 583 1946 ab
595 1911 738 1947 Ecclefia
749 1909 960 1946 honorandas
974 1934 981 1941 .
1010 1909 1053 1943 Et
1066 1909 1157 1952 Joan-

277 1971 334 1994 nes
345 1959 527 2004 Apostolus
549 1960 628 1996 dure
638 1960 772 1995 damnat
796 1959 1002 2005 Diotrephen
1026 1958 1161 2003 Episco-

278 2022 381 2055 pum,
406 2011 497 2054 quod
509 2021 615 2054 neque
636 2008 810 2054 hospitalis
828 2011 904 2047 esset
917 2034 928 2051 ‚
955 2019 1060 2054 neque
1083 2010 1158 2044 suos

279 2060 428 2095 subditos
438 2061 500 2097 esse
522 2060 713 2101 sustineret,
737 2059 857 2103 dequo
881 2059 1041 2095 videndus
1051 2058 1158 2093 lauda·

94 969 192 1011 epist·
201 979 246 1011 75,

101 1164 202 1197 081,

96 2127 134 2156 C,
155 2136 179 2155 1,
276 2120 328 2144 tus
337 2110 565 2153 Hieronymus
584 2110 620 2143 in
635 2110 891 2144 Commentariis
914 2110 1006 2153 super
1029 2108 1158 2153 Episto-

95 2167 129 2199 ἱ.
144 2163 256 2198 I’raescr.
276 2160 343 2197 lam
365 2160 406 2196 ad
427 2160 551 2196 Titum
571 2184 578 2194 .
605 2159 651 2196 Et
673 2159 903 2195 Tertullianus
926 2158 1158 2203 hospitalitatis

96 2215 178 2238 0²0·
275 2211 584 2248 contefferationem
615 2210 678 2246 esse
700 2209 782 2245 dicit
812 2220 868 2253 per
888 2219 1023 2246 omnem
1046 2208 1158 2245 Eccle-

275 2262 355 2297 fiam
369 2285 380 2301 ‚
405 2259 519 2304 utpote
531 2259 700 2295 fundatam
712 2260 746 2294 in
759 2259 857 2295 unius
867 2258 945 2294 fidei
971 2261 1157 2294 Sacramen-

211 2340 217 2348 ‚
275 2322 313 2347 to
331 2336 338 2343 .
367 2311 411 2346 Et
434 2310 530 2346 uxori
562 2311 625 2343 suae
646 2308 806 2344 dissuadet
841 2309 968 2353 gentile
990 2310 1157 2348 matrimo-

276 2362 394 2400 nium,
422 2360 513 2403 quod
524 2359 717 2394 adventanti
729 2358 819 2395 fiatri
831 2358 961 2395 nullum
971 2358 1029 2394 sub
1050 2359 1155 2403 genti—

276 2412 302 2444 li
324 2411 445 2445 marito
465 2410 561 2454 possit
581 2411 645 2444 esi'e
665 2407 847 2453 hospitium
870 2434 878 2442 .
905 2408 1016 2444 Etiam
1038 2408 1156 2443 mediis

280 2460 433 2498 Ecclefiae
456 2459 576 2495 saeculis
586 2458 687 2495 Italos
707 2458 794 2493 cives
813 2458 878 2495 una
896 2469 973 2493 cum
995 2458 1157 2504 Episcopo

276 2510 318 2546 ad
329 2511 464 2546 alendos
474 2509 664 2555 peregrinos
673 2509 846 2544 contulisse
858 2508 968 2544 scribit
977 2508 1158 2553 Gregorius

276 2562 425 2607 Magnus
449 2561 491 2595 ad
512 2559 693 2596 Fantinum
715 2559 950 2595 Defensorem.
978 2558 1023 2593 Et
1043 2557 1158 2594 Theo-

277 2612 392 2647 dulfus
413 2609 658 2646 Aurelianensis
680 2608 861 2654 Episcopus
881 2608 945 2644 suis
964 2606 1098 2643 mandat
1122 2608 1158 2644 in

281 2660 491 2706 Capitulari,
518 2668 554 2696 ut
575 2660 651 2694 nulli
669 2657 828 2703 hospitium
833 2658 969 2702 praebere
978 2657 1160 2699 detrec‘lent,

279 2712 378 2757 idque
397 2711 519 2756 gratis,
547 2709 707 2754 quoniam
730 2710 835 2754 pretio
846 2709 928 2746 facta
954 2707 1158 2753 hospitalitas

279 2763 320 2796 fit
341 2760 521 2796 inhumana
541 2761 576 2794 &
601 2759 741 2795 crudelis
762 2784 770 2793 .
797 2760 958 2795 Carolum
989 2759 1155 2805 Magnum

280 2811 468 2856 Eginardus
487 2810 627 2847 affirmat
647 2809 741 2844 fuiffe
763 2808 845 2845 adeo
867 2808 1062 2853 hospitalem
1083 2833 1095 2851 ,
1120 2819 1158 2843 ut

281 2854 529 2907 peregrinorum
541 2870 693 2896 numerus
716 2870 784 2894 non
796 2860 856 2895 soli
876 2859 1023 2904 palatio,
1049 2860 1102 2893 sed
1122 2860 1157 2894 &

107 2940 154 2969 LI
189 2943 205 2965 c
220 2937 255 2965 ¹⁶
282 2911 347 2946 toti
367 2922 467 2955 regno
477 2911 571 2946 fuerit
590 2910 765 2946 onerosus.
794 2908 915 2954 Neque
924 2908 991 2944 haec
1016 2909 1051 2943 in
1063 2907 1158 2944 Chri-

107 2946 223 3012 1s.4i9',
256 2955 263 2962 ’
283 2961 395 2995 stianis
419 2961 590 2996 miremur:
617 2960 803 3004 Legantur,
833 2970 902 3003 quae
923 2959 964 2993 de
987 2960 1158 2994 Romano-

104 3026 132 3048 c.
149 3024 197 3045 ιι.
220 3024 268 3043 22.
282 3020 355 3046 rum
377 3010 548 3054 gentilium
570 3034 582 3050 ,
607 3010 850 3044 Germanorum
874 3033 886 3049 ,
910 3009 946 3043 &
969 3008 1157 3044 Sclavorum

106 3059 165 3089 1⁴¹·
185 3057 261 3087 ⁶⁰8²·
283 3059 501 3104 hospitalitate
522 3059 668 3096 scribunt
690 3058 889 3094 Ammianus
919 3058 1134 3094 Marcellinus
1147 3085 1159 3103 ‚

280 3109 458 3147 Cornelius
469 3110 611 3145 Tacitus
623 3134 635 3154 ,
662 3109 696 3146 &
708 3107 878 3155 Presbyter
888 3107 1099 3145 Hemboldus
1108 3134 1117 3144 .

544 3256 899 3386 ffiffiffi
969 3276 977 3285 ’

558 3388 900 3519 ᾞἙᾞ

99 2592 135 2625 C.
153 2599 199 2629 ις,

745 114 1037 164 (ΞΑΝοΝες
1070 116 1638 164 Cnarceoonenses

1278 198 1476 244 Episcopum
1488 213 1599 239 tamen
1608 205 1672 239 effi:
1681 205 1886 251 singulariter
1910 205 2104 251 hospitalem

2172 296 2195 316 1.

1221 348 1291 385 lam
1302 349 1345 384 ad
1364 349 1486 386 Titum
1500 376 1510 391 ‚
1533 359 1664 388 omnium
1673 367 1823 391 emmane
1846 358 1931 392 debet
1944 356 2100 402 effehospt-

1224 405 1315 434 tium.
1344 404 1453 436 Laicus
1475 408 1555 435 enim
1571 415 1686 446 unum,
1707 416 1765 440 aut
1783 409 1857 441 duos
1877 433 1888 450 ‚
1913 419 1968 442 aut
1989 416 2099 449 paucos

1224 455 1368 493 recipiens
1375 452 1511 495 implebit
1518 451 1731 496 hospitalitatis·
1740 458 1862 499 officium
1872 471 1882 501 3
1908 462 1973 502 Epi
1970 457 2076 502 scopus
2087 481 2100 498 ,

1226 500 1282 543 nist
1285 513 1388 537 omnes
1397 508 1536 547 receperit
1543 527 1555 544 ,
1584 503 1625 544 est
1635 504 1817 539 inhumanus
1830 530 1839 538 .
1867 508 1970 555 Qod
1994 510 2098 552 ipsum

1226 551 1259 584 in
1281 551 1397 587 litteris
1408 551 1449 586 ad
1468 552 1658 588 Marianum
1682 555 1850 590 Ravennae
1875 557 2074 603 Episcopum
2086 583 2097 599 ‚

1223 600 1301 636 &in
1311 601 1427 638 litteris
1436 603 1477 637 ad
1488 602 1710 639 Anthemium
1721 604 1967 641 Subdiaconum
1977 632 1990 649 ,
2007 609 2100 652 Apo-

1224 650 1379 687 stoliciin
1391 653 1575 698 Campania
1585 654 1780 690 Patrimonii
1802 656 1999 697 Restorem,
2024 659 2099 693 scri·
2115 672 2172 706 μς,
2185 669 2271 706 Epist.

1226 701 1274 735 bit
1295 701 1477 747 Gregorius
1497 703 1644 749 Magnus
1670 731 1676 739 .
1704 707 1759 741 De
1779 708 1899 742 Sansto
1930 706 2097 753 Gregorio
2112 714 2159 742 28.
2187 716 2232 741 26.

1224 751 1439 788 Nazianzeno
1451 754 1548 789 refert
1558 755 1593 788 in
1601 754 1671 798 ejus
1685 758 1751 791 vita
1772 757 1952 803 Gregorius
1961 756 2098 801 Presby-

1223 811 1290 841 ter,
1315 802 1405 846 quod
1417 802 1463 838 ob
1484 803 1623 840 nimiam
1632 816 1852 850 paupertatem
1871 819 1910 846 ac
1930 807 2099 851 hospitali-

1222 853 1296 886 tatis
1308 852 1540 897 impotentiam
1550 855 1690 899 recipere
1701 868 1774 891 recu
1779 857 1852 892 sarit
1862 858 2105 902 Episcopatum-

1221 902 1448 938 Zazimorum.
1478 905 1522 939 Et
1531 904 1688 940 Ecclesias
1698 905 1883 942 Palaestinas
1892 906 2001 943 laudat
2013 909 2100 943 Her·
2117 903 2177 939 [³5¹
2193 911 2269 939 015’

1221 953 1303 988 mias
1311 954 1523 989 Zozomenus
1535 965 1704 998 tamquam
1716 954 1778 991 hac
1789 958 1907 991 virtute
1925 969 2098 993 exornatas

1221 1005 1239 1038 ὸ,
1250 1004 1363 1048 primis
1388 1005 1454 1039 suis
1476 1005 1707 1040 fundatoribus
1719 1031 1726 1038 .
1753 1007 1797 1041 Et
1807 1007 1848 1041 de
1859 1008 2009 1044 Wazone
2020 1009 2098 1053 Epi·
2112 1018 2232 1057 cap.90,

1222 1055 1319 1098 scopo
1341 1054 1515 1090 Leodienfi
1529 1055 1576 1090 ait
1597 1054 1777 1092 Anselmus
1786 1056 1928 1099 ejusdcm
1945 1059 2100 1094 Ecclefiae

1221 1104 1418 1140 canonicus:
1442 1107 1577 1148 statuit,
1604 1116 1638 1140 ut
1659 1118 1755 1140 omnes
1772 1112 1922 1150 peregrini
1924 1107 1988 1150 fine
2012 1116 2098 1151 equis

1216 1160 1430 1198 pervenientes
1446 1154 1512 1198 fine
1532 1155 1651 1200 repidsa
1672 1164 1870 1200 reciperentur
1890 1170 1900 1201 3
1926 1163 1979 1201 qui
1999 1169 2099 1193 aurem

1220 1211 1252 1239 in
1262 1211 1345 1248 equis
1367 1206 1512 1250 venissent
1524 1231 1538 1248 ,
1564 1205 1735 1251 Epistopali
1744 1209 1980 1250 relinquerentur
1991 1209 2100 1242 Excol-

1219 1256 1337 1290 lentiae.
1366 1258 1409 1291 Et
1420 1256 1505 1292 inter
1529 1257 1704 1299 articulos,
1731 1258 1882 1302 aquibus
1903 1260 1938 1292 in
1958 1258 2098 1302 Synodo

1220 1306 1261 1341 ad
1283 1306 1454 1354 Qercum
1472 1306 1535 1341 fuit
1557 1307 1727 1353 degradari
1749 1308 1929 1354 postulatus
1962 1309 2099 1343 Sanetus

1220 1357 1360 1400 Joannes
1381 1355 1658 1401 Chrysostomus,
1685 1369 1754 1393 erat
1767 1383 1778 1400 ‚
1803 1359 1897 1402 ,Quod
1913 1357 2099 1402 hospitalita-

1219 1415 1277 1440 tem
1289 1431 1300 1448 ‚
1318 1405 1400 1448 solus
1414 1408 1547 1451 quotidie
1567 1409 1767 1451 comendans,
1792 1410 1958 1455 desereret.
1986 1409 2100 1457 Qim

1221 1457 1287 1492 haec
1297 1456 1399 1492 virtus
1421 1458 1546 1502 semper
1558 1459 1696 1504 viguerit
1706 1459 1743 1493 in
1766 1458 1922 1496 Romana
1933 1459 2076 1494 Ecclesia
2087 1484 2100 1501 ‚

1219 1507 1361 1542 ostendit
1386 1507 1551 1543 Martinus
1576 1509 1698 1552 primus
1723 1508 1882 1545 Pontifex
1901 1534 1914 1552 ,
1939 1509 2101 1544 Constan-

1219 1557 1260 1591 tis
1292 1557 1435 1602 Augusti
1467 1559 1653 1602 proceribus
1690 1559 1884 1604 rogantibus
1910 1584 1922 1600 ,
1959 1560 2101 1604 qualiter

1222 1607 1364 1650 Pyrrhus
1378 1607 1566 1643 Patriarcha
1590 1608 1981 1654 constantinopolitanus
1991 1609 2100 1644 fuisset
2118 1629 2191 1671 Epist
2207 1636 2250 1662 ¹4

1221 1658 1336 1692 Roma:
1357 1668 1504 1702 recepms
1523 1679 1536 1699 ,
1560 1658 1756 1703 respondens
1781 1683 1789 1690 .
1815 1663 1873 1692 Vos
1898 1662 2019 1692 Domini
2041 1664 2100 1692 mei
2193 1654 2201 1662 '

1220 1706 1337 1751 nescitis
1362 1711 1533 1742 Romanam
1561 1706 1719 1751 Ecclesiam
1742 1721 1753 1741 .·
1781 1711 1854 1742 Dico
1878 1715 1958 1742 enim
1988 1709 2074 1742 vobis
2088 1732 2100 1749 ‚

1217 1764 1289 1800 quia
1308 1757 1443 1803 quisquis
1454 1764 1540 1793 venit
1558 1758 1628 1793 illuc
1635 1757 1816 1803 miserabilis
1841 1758 1925 1791 homo
1943 1757 2100 1801 hospitari,

1218 1814 1316 1841 omnia
1325 1810 1368 1840 ad
1386 1807 1654 1851 usumpraebentur
1675 1813 1727 1849 ei,
1752 1809 1910 1842 &nullum
1936 1813 2099 1842 immunem

1219 1856 1286 1901 suis
1299 1859 1386 1892 donis
1406 1857 1534 1892 sanetus
1545 1859 1656 1892 Petrus
1680 1859 1794 1900 repellit
1806 1863 1987 1892 venientium
2006 1858 2075 1892 illuc
2085 1883 2098 1900 ‚

1214 1906 1272 1951 fi'd
1284 1913 1378 1950 panis
1402 1908 1598 1950 mundtffimus
1622 1909 1658 1942 ὑ·
1676 1913 1752 1942 vina
1762 1906 1882 1952 diversa
1904 1908 2017 1942 dantur
2038 1919 2097 1941 non

1214 1956 1308 2002 solum
1330 1964 1357 1992 ei
1370 1982 1382 1999 ,
1402 1956 1461 2001 sed
1480 1956 1646 1992 homnibus
1665 1964 1693 1992 ei
1708 1957 1949 2001 pertinentibus.
1976 1961 2009 1992 si
2029 1961 2097 2003 ergo

1218 2015 1251 2043 in
1261 2006 1476 2052 miserabilibus
1486 2007 1653 2043 bominibus
1663 2007 1727 2043 baec
1744 2007 1846 2051 fiunt,
1872 2013 1924 2051 qui
1937 2015 2022 2043 venit
2046 2008 2100 2043 ho<

1219 2059 1383 2099 norabilis,
1405 2058 1480 2103 ficut
1505 2057 1696 2104 Episcopus,
1725 2060 1827 2103 quales
1848 2056 1989 2104 sumptus
2011 2057 2096 2093 debet

1212 2107 1360 2153 suscipere
1372 2110 1386 2145 ?
2096 2132 2099 2135 >

1270 2159 1431 2194 Etiamin
1455 2158 1659 2195 monasteriis
1670 2158 1783 2205 vigere
1804 2157 1903 2194 debet
1914 2155 2027 2193 eadem
2037 2159 2101 2192 vir-

1219 2219 1289 2243 tus.
1316 2208 1451 2244 Etenim
1461 2208 1497 2244 in
1509 2210 1699 2254 praefatione
1720 2209 1761 2243 ad
1783 2207 1904 2242 librum
1925 2208 2098 2252 septimum

1218 2259 1528 2293 commentariorum
1551 2260 1643 2302 super
1665 2256 1871 2294 Ezechielem
1893 2256 2098 2301 prophetam

1218 2308 1326 2343 scribit
1344 2309 1478 2343 Sanetus
1498 2307 1743 2353 Hieronymus.
1783 2309 1882 2342 Nulla
1902 2306 1975 2341 bora
1996 2332 2008 2349 ,
2035 2309 2098 2342 nul-

1217 2360 1335 2403 lumque
1351 2366 1529 2392 momentum
1542 2357 1581 2400 est
1602 2382 1614 2399 ,
1638 2365 1734 2401 inquo
1755 2369 1814 2390 non
1817 2356 1957 2399 fratrum
1968 2369 2099 2391 occurra-
2154 2390 2158 2397 ,

1218 2421 1284 2443 mus
1303 2408 1402 2442 turbis
1416 2432 1427 2448 ,
1452 2408 1660 2449 &monasterii
1667 2406 1858 2451 solitudinem
1877 2405 2098 2451 hospitumfre-
2132 2411 2153 2426 ⁸

1217 2464 1338 2502 quentia
1357 2467 1564 2493 commutemus
1585 2483 1592 2490 .
1617 2457 1678 2492 Ait
1701 2459 1733 2492 se
1754 2456 1870 2492 studiis
1891 2468 2003 2492 vacare
2024 2469 2095 2492 non

1220 2509 1327 2552 posse,
1354 2507 1411 2549 nist
1427 2509 1607 2549 lucrativis,
1633 2509 1724 2542 immo
1738 2505 1874 2548 furtivis
1898 2507 2024 2541 noctium
2043 2507 2095 2541 bo-

1218 2565 1263 2592 ris
1275 2583 1282 2592 .
1310 2558 1481 2603 Ejusmodi
1505 2557 1659 2594 laudibus
1679 2557 1952 2592 monasteriorum
1971 2559 2094 2592 scatent

1219 2608 1353 2653 antiqua
1379 2618 1596 2643 monumenta
1620 2634 1627 2642 .
1665 2608 1756 2643 Hinc
1787 2607 1954 2652 Magnum
1984 2607 2136 2652 Belgiip‚
2157 2629 2204 2658 ²5·

1220 2655 1412 2693 Chronicon
1422 2657 1504 2692 dicit
1524 2658 1756 2694 monasterium
1770 2657 1957 2692 stabulense
1974 2658 2095 2692 merito

1219 2708 1259 2743 fic
1279 2709 1388 2743 vocari
1400 2732 1411 2748 ‚
1436 2709 1550 2752 utpote
1561 2708 1652 2752 quod
1673 2709 1712 2743 sit
1725 2707 1888 2743 stabulum
1904 2708 2095 2750 quorumvis

1221 2759 1464 2804 peregrinorum
1484 2783 1492 2791 .
1520 2758 1672 2793 Eundem
1699 2759 1735 2792 in
1768 2760 1869 2793 finem
1889 2759 1935 2791 ait
1961 2757 2096 2802 Belgica

1218 2809 1413 2844 monasteria
1425 2809 1535 2851 passim
1549 2810 1729 2843 constructa
1742 2808 1777 2843 in
1790 2808 1871 2843 locis
1881 2808 2004 2842 aviis&
2014 2806 2096 2852 peri-

1219 2858 1350 2894 culosis.
1378 2856 1483 2907 Qod
1507 2859 1742 2893 Cluniacenses
1764 2859 1854 2904 plura
1867 2859 1903 2893 in
1929 2857 2096 2902 hospites,

1219 2909 1362 2953 quimin
1385 2908 1574 2951 semetipsos
1584 2908 1709 2959 soleant
1734 2909 1939 2953 expendere,
1963 2906 2096 2944 testatur
2111 2893 2141 2922 L*
2166 2900 2191 2927 5·

1220 2959 1421 2994 Guilielrnus
1442 2957 1751 2996 Malmesberiensis.
1781 2957 1930 2993 Eandem
1942 2957 2097 2993 virtutem
2113 2957 2232 3009 5155stAE

1222 3011 1255 3044 in
1268 3007 1538 3044 Cistercienfibus
1550 3009 1694 3045 eminere
1704 3009 1816 3045 scribit
1829 3007 2011 3054 Stephanus
2021 3006 2097 3053 Epi⁴

1224 3061 1339 3105 scopus
1348 3057 1567 3095 Tornacenlis
1576 3084 1583 3093 .

2111 2740 2137 2767 F.
2164 2746 2227 2775 ¹53·

1966 3506 2053 3542 CA·
