2340 3736
114 1674 207 1715 &fifh
228 1680 274 1717 67.

369 175 469 216 266·

298 264 387 289 nones
413 257 570 295 antiquam
584 249 844 296 consuetudinem,
871 262 968 284 omnes
996 253 1188 293 AEgyptiacae

301 310 436 348 regiones
447 301 600 346 infiergent
625 308 658 335 in
670 314 740 336 nos.
767 305 851 346 Ergo
877 300 1057 344 misiremini
1082 299 1187 340 nostrae

295 352 458 399 senet‘lutis
470 378 481 394 ‚
506 354 541 389 ό·
552 364 610 386 non
613 352 742 399 faciatis
756 365 808 389 nos
819 359 854 390 in
872 355 1112 397 peregrinatione
1138 361 1189 382 no·
1218 362 1221 364 Α

293 403 393 447 stram
403 410 503 443 vitam
512 400 678 446 confiimere
689 429 697 437 .
725 403 768 439 Et
779 412 895 440 omnes
905 401 956 434 isti
968 400 1123 444 Episcopi
1136 400 1180 434 se-

300 455 335 489 se
346 455 382 493 in
406 463 524 488 terram
550 453 746 497 prostravere
758 477 768 493 ,
793 452 991 491 clamantes:
1020 451 1185 486 ,Clementes

299 503 389 547 esti&
413 501 592 547 miseremini
604 503 706 544 nostri.
726 506 759 547 J
761 514 812 535 am
825 513 882 535 non
887 501 1034 548 poffumus
1049 498 1186 539 babitare

301 561 336 588 in
344 556 529 595 Provincia,
553 553 731 597 miseremini
754 551 860 597 nostri.
888 552 1076 590 occidimur,
1103 548 1187 594 mise·

299 610 407 640 remini
415 604 505 645 nostri
516 629 524 637 .
553 608 696 637 Morimur
702 611 760 645 per
772 600 869 642 vestra
893 600 1017 645 vestigia
1030 625 1040 641 ,
1067 599 1186 643 misere-

301 660 378 691 mini
389 654 494 695 »οβ’-,1.
523 658 686 693 Moriamur
712 654 732 689 ,ἃ
743 652 826 685 vobis
835 675 846 691 ,
872 653 907 685 δ’
933 662 989 685 non
1003 651 1063 684 illic
1074 676 1083 685 .
1107 654 1184 684 Fiat

301 705 350 739 bic
361 705 469 746 Archi·
478 703 643 747 Episcopus
654 727 666 746 ‚
693 699 944 745 &subftribimus
957 726 968 743 ‚
996 703 1031 735 <9⁹
1040 699 1183 744 consenti-

299 767 368 790 mus
378 781 386 789 .
416 754 595 799 Miseremini
605 763 745 786 canorum
759 750 936 793 nestrorum.
966 755 1060 790 Detur
1071 751 1118 784 hic
1130 755 1182 789 Ar-

297 802 538 847 chi-Epiftopus
549 827 556 836 .
584 807 685 843 Novit
697 805 755 842 Dei
770 803 980 843 ,amantifflmus
1003 801 1183 843 Archi-Epi-

292 856 396 907 scopus
408 855 561 888 anatolius
572 878 583 895 ‚
607 857 679 897 quia
689 853 759 887 talis
768 851 938 896 consuetudo
975 859 1006 885 in
1021 851 1181 895 AEgyptia-

299 919 334 942 ea
344 911 461 949 regione
473 904 601 942 obtinuit
612 927 623 944 ,
648 913 682 940 ut
691 914 790 943 omnes
803 901 943 946 Epifiopi
971 901 1112 935 obediant
1127 906 1183 935 Ar-

298 953 504 998 chi-Episcopo
515 954 710 994 Alexandria
719 978 727 985 .
754 957 827 986 Non
839 959 910 996 quia
932 965 990 991 non
1001 952 1179 995 obtempera·

296 1017 363 1043 mus
388 1005 519 1045 synodo,
540 1003 601 1048 sed
615 1004 772 1036 occidimur
791 1008 824 1041 in
839 1009 970 1045 patria,
998 1001 1182 1046 Miseremini

294 1055 401 1096 'nosti-i.
425 1054 536 1088 Hasce
547 1064 656 1098 preces
671 1054 706 1087 in
720 1053 821 1087 varias
841 1050 1046 1097 supplicandi
1060 1054 1183 1087 formu-

293 1106 343 1140 las
354 1104 582 1145 instantiffime
592 1105 765 1142 iterarunt,
794 1103 895 1138 Reae
921 1107 957 1143 in
970 1104 1176 1143 consuetudi·

295 1156 350 1190 nis
360 1156 424 1190 suae
435 1155 550 1196 testem
561 1152 732 1194 adducunt
745 1154 943 1188 Anatolium
956 1152 1176 1192 Patriarcham

293 1204 707 1250 Constantinopolitanum
722 1217 729 1237 ι
757 1204 890 1238 Etenim
916 1205 973 1238 ille
993 1215 1096 1247 nuper
1123 1203 1179 1238 sub

294 1257 462 1291 Dioscoro
474 1257 578 1290 fuerat
587 1255 733 1290 Ecclefiae
741 1253 974 1294 Alexandrina>
985 1253 1175 1288 ArchieDia-

293 1318 402 1341 conus
414 1331 424 1348 ‚
450 1308 485 1341 ὅ(
498 1307 532 1340 in
547 1306 651 1351 Regia
663 1305 798 1340 civitate
812 1304 1038 1348 Apocrisarius
1048 1330 1058 1345 ‚
1070 1306 1179 1348 proin-

296 1358 401 1402 deque
420 1356 627 1400 peritiffimus
638 1355 810 1400 AEgyptiae
832 1353 1050 1392 Hierarchiae.
1078 1354 1179 1392 Recte

294 1406 376 1441 item
387 1407 504 1441 dicunt
517 1408 579 1441 effe
590 1407 749 1450 plurimos
762 1406 794 1441 in
809 1405 966 1450 AEgypto
980 1405 1176 1448 Episcopos.

295 1457 434 1491 Etenim
460 1457 569 1495 SanEii
597 1453 767 1494 Athanasii
799 1455 946 1498 Synodis
979 1455 1176 1500 quandoque

296 1518 430 1541 centurn
457 1506 592 1546 adfuisse
611 1506 750 1549 legimus
761 1528 773 1546 ,
797 1505 832 1541 ἀ
859 1506 893 1538 in
921 1504 988 1538 sola
1002 1504 1177 1553 Pentapoli

294 1556 388 1591 fuisse
396 1557 553 1601 grandem
564 1555 801 1599 Episcoporum
828 1562 970 1592 ,turmam
998 1553 1107 1587 scribit
1134 1554 1175 1588 ad

295 1604 526 1650 Theophilum
537 1604 759 1644 patriarcham
768 1603 986 1647 Metropolita
997 1604 1088 1638 dietae
1100 1603 1174 1638 Pro-

293 1657 409 1690 vinciae
420 1658 554 1691 Sanc‘ius
563 1655 714 1698 synesius
725 1678 735 1694 ‚
755 1654 934 1698 Episcopus
947 1654 1174 1693 Ptolomensis.

293 1707 395 1747 Reste
405 1707 531 1741 addunt
544 1718 553 1748 3
564 1710 660 1744 Detur
670 1704 716 1737 bic
729 1703 994 1748 Archi-Epistopus
1005 1730 1012 1737 .
1040 1703 1176 1739 Etenim

293 1757 507 1801 Apostolicus
518 1755 658 1797 Canon,
687 1754 889 1788 Patriarchas
899 1754 932 1787 in
948 1754 1074 1800 propria
1106 1755 1177 1789 sede

292 1807 372 1852 eligi
386 1806 545 1841 mandans
569 1805 604 1839 δε
619 1805 794 1843 consecrari
809 1829 820 1845 ‚
846 1805 967 1848 semper
977 1801 1106 1848 excepit
1119 1806 1177 1848 Sy-

292 1858 421 1895 nodum
431 1856 617 1904 generalem
630 1881 637 1888 .
664 1855 828 1889 Omnium
844 1855 1048 1899 generalium
1072 1855 1176 1901 Syno-

293 1906 411 1941 dorum
432 1907 536 1950 prima
559 1906 694 1945 Nicaena
716 1906 749 1940 in
762 1905 868 1939 Sancti
890 1904 1088 1949 Philogonii
1116 1904 1175 1938 Pa·

293 1956 441 1991 triarchae
451 1955 683 1994 Antiochensis
694 1953 781 1997 apud
791 1954 822 1988 se
833 1955 975 1993 defunsti
987 1955 1100 1992 locum
1113 1955 1173 1990 suf-

293 2007 372 2046 fecit
394 2007 547 2045 Sanfium
569 2005 774 2044 Eustatium,
801 2003 1174 2047 Constantinopolitana

292 2057 461 2101 promovit
485 2055 679 2094 Flavianum
706 2053 958 2092 Antiochenum
998 2054 1032 2091 &
1060 2054 1174 2088 Nesta-

293 2107 382 2146 rium
402 2103 814 2147 constantinopolitanum
828 2128 838 2143 ,
865 2104 899 2137 &
920 2103 1071 2137 Anatolii
1083 2104 1173 2138 6οη-

292 2156 581 2200 stantinopolirani
608 2155 642 2188 &
654 2154 798 2187 Maximi
814 2152 1018 2188 Antiocheni
1031 2153 1172 2189 Ordina-

292 2208 416 2243 tionem
433 2206 602 2240 damnavit
628 2203 840 2239 sanetusLeo
853 2226 864 2243 ‚
890 2215 957 2237 non
985 2204 1073 2248 quod
1086 2204 1172 2239 fastae

291 2258 393 2293 essent
403 2256 490 2303 apud
502 2254 668 2299 Ephesum
678 2278 690 2301 ‚
716 2253 771 2293 sed
782 2254 871 2302 quod
883 2253 901 2292 ὲ
912 2254 1088 2293 latrocinio
1106 2254 1172 2290 Eu·

291 2306 454 2349 tychiano
467 2331 474 2342 ε

343 2348 398 2388 Ad
422 2355 563 2399 primum
582 2362 812 2398 argumentum
839 2355 979 2398 reposuit
992 2354 1172 2398 Cecropius

291 2401 589 2448 Sebastopolitanus
616 2406 650 2437 in
673 2405 774 2447 prima
795 2405 953 2442 Armenia
967 2405 1171 2448 Episcopus.-

292 2454 477 2499 Universalis
490 2453 553 2488 baec
564 2454 692 2492 synodus
701 2457 881 2497 AEgyptiaca
890 2461 1003 2498 regione
1013 2457 1110 2495 major
1122 2453 1172 2494 est,

291 2517 326 2542 ac
336 2506 398 2548 fide
407 2507 522 2549 dignlor
536 2529 546 2544 ,
574 2506 608 2542 (θ’
634 2515 691 2536 non
715 2502 869 2544 estjustum
896 2506 995 2539 decem
1020 2504 1172 2540 haereticos

290 2557 391 2590 audiri
408 2578 419 2594 ‚
444 2557 488 2590 (ς’
500 2558 693 2597 praetermitti
718 2554 798 2587 mille
823 2555 963 2590 ducentos
989 2552 1148 2596 Episcopos
1163 2578 1169 2585 .

290 2610 364 2639 Non
374 2611 452 2641 enim
465 2615 542 2642 nunc
553 2616 605 2637 nos
616 2609 761 2651 exigimus
772 2626 783 2645 ‚
801 2613 835 2639 ut
840 2612 897 2646 pro
909 2605 976 2636 aliis
987 2602 1073 2650 suam
1078 2602 1171 2649 fidem

290 2655 442 2696 ostendant
452 2680 462 2695 ‚
483 2653 541 2699 sed
550 2655 675 2687 dicimus
689 2662 721 2690 ut
730 2652 787 2695 ipfi
787 2661 843 2696 pro
861 2652 918 2696 sua
926 2652 1057 2696 persona
1081 2654 1170 2689 redae

286 2706 362 2751 fidei
386 2704 571 2749 consentiant
582 2728 590 2736 .
618 2701 823 2747 Addiditque
850 2703 1009 2739 Eusebius
1020 2703 1169 2747 Dorylaei

291 2756 494 2799 Episcopus:
521 2757 727 2787 Procuratores
735 2752 807 2797 sunt
820 2754 865 2795 isti
877 2759 1007 2788 omnium
1017 2753 1173 2797 AEgyptio-

292 2817 359 2843 rum
369 2831 379 2846 ,
405 2808 439 2839 (tr
464 2805 572 2839 debent
598 2804 795 2848 universalem
822 2806 964 2842 synodum
985 2802 1070 2849 sequi
1087 2829 1094 2835 .
1122 2803 1171 2839 Ita

291 2855 432 2892 ostendit
442 2865 562 2899 paucos
588 2853 726 2898 potuisse
751 2864 808 2896 pro
834 2854 949 2889 multis
976 2852 1170 2890 subscribere

291 2900 465 2948 Epistolae‘‚
490 2906 525 2939 &
538 2904 635 2941 fidem
651 2904 811 2947 profiteri·-
840 2903 895 2939 Λᾶ
906 2904 1084 2940 secundum
1111 2906 1171 2939 res,

291 2955 477 2997 ponderum
487 2966 602 2989 omnes
611 2953 705 2989 fimul
730 2953 903 2996 Episcopi:
934 2954 1049 2988 Videtis
1064 2978 1074 2993 ‚
1101 2965 1171 2995 quo-

291 3005 378 3040 modo
389 3003 577 3044 testimonium
584 3003 740 3045 perhibent
747 3002 814 3047 suis
826 3001 980 3046 Episcopis
991 3026 1001 3045 ,
1028 3005 1169 3042 dicentes,

290 3052 420 3099 QJlA
446 3054 730 3089 OCCIDIMUR
746 3049 754 3085 ζ
779 3054 863 3100 Qae
875 3054 987 3086 omnia
1002 3054 1167 3096 Responsa

291 3103 334 3142 eo
347 3102 487 3141 tendunt
498 3127 508 3143 ,
534 3114 571 3141 ut
583 3103 759 3138 ostendant
771 3103 866 3139 istam
888 3102 1082 3139 Patriarchae
1094 3101 1170 3137 Ale·

293 3152 449 3191 xandrini
462 3152 496 3185 in
513 3152 587 3190 suos
598 3154 778 3196 Episcopos
792 3153 982 3197 potestatem
1005 3164 1072 3188 non
1084 3152 1171 3198 vige-

292 3214 326 3237 re
339 3203 373 3241 in
384 3201 523 3249 synodo
535 3203 677 3246 generali
696 3228 701 3234 .
730 3203 833 3249 Qod
845 3204 949 3247 ipsum
961 3203 1169 3239 confirmavit

294 3252 473 3291 Lucentius
485 3250 666 3289 Esculanus
692 3252 872 3298 Episcopus
883 3279 893 3293 ,
923 3254 1083 3290 Romanae
1109 3254 1171 3290 Ec-

293 3302 393 3335 clefiae
407 3302 559 3339 Vicat-ius
583 3313 620 3335 ac
631 3302 791 3345 Legatus.
821 3302 1051 3339 Nihilominus
1064 3303 1099 3337 in
1113 3314 1169 3347 po·

292 3349 407 3387 testate
429 3351 485 3387 ista
496 3350 700 3389 discutienda
720 3356 847 3395 tempus
873 3352 997 3386 absumi
1022 3353 1172 3387 nolentes

292 3399 554 3448 gloriofijudices
572 3401 646 3435 illos
656 3399 812 3438 tredecim
832 3401 1011 3445 Episcopos
1028 3403 1084 3437 sub
1093 3404 1172 3437 dan·
1200 3446 1204 3450 Ι

293 3451 336 3489 ria
351 3449 450 3493 reali,
475 3461 530 3487 aut
542 3452 627 3489 certe
637 3451 789 3498 juratoria
801 3452 954 3489 cautione
975 3454 1171 3488 arrestarunt

953 166 1415 213 Arretinis:

1239 247 1287 284 ¹in
1302 246 1412 292 Regia
1422 247 1557 284 civitate
1580 252 1679 296 usque
1697 253 1738 288 ad
1761 255 1878 290 fastam
1899 257 1978 291 novi
1999 257 2135 294 Patriae-

1253 296 1322 332 chae
1344 297 1565 332 Alexandrini
1589 304 1891 348 consecrationem,
1919 317 1999 343 tunc
2022 309 2132 343 Sancti

1253 348 1379 386 Leonis
1406 347 1563 391 Epistolae
1589 350 1623 385 ,δε
1648 354 1774 389 cunetis
1799 357 2013 402 synodalibus
2041 358 2135 395 Actis

1251 398 1484 442 subscripturos
1496 423 1507 440 ,
1525 410 1581 433 aut
1591 399 1634 433 de
1646 398 1793 438 haeretica
1806 405 1983 443 rebellione
1997 409 2134 453 punien-

1250 448 1311 485 dos
1324 473 1331 480 .
1358 448 1463 496 Qod
1474 449 1628 488 arrestum
1641 452 1777 490 Sanetus
1800 452 2008 494 Pasthafinus
2030 461 2133 504 Lega-

1248 509 1301 539 tus
1311 496 1428 533 habuit
1441 510 1547 534 ratum
1558 525 1566 533 .

1300 549 1417 584 Etiam
1442 551 1629 585 ostodecim
1661 551 1821 590 monachi
1844 578 1856 594 ,
1893 556 2073 594 adserentes
2099 562 2132 595 se

1246 599 1311 633 effe
1333 599 1543 648 presbyteros
1561 601 1596 640 ἀ
1622 601 1954 647 Archi-Mandritas,
1981 607 2130 653 Principi

1247 645 1423 684 exhibuere
1447 662 1574 694 preceS,
1603 651 1693 688 &ab
1720 653 1779 687 illo
1790 654 1830 688 ad
1844 656 2017 701 Synodum
2027 661 2132 694 remis-

1247 698 1269 736 si
1283 698 1494 746 postulabant
1506 701 1708 739 audientiam
1720 728 1730 744 ,
1756 704 1796 738 de
1807 715 1871 748 qua
1873 707 2018 755 gloriosi
2046 707 2131 751 Judi-

1246 759 1299 787 ,ces
1311 750 1385 788 sunt
1408 750 1619 790 interlocuti,-
1644 758 1780 790 Nomina
1791 756 1904 788 illorum
1917 780 1928 797 ‚
1953 763 2006 802 qui
2028 752 2129 799 preces

1242 807 1443 842 porrexerunt
1465 801 1621 844 manifesta
1636 803 1716 845 fiant
1741 804 1788 837 bis
1811 828 1821 844 ‚
1846 813 1898 848 qui
1921 813 2103 843 introierunt
2116 834 2128 850 ,

1245 851 1489 891 reverendiffimis
1509 858 1611 894 viris,
1634 862 1669 890 ut
1689 853 1827 896 dicantsi
1841 867 1991 891 noverunt
2016 870 2118 894 omnes

1244 900 1296 944 effe
1315 900 1610 936 Archi-Mandatus.
1639 903 1743 938 Erant
1763 904 1918 941 homines
1943 906 2128 955 Eutychia-

1244 952 1302 994 ni,
1328 952 1462 995 suspesti
1486 950 1529 989 de
1539 953 1704 991 consuetis
1725 953 1953 992 haereticorum
1967 958 2126 1002 impostu-

1244 1001 1304 1042 ris,
1331 1001 1470 1049 ideoque
1481 1003 1515 1037 in
1530 1003 1722 1046 synodalem
1742 1007 1950 1050 conspectum
1962 1009 2030 1043 fine
2050 1020 2128 1046 exa-

1244 1051 1333 1089 mine
1354 1063 1423 1086 non
1447 1051 1662 1091 admittendi..
1691 1054 1841 1104 Qidam
1864 1057 2008 1094 omnino
2033 1068 2127 1095 erant

1245 1101 1538 1139 Archi-Mandritae
1550 1127 1560 1144 ‚
1586 1115 1618 1139 at
1630 1104 1777 1139 damnati
1790 1104 1832 1141 de
1842 1105 1947 1142 haerefi
1957 1132 1968 1148 ‚
1991 1108 2126 1154 quidam

1246 1150 1305 1186 soli
1327 1152 1360 1186 in
1382 1154 1608 1193 monumentis
1631 1153 1846 1197 habitabant,
1874 1157 2012 1199 quidam
2039 1159 2127 1195 solos

1242 1211 1302 1236 tres
1312 1212 1368 1236 aut
1382 1214 1521 1247 quatuor
1532 1203 1588 1238 sub
1600 1205 1631 1243 se
1641 1203 1806 1244 habebant
1819 1206 2004 1244 monachos
2016 1232 2026 1249 ,
2053 1209 2126 1252 qui-

1242 1252 1318 1285 dam
1331 1264 1422 1289 erant
1434 1254 1564 1297 penitus
1577 1255 1685 1299 ignoti
1697 1279 1708 1295 ‚
1732 1258 1887 1301 atqueita
1904 1256 2125 1294 Archi-Man-

1242 1301 1332 1336 dritae-
1357 1302 1538 1342 orthodoxi
1558 1329 1568 1345 ,
1596 1304 1734 1346 synodo
1767 1307 1930 1354 praesentes
1951 1332 1962 1348 ,
1986 1306 2121 1343 dixere:
2146 1338 2151 1342 .

1244 1357 1391 1396 Rogamus
1413 1355 1527 1400 aliquos
1537 1357 1648 1391 mittit}
1661 1355 1762 1391 veſtra
1785 1357 2027 1400 MagnfficentIa,
2055 1362 2090 1395 &
2103 1361 2125 1393 a>

1242 1402 1339 1443 vestra
1351 1403 1460 1436 sanda
1469 1406 1595 1449 synodo,
1619 1414 1654 1441 ut
1676 1407 1814 1443 videant
1828 1406 2001 1449 monasteria
2024 1419 2126 1444 eorum

1245 1454 1278 1485 <5
1299 1452 1416 1495 distant
1431 1452 1462 1495 fi
1480 1453 1614 1488 habeant
1635 1455 1829 1498 monasteria,
1854 1468 1897 1494 an
1920 1458 2068 1494 deludant
2089 1460 2127 1493 Θ

1244 1511 1363 1539 noceant
1375 1502 1530 1537 honoribus
1543 1504 1873 1540 Archi-Mandritarum
1884 1530 1895 1546 ‚
1904 1508 1938 1541 o·
1951 1510 2058 1544 amodo
2072 1510 2125 1543 de-

1244 1552 1313 1585 bent
1321 1558 1449 1595 accipere
1458 1552 1660 1596 distiplinam,
1672 1565 1706 1588 ut
1716 1555 1812 1599 nonsl·
1822 1559 1926 1591 dicant
1937 1557 2127 1593 Archi-Man-

1242 1602 1407 1644 dritas‚qui
1419 1609 1451 1635 in
1461 1611 1657 1639 monumentis
1670 1604 1816 1639 habitant.
1844 1609 1977 1641 Petimus
1986 1613 2126 1649 etiamst!

1239 1654 1271 1684 (τ
1284 1654 1341 1692 illi,
1352 1651 1443 1695 quise
1453 1655 1555 1687 dicunt
1566 1657 1618 1697 effe
1629 1655 1794 1698 monachos,
1807 1657 1840 1689 Θ
1850 1667 1907 1688 non
1917 1656 2125 1701 agnoscuntur,

1242 1713 1294 1735 nec
1313 1705 1332 1735 ὰ
1345 1703 1444 1744 vestra
1454 1704 1675 1751 Magnificentia
1685 1728 1696 1745 ,
1721 1717 1772 1740 nec
1797 1704 1998 1750 sisanfflfflmo
2010 1707 2122 1752 Regin

1241 1753 1386 1792 civitatis
1407 1753 1652 1800 Archi-Episcopo
1674 1756 1838 1795 Anatolio
1851 1781 1862 1797 ‚
1898 1768 1950 1794 nec
1969 1759 1990 1793 ἃ
2012 1757 2120 1799 nobis,

1240 1813 1347 1840 exeant
1357 1804 1396 1839 de
1413 1809 1537 1838 civitate
1541 1803 1617 1845 ficut
1637 1805 1803 1847 impostores
1816 1830 1827 1846 ‚
1849 1812 1977 1852 psopter
1992 1805 2122 1854 scanda-

1239 1854 1300 1885 lum
1310 1853 1389 1895 quod
1393 1858 1490 1889 conati
1494 1851 1566 1896 fiant
1571 1853 1690 1895 facere,
1718 1855 1813 1903 Qid
1826 1856 1863 1889 fir
1874 1855 1908 1888 in
1923 1867 2122 1890 monumen-

1240 1904 1281 1935 tis
1293 1900 1460 1943 habstare,
1485 1903 1620 1947 exponit
1634 1903 1753 1940 horum
1765 1903 2004 1941 monachorum
2026 1906 2120 1940 libel-

1241 1952 1313 1992 lus,
1338 1951 1451 1989 dicens
1475 1954 1617 1996 ipsorum
1640 1955 1801 1997 quosdam
1824 1955 1859 1991 in
1887 1956 2091 1991 monasterio
2107 1979 2120 1997 ,

1238 1999 1392 2045 quosdam
1405 2002 1552 2041 habitare
1580 2005 1615 2040 in
1628 2003 1765 2038 Basilica
1775 2005 1941 2047 martyris,
1967 2005 2119 2052 Qidam

1241 2052 1299 2085 soli
1314 2075 1324 2091 ‚
1350 2052 1483 2093 quidam
1495 2065 1572 2090 cum.
1597 2052 1700 2092 tribus
1719 2063 1778 2088 aut
1797 2064 1937 2101 quatuor
1957 2055 2048 2091 fratri
2060 2055 2120 2091 bus

1238 2100 1428 2136 habitabant
1451 2103 1491 2137 ad
1516 2103 1660 2147 aliquam
1692 2104 1845 2140 rusticam
1864 2103 2042 2142 Ecclesiam
2064 2114 2122 2141 aut

1239 2151 1407 2195 Capellam
1418 2177 1429 2193 ,
1457 2164 1538 2196 quas
1548 2164 1680 2197 propter
1696 2154 1884 2190 reconditas
1891 2154 2030 2197 alicujus
2038 2165 2124 2188 mar·

1238 2203 1318 2245 tyris
1332 2203 1365 2235 in
1386 2203 1528 2248 ipsarum
1538 2204 1631 2239 altari
1652 2204 1804 2247 reliquias
1828 2206 1912 2239 reete
1936 2204 2119 2252 antiquitas

1237 2251 1373 2288 vocabat
1387 2264 1625 2290 monumenta:
1652 2253 1814 2290 Pauculos
1835 2254 1914 2289 istos
1935 2254 2120 2291 monachos

1238 2301 1369 2336 nolebat
1395 2303 1651 2343 monasterium,
1677 2316 1739 2341 nec
1754 2305 1905 2348 ipsorum
1929 2305 2121 2341 Praefectum

1238 2363 1353 2386 vocare
1372 2350 1698 2388 Archi-Mandritam
1712 2379 1719 2389 .
1747 2354 2042 2388 ArchivMandritae
2061 2366 2121 2390 no-

1236 2414 1311 2436 men
1323 2402 1411 2447 apud
1423 2402 1617 2448 posteriores
1629 2404 1761 2437 Graecos
1772 2403 1836 2439 fuit
1848 2402 1932 2440 adeo
1954 2403 2118 2441 venerabi·

1235 2452 1286 2493 le,
1314 2462 1351 2489 ut
1373 2453 1509 2494 antiqua
1535 2451 1726 2487 Patriarchae
1745 2452 2118 2497 constantinopolitani

1233 2501 1364 2536 creandi
1378 2501 1517 2537 formula
1528 2526 1538 2544 ,
1565 2513 1620 2545 per
1633 2502 1804 2538 Codinum
1815 2503 1848 2536 ἃς
1861 2500 2022 2539 Phranzes
2033 2504 2121 2539 Grae·

1233 2562 1288 2589 cos
1309 2552 1485 2594 Scriptores
1508 2552 1635 2588 laudata
1658 2576 1669 2594 ,
1693 2552 1872 2596 distinguat
1899 2553 2120 2590 Monasterio·

1234 2613 1303 2635 rum
1327 2601 1496 2638 Praefectos
1525 2602 1559 2638 δε
1581 2600 1885 2639 Archi-Mandritas
1910 2628 1921 2644 ,
1960 2603 1995 2637 δε
2022 2603 2118 2640 hosce
2175 2626 2199 2641 x

1235 2661 1395 2695 praeponat
1406 2651 1703 2695 Proto-Syncellis:
1729 2651 1833 2700 Qod
1846 2664 1960 2697 nempe
1972 2653 2031 2688 iste
2040 2656 2118 2688 titu-

1232 2702 1282 2735 lus
1294 2702 1423 2736 daretur
1433 2701 1508 2736 solis
1521 2701 1664 2745 plurium
1677 2702 1949 2738 monasteriorum
1962 2704 2118 2747 supremis

1234 2752 1411 2790 Praefeffis,
1438 2752 1547 2795 qu'ales
1558 2753 1643 2795 apud
1657 2763 1718 2787 nos
1731 2751 1870 2787 Latinos
1884 2755 1956 2789 sunt
1976 2753 2118 2797 Regula-

1233 2803 1317 2835 rium
1331 2803 1498 2836 Ordinum
1521 2801 1694 2840 Antistites
1705 2802 1880 2837 Generales
1903 2815 1959 2839 aut
1978 2804 2117 2840 Provin-

1234 2853 1348 2887 ciales.
1375 2851 1477 2888 Parva
1490 2852 1570 2894 ista,
1596 2853 1632 2890 in
1643 2852 1765 2897 campis
1779 2854 1966 2896 praesertim‚
1998 2865 2121 2889 mona*

1235 2903 1327 2939 steria
1338 2927 1350 2943 ‚
1374 2903 1394 2939 ὲ
1408 2901 1503 2936 nobis
1514 2902 1643 2939 Latinis
1654 2902 1756 2939 dictas
1768 2903 1933 2939 Prioratus
1944 2928 1955 2944 ,
1982 2903 2093 2939 Cellas
2105 2925 2118 2945 2

1234 2953 1451 2991 Obedientias
1462 2977 1472 2993 ,
1500 2952 1628 2997 pessime
1640 2953 1713 2990 odit
1724 2954 1826 2988 etiam
1837 2955 1972 2991 Sanctus
1983 2954 2118 2989 Bernar-

1234 3003 1313 3036 dus.
1342 3002 1441 3038 Reate
1451 3013 1559 3038 tamen
1585 3003 1619 3036 in
1635 3004 1787 3039 Romana
1800 3005 1855 3040 sua
1873 3004 2010 3046 synodo
2024 3029 2036 3044 ,
2060 3012 2116 3048 per

1235 3053 1279 3086 D.
1303 3054 1430 3090 Lucam
1453 3051 1667 3089 Holstenium
1697 3054 1831 3099 vulgata
1851 3079 1863 3095 ,
1897 3055 1983 3088 dixit
2007 3054 2117 3096 Euge·

1234 3103 1309 3136 nius
1333 3101 1493 3138 secundus
1515 3102 1694 3139 Pontifex:
1721 3104 1863 3138 coenobia
1877 3129 1887 3144 ‚
1913 3105 1982 3144 vel,
2006 3113 2041 3136 ut
2060 3097 2114 3136 boc

1233 3160 1360 3194 tempore
1378 3160 1590 3195 nuncupantur
1604 3177 1615 3194 ,
1640 3153 1830 3191 monasteria.
1860 3154 1998 3191 Causam
2007 3150 2062 3188 dat
2075 3150 2110 3185 in
2131 3140 2202 3180 0²9·
2216 3150 2266 3178 ²⁷⁶

1234 3201 1427 3238 Collatione
1461 3202 1502 3236 de
1532 3203 1635 3239 tribus
1666 3202 1906 3239 monachorum
1942 3201 2113 3246 generibus

1234 3253 1374 3296 Joannes
1385 3251 1572 3288 Caffianus:
1603 3255 1686 3289 Licet
1700 3256 1720 3289 ἃ
1732 3254 1879 3289 nonnullis
1897 3249 2112 3298 soleantindifi

1225 3302 1361 3348 fere’nier¹
1372 3302 1545 3342 monasteria
1551 3311 1608 3345 pro
1617 3304 1752 3338 coenobns
1762 3303 1910 3351 appellari
1924 3326 1933 3341 ,
1945 3310 2046 3333 tamen
2060 3301 2112 3334 hoc

1232 3352 1356 3393 interest,
1367 3354 1449 3397 quod
1457 3353 1661 3397 monasterium
1670 3353 1762 3396 potest
1771 3358 1862 3389 etiam
1873 3356 1959 3386 unius
1974 3350 2112 3386 monachi

1231 3403 1382 3439 habitatio
1394 3409 1551 3444 nominari,
1563 3403 1719 3437 coenobium
1728 3411 1827 3434 autem
1838 3402 1981 3443 appellari
1994 3411 2052 3436 non
2058 3410 2114 3443 po·

1233 3452 1284 3493 test
1295 3478 1306 3494 ,
1332 3453 1389 3495 m'fi
1401 3454 1451 3489 ubi
1456 3455 1652 3497 plurimorum
1670 3451 1902 3487 cohabitantium
1926 3452 2009 3497 degit
2025 3459 2112 3488 unita

1230 3510 1399 3539 communio.
2003 3501 2064 3537 of.
