2340 3736
406 144 497 182 192

337 218 411 245 natu
422 210 485 244 dies
497 213 607 255 viginti
628 218 751 244 novem.
778 210 891 244 Eodem
901 218 1030 252 tempore
1054 208 1209 249 defundus

337 259 375 301 est
386 258 557 304 Dioscorus,
579 261 679 303 pridie
689 261 756 294 idus
765 260 911 293 offobris.
939 258 1099 306 roirca
1112 258 1208 290 etiam

334 311 516 347 Dioscorus
537 319 625 344 extra
637 310 783 345 Ecclefiae
804 321 915 354 pacem
936 310 998 342 fuit
1018 307 1208 346 defunctus,

337 369 435 406 atque
446 361 489 396 ita
509 360 627 395 iterum
639 358 692 394 hic
707 360 725 394 ὲ
737 361 835 403 scopo
859 359 1024 402 Benignus
1049 355 1208 390 deviavit.

334 411 489 447 Unicum
509 410 551 444 ab
580 410 651 454 ipso
679 409 852 444 adductum
874 407 1030 442 Rabbulae
1062 403 1209 440 Edeffeni

336 461 490 505 Episcopi
509 484 522 501 ,
545 459 733 495 defunctum
757 458 975 493 Theodorum
998 455 1211 490 anathemati-

334 522 406 545 zare
426 510 492 544 ausi
512 534 524 552 ,
549 508 733 554 exemplum
755 508 915 553 proposito
942 507 1094 540 serviebat
1118 518 1125 537 :
1164 505 1211 539 At

335 560 412 595 licet
440 559 577 594 illumin
606 560 803 594 Sacerdotibus
829 556 1023 600 explenduiffe
1042 555 1210 596 adfirmet,

336 609 477 645 modica:
485 611 570 646 istud
579 619 644 647 erat
655 607 853 643 auctoritatis
865 632 871 640 .

385 660 484 704 Supra
513 660 697 696 aFacundo
716 657 943 692 Hermianenfi
971 656 1151 701 Episcopo,
1174 654 1211 688 &

334 709 456 755 Vigilii
477 711 650 746 Pontificis
673 708 861 743 Constituto
881 707 1005 742 laudari
1029 706 1210 741 audivimus

332 761 441 796 Sansti
462 761 577 805 Cyrilli
608 760 648 794 ad
670 759 829 802 Joannem
860 755 1046 793 Antiochiae
1076 755 1210 790 Patriar-

332 811 427 846 cham
438 813 470 845 &
479 812 544 855 ejus
554 810 727 854 Synodum
753 809 872 843 litteras
884 833 894 849 ,
921 818 1068 842 vetantes
1079 806 1209 840 damna-

330 864 359 898 ri
371 862 591 896 Theodorum
605 884 616 901 ,
641 860 674 894 &
694 859 870 893 adserentes
880 859 1050 901 profanum
1071 855 1210 899 Symbo—

330 913 401 947 lum
411 910 467 946 sub
476 911 543 954 ejus
550 910 683 954 quidem
693 909 827 943 nomine
838 909 930 942 fuisse
941 906 1105 951 Ephesmo
1116 905 1208 940 Con·

329 963 410 996 cilio
421 962 565 996 oblatum
579 985 589 1000 ‚
615 969 647 994 at
659 971 726 994 rem
738 957 944 993 indiscussam
958 957 1016 991 sub
1029 959 1153 990 incerto
1165 967 1209 990 re-

327 1014 471 1046 mansisse
482 1036 489 1043 .
511 1011 623 1044 Etiam
635 1009 675 1043 de
683 1009 755 1043 aliis
766 1007 917 1041 haereticis
929 1005 1079 1051 capitulis
1090 1030 1100 1046 ,
1120 1005 1205 1051 quasi

327 1063 490 1096 defloratis
513 1071 555 1094 ex
579 1061 648 1103 eJus
667 1057 834 1092 codicibus
854 1082 865 1098 ,
892 1055 1110 1091 Theodorum
1136 1067 1203 1090 non

324 1113 418 1148 fuisse
444 1110 629 1145 convic‘ium
653 1134 660 1141 .
697 1107 890 1142 Admodum
917 1107 1118 1141 momentosa
1146 1117 1203 1150 pro

324 1162 393 1205 ipso
407 1171 474 1194 erat
486 1159 552 1194 haec
575 1158 720 1203 Epistola
733 1182 744 1199 ,
770 1157 950 1201 ideoque&
969 1157 1060 1191 illam
1074 1156 1138 1201 legi
1149 1167 1203 1200 po·

322 1212 482 1245 flularunt
494 1235 505 1250 ‚
531 1211 709 1251 lestamque
719 1210 780 1242 effe
793 1210 895 1242 fictam
908 1232 918 1248 ‚
944 1206 1054 1251 utpote
1066 1206 1151 1249 stylo
1170 1207 1202 1240 δε

323 1263 415 1295 sensu
426 1259 467 1295 ab
477 1261 548 1294 aliis
560 1258 679 1302 Cyrilli
695 1259 818 1301 scriptis
838 1257 1060 1292 alie'nissimam
1074 1281 1085 1297 ,
1111 1256 1202 1290 adfir-

321 1323 453 1346 marunt
473 1309 673 1344 Theodorus
694 1308 898 1342 Caesareenfis
929 1309 963 1341 in
995 1304 1200 1350 Cappadocia

315 1361 644 1405 Archi-Episcopus,
670 1357 942 1403 Joannesibidem
961 1358 1145 1401 Nyffeuus,
1169 1357 1201 1389 &

321 1411 455 1445 Bafiiius
476 1411 655 1454 Episcopus
676 1419 768 1442 novae
788 1407 992 1452 Justinianae.
1019 1406 1199 1441 Probarunt

320 1472 361 1494 ex
372 1461 443 1495 aliis
455 1460 593 1503 ejusdem
608 1457 729 1502 Cyrilli
755 1458 795 1493 ad
806 1455 946 1492 eundem
973 1458 1131 1501 Ioannem
1143 1456 1199 1488 Pa-

319 1510 493 1545 triarcham
511 1535 521 1551 ‚
547 1509 587 1543 ad
618 1509 778 1543 Acacium
800 1508 959 1542 Melitinae
981 1507 1200 1550 Episcopum,

319 1560 403 1594 &ad
425 1559 650 1593 Theodosium
662 1557 850 1602 Augustum
878 1556 1031 1601 Epistolis
1046 1580 1056 1596 ,
1082 1554 1200 1599 quibus

316 1609 507 1644 Diodorum
519 1607 712 1642 Tarsensem
725 1631 734 1647 ,
759 1607 792 1641 &
803 1607 870 1649 ejus
879 1606 1076 1649 discipulum
1088 1603 1199 1639 Theo-

316 1660 433 1695 dorum
455 1657 605 1693 aitfuisse
625 1658 725 1692 totius
746 1658 824 1692 mali
848 1656 1032 1691 Nestoriani
1055 1657 1197 1694 Fontes,

315 1709 351 1743 ὅ(
378 1710 501 1754 pergit:
523 1705 707 1750 Scripseram
717 1708 760 1739 ad
784 1719 829 1740 me
840 1708 1003 1740 Orientales
1016 1730 1026 1744 ‚
1053 1706 1133 1748 quod
1142 1716 1198 1738 non

315 1767 427 1800 oportet
438 1771 506 1802 quae
517 1758 658 1792 Theodori
663 1756 735 1802 sunt
745 1756 889 1800 accusari,
915 1768 950 1790 ne
963 1781 973 1796 ,
992 1754 1063 1798 ficut
1073 1756 1174 1788 dicunt
1188 1777 1197 1792 ‚

314 1812 349 1843 (Ὗ
368 1809 448 1843 beati
470 1807 620 1850 Athanasii
644 1832 655 1848 ‚
681 1809 716 1841 (Ὗ
739 1806 916 1848 Theophili,
941 1809 975 1840 6·
1002 1803 1104 1847 Bafilii
1126 1829 1137 1845 ,
1164 1806 1197 1838 (θ’

313 1863 447 1903 Gregorii
469 1859 551 1892 dic‘la
576 1856 747 1901 accusentur
770 1882 777 1890 .
814 1860 895 1900 ,Quae
921 1862 999 1890 enim
1024 1858 1136 1889 locutus
1158 1854 1195 1895 est

312 1909 500 1949 Theodorus,
526 1910 629 1942 eadem
651 1909 684 1940 (9
706 1908 767 1939 illi.
796 1911 862 1949 Ego
872 1909 944 1940 vero
961 1904 1121 1949 scribentes
1143 1903 1195 1943 ista

313 1971 371 1991 non
379 1957 522 2002 sustinui,
544 1957 600 2000 sed
616 1956 790 1999 fiducialiter
811 1958 900 1995 dixi,
926 1957 1006 1997 quod
1030 1954 1194 1988 Theodorus

312 2010 432 2050 quidem
442 2007 642 2051 blasphemam
656 2005 760 2039 habuit
770 2006 882 2049 liguam
899 2030 909 2044 ,
937 2007 971 2039 ζῇ·
981 2005 1128 2038 calamum
1139 2010 1193 2035 mi-

310 2058 486 2099 mflrantem
497 2059 558 2099 illi3
586 2057 629 2097 isti
655 2064 754 2088 autem
762 2055 889 2096 fuerunt
914 2061 1004 2088 totius
1016 2053 1192 2087 orthodoxia

311 2109 449 2141 Doctores
463 2131 473 2147 ‚
499 2105 751 2150 &splenduerunt
762 2111 794 2137 in
803 2116 858 2138 ea.
887 2101 1095 2147 persuaserunt
1122 2105 1190 2136 vero

310 2160 356 2191 itit
367 2157 568 2191 Orientalibus
578 2181 588 2197 ,
619 2165 652 2189 ut
663 2155 886 2189 exclamationes
898 2160 929 2186 in
943 2151 1065 2195 Ecclefia
1075 2154 1094 2183 ἃ
1103 2161 1193 2194 popu-

309 2210 348 2242 lis
356 2209 461 2250 fierent
473 2231 483 2247 ,
508 2205 731 2240 CRESCAT
743 2205 875 2238 FIDES
902 2204 1077 2237 THEOD
1085 2202 1167 2236 ORl
1179 2226 1190 2242 ‚

310 2258 381 2292 SIC
392 2256 646 2292 CREDIMUS
658 2278 668 2293 ‚
693 2254 844 2288 SICUT
854 2255 927 2287 TH
934 2252 1164 2288 EODORUS
1176 2277 1187 2292 ‚

309 2309 374 2342 tiam
395 2319 460 2341 eum
468 2307 628 2348 aliquando
647 2305 843 2348 lapidassent,
877 2310 909 2336 in
915 2302 972 2346 sua
992 2301 1114 2342 Ecclesia
1139 2314 1189 2334 au-

305 2356 373 2403 sum
389 2356 522 2400 subloqui
542 2356 656 2397 aliquid
675 2356 763 2388 breve
786 2366 794 2386 :
821 2353 952 2396 Nempe
974 2353 1062 2394 quod
1087 2354 1188 2386 sancia

311 2408 419 2451 Virgo
433 2418 500 2440 non
512 2406 586 2439 esset
600 2405 738 2446 Deipara
749 2429 756 2437 .
783 2405 840 2437 Sed
842 2403 914 2445 ficut
926 2403 1030 2436 Doolor
1044 2403 1110 2436 vult
1121 2426 1132 2442 ,
1149 2400 1189 2443 fic

305 2456 389 2501 sapit
397 2467 474 2501 grex
484 2481 491 2488 .
519 2458 584 2499 Ego
597 2455 711 2496 quidem
722 2465 779 2486 non
793 2454 895 2496 ceffavi
905 2459 1061 2494 increpans
1078 2463 1113 2485 ea
1123 2462 1188 2493 quae

304 2505 501 2552 scripserunt:
530 2516 579 2537 nec
599 2503 721 2547 cessabo.
749 2503 873 2536 Eadem
886 2503 1001 2545 repetit
1027 2502 1060 2535 in
1075 2501 1189 2535 litteris

309 2557 352 2591 ad
364 2555 590 2590 Theodosium
602 2552 787 2598 Augustum
801 2578 810 2593 ,
821 2553 853 2585 &
864 2551 1050 2586 concludit:
1064 2552 1187 2583 Inviola-

311 2618 362 2640 ras
372 2612 489 2639 animas
501 2603 612 2644 vestras
623 2601 793 2647 conservetis
804 2602 842 2634 ab
852 2601 1056 2643 impietatibus
1069 2601 1187 2633 Diodori

312 2660 346 2691 (5
360 2655 520 2690 Theodori.
547 2655 591 2688 Et
602 2665 644 2691 ex
666 2654 727 2687 isto
748 2653 816 2696 ejus
836 2651 975 2686 consilio
1001 2648 1185 2685 Diodorum

311 2709 343 2741 &
362 2704 582 2740 Theodorum
613 2702 679 2736 una
700 2713 773 2737 cum
797 2702 952 2736 Nestoi-io
981 2697 1186 2734 Theodosius

311 2754 450 2790 omnino
476 2754 516 2789 ad
534 2752 698 2788 haereticos
721 2752 896 2795 proscripsit
918 2776 925 2783 .
964 2751 1047 2798 Qae
1070 2749 1180 2782 omnia

313 2818 387 2839 cum
397 2805 536 2840 laudatis
546 2814 599 2847 per
607 2803 798 2837 Facundum
808 2802 841 2835 &
852 2801 1019 2845 Vigilium
1032 2798 1187 2843 Epistolis

313 2868 380 2890 non
395 2855 545 2899 quadrare
557 2854 709 2888 dixerunt
719 2852 937 2890 Theodorus,
967 2851 1127 2893 joannes,
1151 2849 1185 2882 ὅ(

314 2905 447 2939 Bafilius
469 2904 621 2949 Episcopi
641 2927 652 2944 ,
678 2911 773 2944 atque
796 2901 839 2935 ita
862 2899 1021 2943 Epistolas
1044 2898 1102 2933 has
1126 2899 1188 2933 effe

315 2955 484 2989 confictas.

363 3004 577 3038 Perrexerunt
586 3002 692 3038 eidem
706 3015 713 3035 :
739 3001 879 3035 Theodori
893 2996 1058 3042 defensores
1067 3003 1184 3031 circum-

314 3054 414 3087 cidunt
433 3054 524 3086 verba
544 3054 683 3096 quaedam
705 3051 785 3084 dtc‘ia
804 3050 940 3084 asanc‘io
960 3050 1065 3089 Cyrillo
1084 3056 1185 3081 contra

926 129 1556 175 DrssfittrArto

1277 208 1338 242 tale
1349 231 1360 248 ,
1387 220 1443 242 non
1464 219 1575 254 oportet
1593 220 1706 256 tacere,
1731 214 1788 259 sed
1802 222 1970 254 convincere
1986 229 2023 255 ea
2040 243 2053 263 ,
2075 234 2144 265 quae

1274 258 1325 312 illi.
1344 260 1421 294 malt³
1442 261 1584 294 dixerunt
1609 286 1616 295 .
1643 264 1697 299 De
1719 267 1873 303 Diodoro
1891 280 1929 303 ac
1955 268 2142 307 Theodoro

1274 307 1403 349 quidem
1425 309 1570 351 Cyrillus
1591 311 1756 356 loquitur,
1778 327 1922 354 attamen
1942 319 2007 354 sola
2028 332 2143 356 eorum

1272 368 1367 399 prava
1390 356 1495 414 dista,
1521 371 1589 393 non
1610 361 1693 405 ipsas
1713 368 1859 407 personas
1880 369 2030 404 adfirmat
2052 374 2140 415 posse

1273 407 1419 441 damnari
1430 433 1441 448 ‚
1468 410 1619 452 atqueitit
1632 411 1772 448 adrestos
1782 416 1823 450 ab
1841 418 1911 462 ipso
1922 419 2044 455 limites
2061 420 2140 456 dicti

1272 466 1332 490 tres
1344 456 1497 502 Episcopi
1509 458 1671 495 excedunt
1681 486 1688 494 .

1321 506 1417 541 Lecta
1437 519 1568 551 quoque
1589 511 1768 546 fuitSansti
1792 513 1914 558 Cyrilli
1933 518 1975 553 ad
1986 521 2137 554 Sanctum

1273 556 1425 591 Proclum
1438 559 1843 606 constantinopolitanum
1855 561 2046 604 Antistitem
2058 571 2139 613 Epi-

1274 605 1374 646 stola,
1400 606 1522 643 habens
1534 610 1638 654 capita
1660 613 1762 646 varia.
1788 613 1927 656 Primo,
1950 627 1992 651 ex
2003 619 2136 661 joannis

1273 656 1462 714 patriarchae
1472 658 1676 697 Antiocheni
1698 661 1738 696 ad
1750 664 1781 697 se
1793 663 1908 700 litteris
1931 668 2067 710 exponit
2077 669 2137 703 fet-

1272 706 1488 763 yentiffimum
1512 720 1569 753 pro
1591 710 1775 747 Theodoro
1796 714 1964 749 adversum
1984 717 2135 761 aemulos,

1270 757 1373 799 ipsum
1389 758 1548 803 &scripta
1570 759 1637 803 ejus
1647 763 1799 797 damnare
1817 764 2062 807 machinantes,
2088 779 2137 802 ze-

1269 805 1337 865 lum
1358 808 1470 851 populi
1483 808 1688 846 Antiocheni
1701 837 1710 854 ,
1737 813 1904 849 clamantis
1924 827 2062 860 magnum
2083 818 2136 860 effe

1266 868 1332 897 ejus
1344 869 1447 891 nomen
1460 867 1516 901 per
1527 865 1697 900 Orientem,
1722 865 1756 897 e·
1767 865 1917 907 mirificari
1938 868 2060 899 nimium
2070 877 2135 900 con-

1264 905 1376 950 scripta
1386 910 1475 950 ejus,
1501 911 1620 953 ideoque
1638 918 1738 946 virum
1756 913 1882 948 nobilem
1902 920 1935 948 tn
1947 915 2132 957 Ecclefiarum

1265 965 1461 992 communione
1486 959 1658 1001 defunHum
1684 973 1741 995 non
1760 963 1837 1007 ptffe
1860 964 2131 999 anathematizari.

1266 1007 1419 1042 Secunde>
1433 1009 1497 1043 ait:
1525 1012 1616 1053 ,Quod
1623 1018 1656 1044 in
1665 1010 1804 1045 Theodori
1826 1013 1997 1057 conscriptis
2017 1021 2134 1049 inveni-

1264 1069 1330 1090 mus
1352 1060 1488 1100 quaedam
1510 1059 1624 1101 nefarie
1646 1061 1727 1094 ditia
1747 1086 1758 1102 ,
1785 1063 1819 1096 o·
1838 1069 1938 1097 nimiae
1958 1065 2052 1107 plena
2071 1066 2135 1098 bla-

1259 1105 1423 1149 sphemiae,
1448 1109 1520 1142 nulli
1542 1110 1662 1144 dubium
1683 1111 1722 1151 est
1733 1112 1808 1146 rec‘ie
1823 1112 2006 1156 sapientium
2019 1138 2027 1146 .
2051 1114 2134 1149 Ter-

1263 1156 1313 1190 tio
1330 1181 1341 1196 ‚
1366 1157 1446 1192 d1cit
1469 1161 1643 1202 profanum
1664 1162 1859 1204 Symbolum
1880 1162 1937 1198 sub
1957 1163 2133 1199 Theodoti

1265 1207 1397 1242 nomine
1408 1209 1501 1243 fuiss'e
1512 1208 1675 1254 Ephefino
1686 1211 1841 1255 Concilio
1853 1213 1997 1247 delatum
2006 1238 2017 1255 ‚
2043 1213 2134 1248 dam·

1264 1267 1441 1301 natumque
1452 1260 1498 1292 uti
1510 1260 1684 1303 impietatis
1695 1261 1825 1305 plenum
1838 1286 1849 1302 ,
1874 1262 1908 1296 &
1920 1263 2011 1297 addit
2026 1277 2033 1296 :
2055 1265 2133 1297 Nul-

1262 1307 1324 1339 lam
1334 1307 1474 1341 Theodori
1483 1317 1651 1343 memoriam
1664 1311 1741 1352 fecit
1751 1314 1879 1350 synodus
1904 1311 2110 1357 dispensative
2119 1338 2132 1354 ,

1262 1368 1312 1390 nec
1333 1356 1429 1400 ipsum
1454 1366 1638 1393 nominatum
1662 1361 1846 1395 anathemati
1862 1360 1986 1405 subiecit
2006 1371 2129 1405 propter

1261 1405 1523 1450 dispensationem,
1549 1422 1584 1443 ne
1605 1412 1728 1453 quidam
1744 1413 1789 1444 ad
1807 1412 2045 1451 existimationem
2067 1418 2131 1447 viri

1260 1454 1440 1498 respicientes
1448 1457 1512 1502 sefi-
1523 1458 1599 1502 ipsias
1611 1461 1648 1494 ab
1658 1461 1784 1504 Ecclefia
1787 1461 1977 1506 segregarent
1990 1488 1996 1494 .
2023 1462 2130 1508 Qar-

1260 1506 1315 1546 ῑὸ,
1341 1507 1421 1542 dicit
1444 1507 1661 1544 Theodorum
1682 1523 1789 1545 tamen
1809 1513 1827 1546 a
1841 1512 1976 1555 synodo
1999 1512 2132 1556 Ephesi·

1263 1567 1301 1589 na
1327 1557 1418 1590 fuisse
1443 1559 1585 1593 omnino
1611 1561 1800 1595 damnatum
1823 1575 1830 1594 :
1856 1561 2129 1606 Damnatipaim

1260 1605 1333 1640 sunt
1355 1616 1518 1650 quotquot
1538 1618 1613 1646 ante
1625 1610 1815 1644 Nestorium
1835 1611 1949 1645 eadem
1970 1611 2133 1655 cumipse

1259 1654 1386 1698 sapuere
1408 1681 1415 1689 .
1442 1658 1573 1705 Qinto
1595 1683 1607 1700 ,
1631 1659 1711 1694 dicit
1731 1659 1962 1694 Antiochenos
1979 1685 1992 1702 ,
2015 1659 2039 1693 fi
2061 1661 2131 1704 qui·

1258 1704 1333 1739 dem
1343 1705 1409 1740 fine
1428 1707 1591 1742 turbandae
1603 1709 1748 1744 Ecclesiae
1765 1711 1911 1753 periculo
1932 1710 2000 1744 fieti
2012 1710 2133 1755 poffit,

1257 1754 1296 1788 ad
1320 1755 1423 1798 ipsum
1450 1759 1646 1793 nominatim
1675 1758 2017 1794 anathematizandum
2039 1760 2129 1803 posse

1257 1806 1350 1848 cogi.
1378 1806 1477 1839 Sexto
1499 1832 1508 1847 ‚
1535 1808 1626 1842 addit
1646 1809 1712 1842 sine
1731 1809 1912 1853 graviffimo
1937 1820 2029 1843 motu
2056 1806 2127 1843 fieri

1257 1853 1380 1895 idlnon
1404 1856 1491 1898 posse
1515 1880 1525 1895 ,
1551 1856 1638 1899 quod
1666 1855 1868 1891 Antiochen}
1894 1859 2005 1901 eligant
2028 1864 2124 1902 magis

1254 1903 1398 1944 comburi,
1426 1917 1515 1947 quam
1536 1907 1652 1948 aliquid
1672 1906 1814 1950 ejusmodi
1829 1915 1969 1951 peragere
1989 1933 1998 1941 .
2021 1909 2128 1951 SePti·

1254 1953 1329 1992 mo,
1355 1954 1463 1988 suadet
1476 1956 1583 2005 cessari
1607 1955 2124 2000 potiusoTheodorianathema-

1253 2013 1304 2042 te,
1331 2015 1427 2046 quam
1455 2005 1628 2039 Ecclesiam
1648 2006 1893 2040 Antiochenam
1918 2006 2024 2041 taliter
2043 2019 2124 2042 con-

1252 2052 1366 2086 fundi.
1393 2054 1717 2101 Quaedam‘Epistolae
1743 2054 2065 2099 pattesTheodoro,
2087 2057 2122 2091 &

1251 2102 1405 2137 omnibus
1421 2105 1613 2148 generaliter
1633 2105 1771 2139 occultis
1792 2104 1946 2140 haereticis
1967 2106 1999 2138 in
2014 2105 2121 2140 Eccle-

1252 2151 1298 2184 fiae
1311 2163 1390 2195 pace
1401 2153 1559 2187 defunctis
1578 2153 1729 2189 favebant
1744 2179 1754 2195 ,
1781 2155 1888 2190 verum
1902 2155 1969 2199 ejus
1990 2155 2122 2200 integri·

1251 2212 1298 2234 tas
1321 2201 1434 2236 oberat
1454 2203 1633 2248 graviffime
1651 2229 1662 2245 ‚
1689 2205 1940 2249 adfirmabatque
1960 2204 2122 2240 Theodo-

1251 2261 1341 2293 rum,
1369 2254 1528 2296 suppresso
1550 2265 1658 2288 tamen
1682 2251 1837 2296 nomine,
1863 2254 2004 2289 omnino
2026 2256 2121 2290 fuisse

1249 2301 1414 2344 &Synodo
1427 2301 1584 2346 Ephesina
1607 2303 1795 2339 damnatum
1808 2331 1815 2337 .
1837 2305 1931 2339 Hinc
1950 2304 2119 2339 adversum

1249 2352 1346 2385 trium
1373 2351 1601 2396 Capitulorum
1627 2354 1808 2389 defensores
1837 2378 1847 2393 ,
1884 2354 1951 2397 ejus
1977 2354 2120 2398 partibus

1248 2400 1414 2435 abutentes
1433 2426 1444 2441 ,
1471 2413 1574 2436 totam
1596 2404 1660 2447 legi
1681 2404 1803 2437 curavit
1815 2402 2015 2437 Theodorus
2034 2403 2119 2447 Cap-

1248 2450 1388 2493 padociae
1415 2451 1709 2495 Archi-Episcopus
1734 2477 1745 2492 ‚
1770 2454 1802 2486 &
1825 2453 1973 2496 adjunxit
1999 2467 2010 2486 :
2037 2455 2118 2497 ,Quo-

1248 2507 1330 2532 niam
1366 2500 1506 2543 eiusmodi
1541 2500 1782 2545 dispensationem
1815 2502 1857 2536 de
1889 2499 2119 2537 diffimulando

1246 2548 1419 2583 Theodori
1443 2550 1647 2585 anathemate
1659 2576 1669 2592 ‚
1695 2563 1790 2595 quam
1805 2552 1925 2596 Joanni
1937 2551 2119 2587 Antioche-

1248 2609 1292 2632 no
1314 2600 1453 2642 permisit
1465 2625 1475 2640 ,
1501 2601 1535 2634 δε
1558 2602 1675 2635 Sancio
1687 2601 1805 2635 Proclo
1818 2602 2119 2646 Constantinopoli·

1247 2657 1324 2682 tano
1347 2650 1494 2692 persuasit
1506 2651 1635 2685 sanstus
1648 2651 1792 2693 Cyrillus
1805 2676 1815 2691 ,
1840 2662 1897 2684 non
1905 2650 2092 2694 susceperunt
2103 2675 2116 2692 ,

1247 2700 1298 2732 seu
1317 2699 1398 2733 reite
1420 2699 1464 2734 usi
1488 2712 1555 2734 non
1577 2702 1650 2734 sunt
1664 2700 1892 2744 capitulorum
1911 2702 2118 2742 defensores,

1245 2749 1261 2780 ἑ
1284 2753 1428 2782 contrario
1455 2753 1526 2783 vero
1547 2749 1779 2793 permanserunt
1804 2751 1998 2793 defendentes
2024 2757 2117 2784 etiam

1245 2796 1326 2840 ipsas
1346 2797 1544 2842 blasphemias
1566 2799 1705 2833 Theodori
1721 2823 1732 2841 ,
1758 2802 1933 2835 &dicentes
1953 2812 2005 2834 eas
2025 2799 2118 2843 conso·

1246 2859 1317 2880 nare
1340 2850 1462 2891 scriptis
1485 2851 1505 2881 ἂ
1519 2847 1635 2892 sanchs
1659 2850 1802 2884 Patribus
1824 2875 1836 2891 ,
1860 2852 1966 2884 videns
1989 2850 2118 2883 sancius

1246 2899 1369 2937 cyrillus
1391 2898 1560 2941 crescentem
1578 2903 1757 2941 impietatem
1782 2924 1793 2940 ,
1818 2902 1852 2935 a,
1877 2902 1950 2934 inde
1966 2898 2118 2942 simplicio·

1230 2959 1309 2980 =rum
1326 2947 1467 2990 laefionem
1477 2954 1602 2988 timens,
1627 2949 1737 2982 coaetus
1755 2949 1793 2990 est
1812 2950 1903 2983 libros
1919 2949 2045 2994 scribere
2063 2950 2132 2989 ‹td-x

1245 2998 1350 3031 versus
1363 2998 1542 3031 Theodorum
1552 3023 1562 3040 ,
1588 3000 1622 3032 <⁶5
1634 3000 1796 3033 adversum
1813 3002 1875 3041 ejus
1897 2997 2093 3043 blasphemias
2102 3020 2114 3037 ‚

1245 3048 1278 3081 (θ’
1284 3047 1349 3090 post
1360 3057 1482 3082 mortem
1492 3047 1621 3092 ejusdem
1631 3048 1772 3082 Theodori
1795 3051 1830 3083 (τ
1841 3049 2010 3083 haereticum
2020 3051 2054 3083 <tr
2062 3053 2116 3080 im-

316 3101 485 3144 synufiastas
505 3126 514 3140 ,
534 3111 587 3144 per
607 3115 675 3145 quae
701 3107 791 3136 etiam
813 3102 914 3135 volunt
940 3099 1082 3140 ostendere
1104 3099 1186 3131 illum
1230 3110 1233 3126 ι
1242 3105 1351 3139 pium,
1378 3100 1411 3132 ὢ*
1417 3096 1505 3141 super
1528 3101 1665 3143 Paganos
1687 3100 1722 3133 Θ
1738 3097 1828 3141 super
1831 3101 1966 3144 Judaeos
1987 3095 2116 3140 blaspbe-

316 3156 459 3186 dicentem
484 3176 494 3192 ‚

319 3202 449 3245 UtIque
472 3199 633 3234 defunctis
650 3202 683 3233 in
706 3213 783 3244 pace
807 3201 953 3234 Ecclefiae
973 3225 980 3231 .
1007 3203 1100 3231 Omne
1119 3198 1189 3230 vero

318 3257 494 3284 contrarium
512 3255 659 3283 continent
671 3261 724 3290 ea,
750 3261 816 3291 quae
826 3251 863 3282 ab
879 3248 938 3293 ipso
958 3255 989 3282 in
1000 3249 1097 3282 eodem
1115 3247 1189 3280 libro

319 3302 400 3333 ditia
407 3299 478 3343 sunt
489 3324 496 3332 .
525 3303 605 3332 Dicit
617 3305 695 3332 enim
706 3322 716 3337 ‚
742 3300 820 3340 quod
822 3298 882 3340 fine
901 3298 977 3341 caus
971 3313 989 3331 a
1002 3299 1120 3341 quidem
1125 3296 1188 3338 fer-

318 3351 346 3382 r'i
357 3351 501 3382 adversus
520 3349 670 3392 defunHos
681 3359 737 3379 non
750 3356 857 3388 oportet
872 3373 881 3388 ‚
910 3359 946 3380 ne
955 3353 1117 3381 inimicitiae
1135 3346 1188 3379 hoc

319 3399 371 3443 effe
389 3400 545 3440 videatur3
573 3401 736 3442 dogmatica
758 3399 828 3430 vero
846 3397 989 3438 propofita
1011 3395 1184 3440 quastione,

320 3450 386 3483 licet
411 3446 548 3490 defunc‘li
564 3447 624 3488 fint
648 3448 692 3484 illi
711 3469 722 3491 3
748 3447 785 3481 de
810 3447 915 3490 quibus
944 3448 1049 3481 dicitur
1075 3446 1191 3489 aliquid

531 3154 608 3192 quod
630 3164 688 3185 non
713 3160 823 3194 oportet
849 3149 997 3192 desunc‘lis
1022 3147 1184 3191 insultare.
1230 3147 1327 3180 {mum
1339 3159 1404 3180 eum
1424 3148 1568 3188 ostendere
1590 3148 1637 3181 bis
1660 3148 1762 3182 verbis
1776 3173 1784 3180 .
1811 3150 1854 3183 Et
1868 3149 1924 3182 ista
1934 3146 2038 3182 Sancti
2050 3144 2125 3189 Cy·-

1248 3197 1312 3231 tilli
1325 3197 1416 3231 verba
1429 3198 1469 3232 ad
1480 3198 1651 3240 synodum
1661 3199 1791 3232 fuerunt
1804 3198 1882 3232 ledia
1900 3222 1907 3229 .
1933 3196 2028 3230 Lecta
2041 3195 2117 3228 sunt

1247 3248 1346 3281 etiam
1369 3248 1475 3281 Sancti
1496 3248 1605 3281 Procli
1628 3247 1668 3282 ad
1681 3248 1855 3282 Armenios
1873 3254 1999 3284 tomus,
2022 3244 2055 3277 &
2075 3244 2118 3278 ad.

1249 3298 1409 3339 Ioannem
1432 3296 1621 3331 Antiochiae
1632 3296 1850 3332 patriarcham
1867 3294 2035 3337 Epistola,
2060 3292 2120 3327 ubi.

1247 3347 1279 3379 ὃ(
1303 3346 1478 3381 Theodori
1499 3370 1509 3385 ,
1534 3347 1693 3391 suppresso
1713 3354 1818 3380 tamen
1842 3343 1978 3388 nomine
1996 3367 2008 3383 ‚
2034 3343 2118 3386 capi-

1248 3397 1315 3430 tula
1332 3422 1342 3437 ‚
1370 3398 1402 3431 &
1426 3397 1565 3439 ipsorum
1585 3397 1786 3432 defensorem
1807 3393 1900 3427 Ibam
1923 3392 2116 3427 Edessenum

1240 3447 1444 3491 Episcopum
1456 3446 1595 3492 graviter
1615 3442 1813 3490 perstringit.
1844 3443 2048 3492 Qaproptet
2069 3442 2118 3476 di-

1993 3490 2069 3528 ssin-

1820 3592 1823 3615 l
