2340 3736
69 314 100 342 L.
115 323 137 341 r.
150 313 221 343 Con.

71 351 221 390 Eph.c.36.

39 938 54 951 ι
67 921 99 948 12.
121 928 184 955 375.

72 1226 100 1255 1³.
115 1228 179 1263 369.

128 2059 191 2090 '75-v

125 2252 189 2280 3²4-

551 113 1749 189 DsC'ouetti‘o'E-pnrimno.
1948 144 1979 182 9

239 229 404 279 Episcopis
431 230 569 274 Joannes
589 224 772 262 Patriarcha
788 246 790 249 -
805 222 1055 262 Antiochenus‘,
1079 220 1112 264 &

238 283 279 318 ab
292 280 443 317 omnibus
454 280 647 324 exspectatus
661 276 725 311 haec
737 275 855 319 scripsit
878 272 918 317 ad
930 271 1094 316 Cyrillum
1109 296 1124 322 ·‚

238 334 370 366 Tandem
377 330 439 374 post
447 331 554 364 multas
563 329 730 363 exantlatas
742 331 852 358 itineris
861 322 997 373 'mlestus
1011 344 1027 360 ,Ἰ
1042 323 1114 353 San-

237 383 347 415 elnam
360 391 418 415 tuae
428 380 557 424 precibus
570 380 689 418 adiutus
700 401 710 416 ‚
731 373 913 426 praeforibus
919 370 985 426 fiam
993 396 1000 402 .
1063 382 1112 402 am

237 439 360 476 triginta
369 440 438 464 totos
449 432 509 463 dies
519 437 588 473 (tot
599 435 675 462 enim
682 427 773 471 spacii
784 422 960 464 mtercapedo
968 419 1113 478 postulat)

238 488 291 516 iter
302 481 388 525 usque
390 481 471 523 facio
480 482 493 519 ,'
515 480 591 512 nibil
600 472 762 521 quidquam'
774 478 876 515 quietis
901 470 974 503 mih}
997 478 1114 512 prorsus

237 533 388 575 indulgens
399 545 409 564 :
435 531 537 563 Multis
556 533 671 568 interim
690 521 891 569 seligiofissnnis
903 519 1054 564 Epist-opis
1082 519 1114 551 ob

238 581 560 621 itineris-difficultatem
573 580 709 620 graviter
729 572 848 616 afiffidlis
872 596 883 611 ‚
909 583 998 613 neque
1014 575 1114 612 paucis

238 631 344 674 quoque
360 630 502 672 jumentis
526 626 559 659 ob
578 631 741 658 continuum
760 621 963 666 prosecutionis
994 620 1116 654 laborem

237 680 381 721 exstinffls
402 704 408 711 .
440 673 580 712 Decimo
605 677 695 709 sexto
722 673 791 717 post
816 671 1027 706 Pentecosten
1064 668 1116 703 die

240 725 615 774 Ephesum,advenerunt
640 722 824 758 Alexander
844 722 1050 766 Apameensis
1074 720 1114 753 se-

241 779 352 815 cundae
361 778 459 821 Syriae
471 802 481 816 ,
506 776 540 809 &
553 774 735 809 Alexander
755 772 1020 816 Hierapolitanus
1040 770 1115 804 Pro·

239 830 353 865 viuciae
363 827 545 861 Eufratefiae
569 825 720 869 Episcopi
743 822 987 866 Metropolitae,
1014 822 1116 863 Syno-

239 879 282 913 do
292 877 332 913 de
343 877 453 911 nimiis
467 877 545 920 Joan
551 876 601 909 nis
613 885 726 909 eorum
736 870 930 907 Patriarchae
943 871 1115 905 cunetatio-

239 928 333 963 nibus
343 929 486 971 querenti
498 925 657 960 dicentes}
685 925 846 957 Mandavit
855 922 955 960 nobis,
978 929 1010 954 ut
1024 922 1119 952 Pieta-

238 985 262 1011 ti
276 976 376 1018 vestrae
386 979 544 1019 indicemus
557 999 567 1015 ,
591 987 626 1009 ne
637 976 774 1013 synodum
786 978 942 1016 prorogem
953 994 962 1010 ,
981 969 1011 1013 fi
1027 968 1118 1013 ipsum

238 1029 366 1069 amplisu
378 1029 496 1060 tardare
507 1033 658 1070 contigerit
670 1048 680 1063 ,
701 1022 856 1067 sedpotius
866 1046 876 1061 ,
900 1022 977 1063 quod
995 1030 1064 1063 opus
1084 1019 1119 1060 est

235 1078 315 1118 fallo
327 1101 338 1117 ,
362 1076 471 1119 idfiat.
498 1076 579 1109 Non
594 1075 686 1109 fuisse
700 1074 855 1108 mentitos
878 1069 1018 1105 ostendit
1041 1072 1074 1103 in
1086 1069 1120 1103 li-

240 1127 297 1162 bro
307 1126 346 1161 ad
357 1127 542 1170 Principem
554 1126 582 1159 A
590 1124 773 1168 pologetico
787 1124 916 1157 Sanetus
929 1119 1070 1164 Cyrillus
1081 1131 1120 1152 ex

239 1179 331 1211 firma
349 1176 498 1219 deinceps
519 1175 661 1209 amicitia
684 1175 767 1208 inter
793 1173 865 1207 illos
891 1172 925 1205 δε
946 1171 1120 1214 Ioannem.

239 1228 341 1261 Hunc
351 1227 450 1260 etiam
462 1225 515 1258 sibi
528 1225 624 1269 usque
635 1222 701 1257 huc
717 1223 807 1257 fuisse
818 1222 958 1256 amicum
982 1219 1016 1255 &
1030 1219 1123 1253 bene-

238 1277 351 1310 volum
365 1274 485 1310 ibidem
496 1276 626 1309 testatur
643 1299 650 1306 .
678 1273 783 1308 Unde
807 1273 841 1306 δε
860 1271 959 1306 biduo
978 1280 1053 1304 ante
1075 1271 1124 1303 in-

238 1325 392 1360 choatum
412 1325 589 1360 consessum
611 1323 657 1358 illi
684 1324 835 1365 rescripsit
857 1347 867 1363 ,
894 1322 971 1364 quod
990 1317 1124 1362 universa

237 1378 359 1415 synodus
369 1378 430 1416 ejus
449 1377 608 1410 adventum
619 1372 844 1416 praestolaretur.
872 1372 960 1405 Vera
975 1369 1124 1403 tardatio-

239 1428 290 1461 nis
306 1427 396 1461 causa
407 1425 485 1460 latet
498 1426 533 1459 in
547 1424 701 1460 obscuro.
730 1423 888 1467 Evagrius
902 1422 964 1465 Epi
970 1419 1124 1464 phanien·

239 1477 276 1510 sis
296 1475 469 1510 studiosam
494 1475 541 1508 illi
567 1474 754 1518 apologiam
774 1474 877 1514 texit·‚
906 1472 995 1505 suum
1018 1468 1059 1503 de
1070 1469 1125 1503 illa

240 1527 366 1561 sensum
385 1524 484 1560 edicit
510 1523 662 1568 Synodus
676 1527 708 1556 in
735 1522 911 1558 Relatione
932 1520 972 1555 ad
995 1519 1124 1554 Celesti-

240 1587 320 1613 num
343 1576 482 1620 Papam.
509 1577 595 1607 Certo
627 1572 769 1614 constabat
795 1573 954 1615 Ioannem
973 1569 1127 1603 detrec‘lare

240 1625 387 1668 conseffitm
402 1641 412 1659 .-
437 1625 489 1658 vel
497 1625 574 1666 quod
583 1630 740 1662 amicitiae,
766 1635 832 1664 quae
856 1623 900 1654 illi
913 1633 977 1654 cum
999 1619 1127 1660 Nestorio

242 1674 433 1709 intercedebat
447 1697 457 1712 ‚
482 1674 640 1716 indulgeret
654 1696 664 1711 ‚
683 1673 734 1705 vel
741 1673 818 1714 quod
826 1678 852 1704 is
863 1668 1128 1713 Ecclcfiaesuaefuit

241 1724 372 1757 Clericus
383 1747 394 1762 ,
420 1723 471 1756 vel
478 1730 568 1755 etiam
579 1723 658 1764 quod
666 1723 856 1762 quorumdam
873 1730 928 1763 pro
937 1722 987 1754 illo
997 1721 1128 1761 depreca-

240 1771 368 1806 tionibus
380 1774 615 1816 moremgereret.
642 1770 830 1805 Nestorium
845 1795 855 1810 ‚
882 1772 973 1804 suum
996 1767 1128 1811 Presby-

240 1833 349 1857 terum
375 1822 409 1856 &
433 1820 489 1855 sub
500 1818 683 1854 Theodoro
703 1820 949 1864 Mopsuestiensi
973 1817 1128 1852 condisci-

240 1871 354 1916 pulum
376 1896 387 1912 ‚
412 1869 452 1904 ad
479 1871 711 1915 Episcopatum
725 1869 1128 1913 constantinopolitanum

226 1923 349 1956 ·flrenu
359 1920 377 1955 ὲ
388 1923 527 1966 Joannes
536 1919 777 1955 commendarat
787 1946 797 1962 ,
822 1918 959 1963 ideoque
987 1917 1028 1952 de
1040 1918 1126 1951 illius

242 1969 346 2006 haerefi
363 1997 374 2013 ‚
401 1969 565 2015 superbia,
592 1969 786 2014 tyrannide„
815 1970 985 2005 necessaria
997 1967 1129 2002 damna·

243 2023 357 2063 tione,
385 2021 578 2065 turbatisque
603 2032 657 2064 per
681 2021 785 2063 ipsum
807 2019 949 2054 Ecclesia
973 2018 1128 2061 &Repu-

244 2069 329 2103 blica
348 2069 477 2103 nolebat
488 2070 613 2112 publice
626 2069 774 2113 perfundi
788 2069 865 2111 justo
870 2071 980 2111 pudore
991 2092 1000 2108 ,
1026 2070 1073 2102 uti
1087 2067 1127 2101 ad

245 2117 401 2162 quosdam
425 2117 464 2152 de
491 2118 592 2152 Clero
623 2118 991 2163 Constantinopolitano
1018 2118 1126 2153 scribit

245 2163 378 2204 Sanetus
390 2167 548 2211 Cyrillus.

293 2215 432 2251 Dudum
445 2217 608 2251 transierat
619 2216 687 2252 dies
701 2218 834 2261 Synodo
850 2219 995 2262 praefixus
1007 2243 1017 2259 ‚
1042 2219 1126 2251 multi

243 2265 379 2310 Episcopi
393 2273 424 2299 in
436 2268 637 2310 nigritudinem
649 2269 812 2301 inciderant
824 2292 834 2307 ‚
860 2279 927 2302 non
933 2268 1011 2302 nulli
1029 2269 1127 2301 etiam

244 2327 427 2352 extremum
439 2316 525 2350 diem
539 2317 716 2351 clauserant
731 2342 741 2357 ,
767 2330 808 2352 ex
824 2317 919 2352 taedio
942 2319 1062 2365 qgidam
1083 2319 1127 2349 di-

242 2366 390 2412 ftefferant
402 2390 413 2405 ,
438 2367 554 2410 reliqui
565 2378 656 2401 aetate
668 2367 816 2406 confecti,
842 2379 896 2402 aut
914 2368 1024 2411 inopia
1035 2367 1126 2410 prcin

242 2415 425 2451 clamabant
448 2417 608 2460 Ioannem
634 2416 740 2451 studio
766 2416 869 2452 abesse
887 2443 897 2458 ,
923 2416 1061 2460 ideoque
1080 2418 1124 2450 in-

243 2465 425 2501 choandam
437 2465 604 2510 Synodum
622 2492 631 2507 ,
644 2468 812 2510 praesertim
826 2467 895 2511 post
906 2466 1034 2501 auditos
1043 2465 1125 2500 duos

243 2527 437 2551 memoratos
462 2515 666 2550 Alexandros
692 2516 937 2560 Metropolitas.
964 2516 1123 2565 roirca

243 2565 372 2601 decimo
382 2565 542 2600 Kalendas
555 2566 650 2610 Julias
663 2567 794 2610 primam
810 2568 984 2601 Actionem
994 2564 1124 2600 inchoa-

244 2617 292 2650 vit
305 2616 449 2659 Cyrillus
460 2641 470 2657 ‚
495 2616 528 2649 ὃς
540 2615 580 2650 ad
596 2617 758 2659 Juvenalis
769 2617 919 2660 Episcopi
933 2616 1124 2659 Hierosoly-

244 2666 358 2699 mitani
371 2665 658 2700 interlocutionem
668 2666 753 2699 lectae
768 2665 906 2709 primum
932 2668 1005 2700 sunt
1027 2668 1124 2701 Sacrae

245 2715 378 2749 Divales
389 2714 428 2749 ad
437 2714 619 2758 Synodum,
634 2714 720 2759 quod
733 2717 792 2749 sint
803 2716 902 2752 veluti
912 2716 974 2758 fax
986 2718 1124 2759 quaedam

244 2764 440 2808 praeseribens
451 2765 586 2799 formam
598 2765 631 2798 ὅ(
643 2764 791 2799 ordinem
801 2765 1035 2810 gerendorum.
1062 2766 1123 2800 Le-

244 2816 293 2858 git
304 2815 369 2858 ipse
391 2814 509 2849 Comes
536 2814 758 2849 Candidianus
773 2840 784 2856 ‚
810 2817 931 2850 invitus
953 2827 1060 2850 tamen
1088 2816 1121 2849 &

244 2866 390 2905 coaetus,
415 2876 488 2897 cum
504 2866 671 2908 Episcopis
697 2865 899 2900 Nestorianis
922 2865 966 2899 ob
990 2866 1122 2909 Joannis

244 2911 448 2948 Antiocheni
469 2913 645 2949 absentiam
666 2915 854 2958 protestatus
877 2927 944 2950 non
966 2914 1122 2950 inchoan-

243 2963 319 2997 dam
330 2962 520 3007 Synodum,
545 2965 716 3008 volensque
742 2965 904 3009 Cyrillum
931 2966 1010 2999 stare
1037 2967 1122 2999 inter

243 3024 330 3047 reos.
357 3013 435 3046 Haec
445 3024 510 3048 erat
524 3026 667 3057 paratura
680 3015 719 3049 ad
742 3014 847 3048 turbas
868 3016 1068 3059 interipsum
1088 3015 1121 3048 &

244 3063 403 3106 Joannem
430 3074 487 3106 pro
513 3063 666 3098 Nestorio
691 3065 755 3107 jam
780 3064 905 3108 pridem
930 3076 1117 3109 conceptas.

243 3111 344 3163 Qod
355 3112 373 3145 a
384 3113 475 3146 Sacra
486 3112 526 3146 ad
539 3113 691 3148 Canones
703 3115 807 3157 procla
817 3126 869 3148 ma
879 3127 948 3149 rent
964 3116 1112 3159 Episcopi

235 3162 346 3196 ‘exivit
360 3161 412 3195 ille
425 3161 464 3196 de
477 3163 519 3204 Sy
526 3161 611 3197 nodo
624 3188 635 3204 ‚
660 3163 927 3210 postmodumque
937 3166 1064 3209 questus
1077 3165 1120 3200 est

243 3213 277 3246 se
304 3211 395 3246 fuiffe
410 3211 594 3255 expulsum.

295 3261 464 3306 Quoniam
475 3261 554 3295 utile
567 3274 622 3304 per
633 3263 747 3299 inutile
762 3277 829 3299 non
841 3266 973 3300 vitiatur
984 3290 995 3305 ‚
1020 3276 1060 3298 ex
1073 3266 1123 3300 Sa-

242 3323 304 3345 crae
328 3311 507 3354 praesctipto
529 3310 655 3346 volebat
671 3314 813 3355 Cyrillus
835 3315 948 3358 absque
969 3315 1122 3349 Nestorio

245 3357 398 3395 inchoare
421 3359 644 3395 discuffionem
665 3361 739 3396 fidei
763 3388 774 3403 ,
800 3364 976 3408 producens
996 3365 1062 3397 suas
1082 3376 1121 3398 ex

246 3410 313 3453 ejus
336 3409 426 3444 libris
442 3410 686 3453 deflorationes3
713 3412 823 3446 verum
836 3413 1032 3448 Theodotus
1055 3413 1122 3447 An—

247 3471 335 3502 cyrae
358 3460 534 3504 Episcopus
558 3472 594 3494 ae
624 3461 742 3495 Primae
753 3462 887 3496 Galatiae
909 3462 1120 3506 Metropolita

253 3508 425 3544 intercessit
440 3534 450 3549 ,
476 3509 609 3545 suadens
620 3513 745 3546 evocari
771 3512 804 3546 δε
824 3511 928 3548 adesse
947 3514 1120 3555 Erronem-

343 3557 444 3600 Christ.
457 3562 533 3603 Lupi
542 3565 623 3604 Oper.
637 3564 758 3596 Tom.1L
918 3564 922 3566 ’

1174 210 1353 251 Rationem
1363 214 1506 257 conjicio
1528 210 1566 249 eii
1576 216 1692 250 litteris
1707 213 1865 249 Celestini
1877 213 2047 249 pontificis

1174 267 1214 302 ad
1234 265 1318 301 hanc
1329 265 1446 309 Cyrilli
1466 266 1695 308 quaestionem,
1724 264 1918 307 propositam
1939 265 2045 308 paucis

1176 310 1251 352 anie
1261 315 1432 360 synodum
1443 314 1563 348 diebus.
1591 312 1801 357 Utrumsandla
1810 314 1933 350 synodus
1946 321 2048 355 recipe-

1174 380 1205 401 re
1227 366 1327 400 debm
1346 364 1489 399 hominem
1510 366 1530 396 ἃ
1547 362 1578 407 se
1596 366 1758 404 praedicata
1772 365 1960 396 damnantem
1970 373 1983 401 ,·
2009 372 2048 393 an

1174 419 1243 461 quia
1252 418 1432 452 induciarum
1442 423 1552 456 tempus
1564 411 1705 455 emensum
1715 413 1750 451 cst
1760 437 1769 452 ,
1782 412 1926 457 sententia
1939 412 2050 444 dudum

1175 466 1238 501 lata
1253 468 1390 510 perduret
1409 466 1424 497 ,ἕ
1449 464 1657 499 Induciarum
1679 472 1803 503 tempus
1823 472 1913 497 erant
1930 459 2050 497 ⁴decem

1175 518 1243 552 dies
1253 517 1407 551 Nestorio
1418 514 1458 549 ad
1480 512 1680 558 palinodiam
1703 512 1729 544 εἶ’
1744 511 1893 546 Κῡῐηιηει
1909 512 2050 548 Ecclesia

1178 568 1294 611 praefixi
1305 592 1312 599 .
1339 564 1548 609 Apostolicus
1563 562 1759 597 Vicariusin
1772 562 1905 604 Synodo
1926 561 2051 600 futurus

1177 618 1321 661 Cyrillus
1331 626 1421 660 rogat
1436 641 1446 655 ,
1474 614 1553 648 num
1579 612 1776 649 Nestorius,
1803 611 1824 643 fi
1845 610 1884 644 ad
1906 625 2052 650 mentem

1176 666 1282 702 redeat
1292 691 1302 706 ‚
1331 670 1366 701 fit
1377 663 1560 709 dignandus
1571 664 1672 708 gratia
1685 688 1696 703 ,
1709 660 1970 706 recipiendasque
1984 678 2053 700 non

1176 715 1305 751 tantum
1328 716 1361 749 in
1385 716 1652 749 communionem
1673 739 1683 753 ,
1723 710 1775 745 sed
1800 711 1834 745 &
1860 712 1894 744 in
1916 714 2054 757 gradum

1178 765 1404 810 Episcopalem
1430 790 1436 796 .
1472 762 1633 799 Servanda
1655 763 1700 797 illi
1728 760 1896 796 videbatur
1921 766 2055 808 antiqua

1177 816 1303 862 Regula
1317 841 1327 856 ,
1354 815 1438 849 solos
1461 813 1603 848 seductos
1630 825 1684 848 aut
1706 813 1964 855 circumscriptos
1979 815 2057 858 Epi-

1178 869 1291 911 scopos
1316 865 1349 899 &
1364 865 1511 900 Clericos
1522 863 1655 898 reddens
1677 861 1815 908 gradui,
1845 863 1914 906 ipso
1939 866 2055 899 erroris

1179 919 1305 952 austore
1326 917 1409 950 inter
1419 915 1520 949 laicos
1555 915 1684 948 relistot
1711 913 1756 947 ita
1766 911 1950 956 puniendus
1971 914 2058 949 vide-

1180 967 1273 1002 batur
1283 965 1386 1009 hoino
1413 966 1447 999 in
1471 964 1587 1000 Sedem
1605 963 1835 1008 Apostolicam
1855 975 2058 998 contumax.

1180 1017 1281 1051 Plene
1302 1027 1412 1051 tamen
1433 1014 1665 1050 restituendum
1689 1014 1847 1048 Pontifex
1872 1015 2024 1059 restripfit
2046 1040 2059 1055 ‚

1183 1067 1278 1111 idque
1289 1067 1322 1100 in
1336 1066 1475 1110 gratiam
1488 1066 1653 1109 Principis
1663 1090 1674 1106 ,
1702 1063 1810 1108 palam
1821 1062 1992 1099 hominem
2012 1064 2060 1098 di-

1181 1117 1329 1161 ligentiS.
1354 1116 1447 1148 Hinc
1461 1115 1555 1148 illum
1568 1125 1644 1149 ante
1656 1116 1769 1149 omnia
1782 1114 1967 1150 vocandum
1989 1141 1999 1157 ‚
2024 1115 2060 1150 &

1184 1166 1286 1201 modo
1297 1166 1413 1208 quovis
1427 1163 1620 1204 tentandum
1630 1166 1732 1199 etiam
1755 1164 1891 1207 Synodo
1902 1164 2061 1200 Theodo-

1185 1228 1234 1251 tus
1257 1215 1422 1260 persuasit.

1234 1264 1336 1301 Porro
1347 1267 1381 1299 in
1398 1263 1508 1298 libello
1519 1263 1559 1297 ad
1570 1263 1747 1299 Nicolaum
1773 1266 1913 1307 primum
1927 1265 2063 1301 Pontifi-

1185 1329 1255 1351 cem
1269 1317 1364 1350 misso
1375 1314 1456 1348 dicit
1469 1316 1600 1348 Sanetus
1611 1314 1759 1358 Ignatius
1775 1313 1960 1349 patriarcha
1974 1316 2064 1349 Con-

1186 1365 1495 1409 stantinopolitanus
1521 1377 1528 1396 :
1556 1368 1619 1397 Lex
1644 1365 1682 1404 est
1701 1388 1711 1403 ‚
1735 1373 1768 1397 ut
1787 1371 1891 1398 citatus
1917 1367 1937 1396 ᾰ
1959 1368 2063 1404 synodo

1186 1415 1343 1460 Episcopus
1351 1424 1404 1457 per
1430 1416 1499 1446 duos
1519 1413 1675 1457 Episcopos
1685 1424 1818 1454 vocetur,
1842 1417 1876 1449 ζῇ·
1898 1415 1949 1447 hoc
1959 1417 2062 1448 iterum

1186 1479 1220 1499 ac
1236 1470 1337 1499 tertio.
1364 1464 1487 1499 Tribus
1497 1463 1575 1508 ergo
1588 1464 1711 1499 vicibus
1732 1466 1830 1500 etiam
1843 1478 1898 1509 per
1923 1477 2062 1509 quatuor

1189 1517 1368 1559 Episcopos
1381 1514 1420 1549 ad
1431 1514 1601 1557 Synodum
1626 1515 1839 1559 peremptorie
1861 1517 1977 1550 citatus
2001 1517 2063 1550 suit
2086 1519 2088 1521 ’

1190 1565 1382 1604 Nestorius,
1410 1566 1510 1608 prima
1526 1564 1598 1599 vice
1623 1565 1836 1609 respondens:
1863 1570 1973 1599 Mecum
1994 1568 2066 1599 deli-

1189 1616 1310 1654 berabo,
1336 1617 1370 1648 ὢ·
1373 1613 1403 1656 fi
1407 1616 1522 1656 quidem
1544 1625 1645 1647 ‘ventre
1668 1628 1712 1648 me
1730 1622 1902 1658 oportuerit,
1928 1624 2064 1650 veniam.

1192 1666 1303 1700 Altera
1315 1678 1383 1699 non
1395 1665 1471 1698 fecit
1482 1665 1526 1697 sui
1539 1665 1668 1707 copiam
1680 1691 1689 1706 ,
1703 1678 1757 1710 per
1766 1666 1969 1701 Florentium
1981 1667 2069 1700 Can·

1189 1715 1316 1750 didiani
1341 1715 1485 1749 Comitis
1505 1713 1694 1749 Tribunum
1715 1716 1879 1759 appellans
1899 1716 1939 1749 ad
1952 1715 2067 1751 adven-

1190 1777 1261 1801 turn
1276 1766 1410 1809 Joannis
1422 1763 1643 1800 Antiocheni.
1671 1766 1851 1800 Citationis
1862 1768 1961 1800 tertiae
1972 1778 2067 1801 even-

1191 1828 1261 1852 tum
1283 1815 1384 1849 edicit
1397 1816 1538 1858 Joannes
1551 1816 1728 1858 Episcopus
1740 1814 1872 1859 Ephesti
1886 1827 1969 1850 unus
1980 1816 1998 1850 ὲ
2009 1819 2067 1859 Sy-

1192 1865 1269 1899 nodi
1294 1867 1443 1910 Legatis.
1469 1868 1527 1897 Diu
1541 1888 1551 1903 ‚
1575 1867 1749 1908 multumque
1765 1867 1924 1908 praeslolati
1959 1879 1994 1899 ne
2011 1865 2066 1910 sub

1190 1915 1292 1949 umbra
1311 1917 1426 1958 quidem
1446 1916 1483 1947 ab
1503 1916 1580 1947 illius
1595 1916 1770 1948 satellitibus
1791 1915 2066 1958 confisterwpermiffi

1185 1966 1284 2010 sumus
1298 1990 1309 2005 ,
1333 1969 1420 1998 immo
1448 1964 1595 2008 insolenter
1620 1967 1654 1999 (τ
1675 1968 1852 2008 impudenter
1873 1966 1927 2000 hice
1948 1968 2067 2009 illucque

1192 2029 1241 2050 nos
1259 2017 1436 2059 impellentes
1447 2022 1502 2048 vix
1512 2017 1660 2049 tantillum
1672 2017 1722 2049 loci
1732 2016 1938 2056 concedebant,
1964 2017 2067 2059 ubipe-

1191 2069 1258 2101 dem
1262 2066 1288 2110 s
1282 2069 1360 2101 ecurei
1367 2066 1518 2110 figeremus
1530 2091 1536 2098 .
1560 2068 1620 2100 sed
1629 2079 1718 2109 neque
1727 2068 1782 2099 ullo
1794 2067 1919 2100 humano
1937 2066 2067 2110 responso

1190 2130 1239 2150 nos
1251 2117 1463 2160 dignabantur.
1491 2117 1619 2150 Omnes
1631 2117 1703 2149 suos
1715 2116 1784 2150 tum
1797 2117 1940 2160 Legatos
1961 2116 2067 2150 rediis-

1192 2168 1221 2199 se
1233 2167 1376 2200 militum
1388 2166 1558 2198 contumelia
1582 2166 1616 2199 Θ
1627 2172 1764 2199 conviciis
1780 2176 1907 2200 oneratos
1925 2168 2069 2210 queritur

1191 2215 1343 2259 synodus
1366 2217 1398 2248 in
1424 2215 1600 2248 Relatione
1625 2215 1665 2249 ad
1688 2215 1895 2260 Principem.
1922 2217 2069 2252 Nestorii

1192 2276 1328 2309 namque
1341 2264 1502 2299 Satellites
1512 2276 1602 2299 erant
1617 2265 1761 2299 Comitis
1774 2265 1974 2300 Candidiani
1985 2267 2071 2300 mili-

1190 2325 1257 2356 tes,
1285 2316 1399 2349 armati
1423 2313 1558 2349 fustibus
1582 2340 1593 2354 ‚
1618 2315 1777 2350 vestibulo
1807 2314 1943 2351 adhibiti
1966 2317 2071 2352 cusio-

1187 2364 1263 2406 des,
1290 2377 1331 2398 ne
1354 2366 1424 2408 quis
1445 2363 1463 2397 ὲ
1484 2363 1620 2407 Synodo
1643 2364 1682 2399 ad
1705 2365 1797 2400 illum
1827 2365 2068 2410 ingrederetur.

1191 2415 1268 2458 Ejus
1282 2415 1405 2450 Clerici
1420 2425 1511 2448 erant
1525 2415 1670 2449 militum
1681 2416 1759 2450 socii
1788 2417 1821 2449 &
1846 2418 1997 2451 restores.
2027 2418 2070 2450 Et

1187 2463 1250 2500 huc
1264 2466 1392 2508 respicit
1406 2464 1590 2499 Celestinus
1600 2465 1754 2500 Pontifex
1766 2467 1800 2499 in
1814 2466 1928 2502 litteris
1943 2466 1983 2501 ad
1995 2467 2070 2500 Cle-

1187 2527 1256 2549 rum
1283 2515 1317 2550 &
1347 2514 1505 2559 populum
1524 2516 1933 2559 Constantinopolitanum
1957 2530 1963 2549 :
1991 2520 2070 2560 ‚Quis

1186 2572 1343 2608 petitorem
1353 2567 1454 2603 synodi
1463 2567 1588 2599 crederet
1615 2567 1719 2603 synodo
1740 2566 1933 2608 abfuturum?
1959 2568 2069 2601 Etiam

1187 2626 1298 2659 quarta
1312 2616 1487 2649 vocatione
1500 2613 1671 2650 hominem
1685 2615 1936 2656 honorandum,
1956 2616 2070 2660 utpote

1184 2666 1330 2709 Principi
1369 2664 1504 2699 charum
1544 2665 1655 2710 Regioe
1681 2667 1822 2700 civitatis
1849 2667 2067 2710 Episcopum,

1184 2714 1331 2749 censebat
1349 2715 1512 2759 Juvenalis
1523 2715 1863 2759 Hierosolymitanus3
1892 2728 1924 2751 at
1934 2715 2017 2751 dista
2031 2718 2067 2750 in

1187 2766 1368 2809 Episcopos
1382 2765 1529 2800 militans
1543 2765 1656 2808 injuria
1681 2765 1869 2809 impedivit.

1236 2815 1277 2848 Et
1296 2813 1373 2849 hinc
1388 2816 1492 2849 oritur
1506 2816 1653 2859 quaestio,
1664 2815 1831 2860 quomodo
1840 2816 2015 2851 Nestorius
2026 2815 2067 2850 ab

1186 2866 1250 2909 ipsa
1265 2866 1403 2908 Synodo
1415 2866 1512 2908 usque
1527 2866 1566 2900 ad
1579 2866 1676 2900 latam
1691 2868 1723 2900 in
1738 2867 1840 2909 ipsum
1854 2866 2067 2911 depositionis

1185 2916 1379 2950 sententiam
1387 2914 1505 2949 affidue
1516 2927 1650 2950 vocetur
1663 2916 2069 2960 religiofiffimus‚reveren·

1186 2965 1498 3009 distimus‚piiffimus
1511 2967 1698 3009 Episcopus.
1710 2965 1836 3000 Exinde
1848 2966 1921 3001 sane
1931 2967 2065 3010 quidam

1186 3016 1370 3051 existimant
1384 3015 1594 3063 appellationi
1604 3016 1621 3049 a
1632 3016 1783 3050 Romana
1796 3017 1954 3051 sententia
1967 3017 2005 3050 ad
2015 3028 2068 3060 ge-

1187 3065 1328 3099 neralem
1340 3065 1452 3109 Synod
1463 3078 1516 3100 um
1527 3066 1695 3109 interjestae
1709 3065 1748 3099 ab
1761 3067 1828 3109 ipso
1840 3066 1893 3101 hic
1905 3065 2066 3110 Ephesmo

1188 3115 1345 3149 Concilio
1373 3116 1516 3159 permitti
1542 3115 1720 3149 &adscribi
1745 3117 1891 3150 effectum
1918 3117 2067 3158 suspensi-

1185 3176 1280 3198 vum.
1308 3165 1440 3198 Etenim
1455 3165 1651 3208 praefixarum
1674 3165 1693 3198 ἐι
1709 3166 1876 3201 Celestino
1902 3165 2066 3199 Pontifice

1186 3214 1389 3248 induciarum
1404 3225 1529 3258 tempus
1539 3214 1602 3257 jam
1613 3215 1739 3250 dudum
1750 3216 1920 3250 effluxerat
1935 3239 1945 3255 ‚
1971 3214 2066 3249 adeo·

1184 3275 1246 3306 que
1266 3274 1334 3296 non
1357 3265 1413 3297 nisi
1424 3264 1652 3307 appellationis
1677 3265 1834 3300 beneficio
1859 3276 1984 3308 poterat
1997 3264 2066 3298 Ne-

1187 3313 1303 3348 storius
1313 3315 1374 3348 effe
1384 3314 1581 3358 Episcopus.

1232 3363 1371 3411 Qaestio
1396 3362 1460 3398 ha‘c
1480 3364 1525 3398 est
1547 3365 1631 3408 quasi
1653 3376 1689 3397 ea
1720 3365 1783 3407 ipsa
1799 3388 1808 3404 ‚
1833 3375 1930 3408 quam
1958 3364 2064 3399 statim

1186 3414 1366 3447 audivimus
1378 3414 1545 3448 Celestino
1557 3414 1712 3447 Pontifici
1728 3415 1920 3457 propositam
1945 3415 1964 3447 a
1987 3416 2066 3448 San·

1185 3465 1234 3496 t‘to
1247 3463 1374 3506 Cyrillo
1386 3487 1396 3503 ,
1408 3463 1602 3497 Nestorium
1614 3476 1685 3498 non
1701 3463 1838 3506 amplius
1852 3465 2064 3508 Episcopum,

1186 3513 1237 3549 sed
1249 3510 1419 3553 hominem
1431 3524 1569 3557 vocante
1585 3537 1596 3557 ‚
1623 3513 1721 3556 idque
1732 3512 1775 3548 ob
1786 3514 1910 3559 lapsum
1934 3525 2061 3557 tempus

1666 3563 1693 3597 B
1973 3564 2020 3597 in-

2088 2497 2222 2533 L.1.c.19.
