2340 3736
741 35 756 60 1

658 159 1006 214 Renum,
1075 168 1162 201 ετ

652 289 758 380 N

373 438 479 476 Atura
499 441 579 487 quid
599 442 638 478 fit
650 443 668 477 ἒ
697 454 776 493 314.
799 454 833 487 Ἀ.
852 443 982 480 Natura
1001 439 1165 525 ηεῑῑίἷῆΐξ
1195 460 1197 476 ;

263 541 395 578 Natura
407 541 571 578 bruralisa
583 542 681 579 verbo
691 555 761 581 non
775 544 885 590 potuit
895 544 1011 580 assumi
1023 570 1031 577 .
1061 501 1121 589 3ὶ-ι
1133 547 1148 575 1

396 491 476 536 quid
485 494 500 527 ἒ

262 591 396 628 Natura
407 593 533 629 Divina
544 605 615 629 non
628 595 740 640 potnit
748 605 826 631 cum
834 593 980 632 humana
1000 597 1037 630 in
1045 601 1153 629 ‚unam

315 643 477 688 componi
488 668 496 676 .
1059 638 1117 685 2-8-
1132 651 1150 678 1

264 690 394 729 Natura
406 692 552 735 humana
564 693 610 729 est
621 695 688 740 ipsa
696 696 912 741 assumptione
921 705 1030 731 creata
1040 720 1047 728 .
1058 697 1117 740 ²9-
1129 700 1154 725 2

262 742 407 779 Nuturae
426 744 463 779 in
485 742 621 782 Christo
645 747 664 781 ὲ
682 746 833 783 Patribus
852 747 1005 783 dicuntur
1027 752 1148 792 partes.
1197 754 1199 757 ·

321 802 399 840 14¹-
415 805 447 833 x.

267 841 433 926 Nafturam
443 856 522 880 cum
530 842 694 891 hypostafi
705 847 886 885 Dioscorus
893 846 1061 893 perperam
1071 855 1152 880 con-

298 933 301 936 *
334 891 405 928 udit
415 919 424 926 .
1035 906 1081 945 23
1086 907 1115 942 5.
1128 904 1153 931 2

267 939 435 979 Naturam
444 956 537 980 unam
547 945 753 991 Eutychiani
766 949 888 993 semper
899 947 1052 984 adserunt
1060 971 1068 979 .
1094 945 1150 980 SS-

321 992 433 1035 Patres
441 1007 533 1030 unam
541 1002 731 1032 incarnatam
741 1022 749 1031 .
1035 1007 1051 1032 1
1057 996 1112 1042 46-
1128 1001 1154 1029 2-

264 1041 434 1079 'Naturam
447 1056 548 1081 unam
558 1047 593 1081 in
604 1046 739 1083 Christo
749 1048 813 1084 effe
823 1071 837 1091 ,
860 1045 915 1083 sed
925 1047 1129 1085 incarnatam
1140 1066 1153 1085 ³

321 1093 341 1127 ὲ
350 1094 502 1134 Patribus
509 1097 684 1137 admissum
695 1123 704 1132 .
988 1131 998 1133 γ,
1060 1105 1122 1144 27..
1131 1106 1155 1134 2

269 1142 446 1181 Nazareth.
458 1147 586 1185 viculus
607 1147 781 1192 viliffimns
802 1171 826 1191 ς,
843 1144 1155 1193 Archi-Episcopali

273 1219 285 1235 -,
322 1194 631 1241 dignitateillustris
643 1224 651 1235 .
756 1208 758 1210 ·
855 1233 857 1235 ,
1039 1206 1120 1245 279·
1132 1207 1156 1233 2

266 1239 366 1287 rate:
378 1247 530 1292 Nepotes
553 1249 761 1286 antecessoris
791 1249 827 1284 δε
845 1248 1060 1285 successorem
1084 1256 1156 1283 rara

275 1325 278 1328 .
319 1297 519 1337 concordia.
1064 1304 1123 1342 44·
1134 1304 1158 1329 2

269 1341 472 1382 Nestoriana
483 1347 603 1381 haerefis
612 1347 632 1381 a
642 1348 749 1382 Paulo
759 1347 974 1383 Samosatenfi
997 1356 1053 1391 per
1064 1343 1159 1379 Aria-

319 1405 384 1429 nos
404 1396 439 1429 in
460 1396 656 1432 Nestorium
678 1396 824 1433 derivata
848 1410 858 1432 ε
879 1396 988 1432 Immo
1005 1394 1048 1431 ab
1084 1392 1160 1438 ipfiS

323 1444 441 1488 Judaeis
452 1444 544 1485 ducit
555 1447 722 1492 originem
733 1471 741 1479 .
1041 1453 1121 1491 209.
1135 1450 1160 1476 2

271 1492 463 1530 Nestoriani
475 1495 553 1531 dieti
564 1495 768 1537 simoniaci,
793 1495 876 1530 cur?
1046 1491 1123 1534 188-
1139 1498 1156 1525 1

270 1543 422 1580 Nestorii
460 1542 738 1581 Admonitorium
753 1545 800 1580 'in
830 1542 971 1589 Synodo
995 1542 1166 1589 Ephefina

322 1594 474 1630 oblatum
484 1619 497 1637 ‚
522 1595 663 1631 lectione
676 1595 854 1640 indignum
865 1619 873 1628 .
1041 1603 1122 1631 200·
1136 1604 1154 1631 1

272 1642 423 1679 Nestorii
442 1644 575 1681 indoles
593 1656 633 1680 ac
643 1657 750 1681 mores
762 1657 793 1684 1.
808 1655 837 1684 1.
851 1654 882 1680 2.
903 1656 973 1680 non
985 1644 1050 1680 fuit
1061 1643 1158 1679 haere-

298 1714 304 1731 1
324 1695 394 1729 seos
403 1718 416 1734 ,
440 1692 530 1729 dictis
540 1695 744 1733 Nestorianae
756 1721 768 1738 ‚
785 1696 909 1740 primus
918 1693 1041 1730 author
1050 1719 1057 1727 .
1087 1705 1120 1732 2.
1133 1703 1156 1729 2

273 1742 424 1780 Nestorii
446 1745 587 1780 secunda
607 1746 745 1790 epistola
767 1748 804 1780 in
815 1746 974 1782 Concilio
993 1743 1160 1790 Ephelino

323 1794 427 1838 impia
440 1817 452 1835 ,
477 1793 628 1830 haeretica
638 1820 651 1837 ,
674 1796 738 1831 &c.
756 1795 906 1839 Judieata
917 1820 925 1828 .
951 1805 1022 1832 201-
1035 1807 1068 1832 2·-
1080 1793 1160 1838 Ejus

324 1844 457 1886 ineptia:
473 1855 705 1887 exponuntur.
731 1844 932 1889 1bid.Eique
954 1845 1076 1880 dietum
1087 1855 1162 1879 ana-

324 1890 457 1928 thema.
483 1891 568 1929 Ibid.
582 1894 662 1938 Ejus
673 1894 846 1930 insolentia
858 1914 869 1927 .-
894 1904 972 1932 202„
982 1904 1019 1932 ι.
1034 1895 1162 1940 Degra-

327 1942 424 1977 datur
435 1967 443 1974 .
1045 1954 1127 1992 203.
1142 1956 1155 1981 1

276 1991 438 2028 Nestorio
448 1990 550 2036 impie
558 1993 595 2028 in
606 1993 754 2029 Clericos
764 1994 914 2029 &viente
924 2019 937 2036 ,
962 1993 1159 2041 Orthodoxi

327 2040 503 2086 Synodum
514 2042 1014 2089 postularuntacimpetrarunt.
1086 2054 1120 2092 ςι
1141 2056 1159 2081 1

277 2092 473 2128 Nestorium
483 2093 569 2128 inter
579 2106 618 2130 ac
630 2094 806 2140 Pelagium
815 2095 898 2130 mira
908 2095 1064 2131 affinitas.
1084 2104 1124 2131 :a
1139 2105 1162 2132 2.

278 2142 473 2178 Nestorium
495 2143 579 2178 inter
602 2144 844 2180 &Catholicos
853 2144 1017 2191 quidquid
1037 2145 1164 2187 aetum,

330 2193 365 2226 in
377 2191 517 2236 Synodo
528 2192 691 2238 Ephesina
703 2195 909 2240 expolitum.
1047 2205 1125 2243 199·
1145 2205 1162 2232 1

280 2243 456 2282 Nestorius
466 2241 508 2278 ad
528 2245 702 2289 Synodum
716 2242 912 2290 Ephefinarn
933 2245 976 2281 ab
992 2244 1167 2290 Episcopis

331 2302 380 2327 ter
389 2294 507 2328 citatus
519 2319 530 2335 ‚
556 2306 727 2341 nunquam
740 2297 846 2331 venir.
914 2305 994 2333 200.
1005 2306 1038 2332 2·
1049 2304 1130 2332 201-
1146 2305 1164 2331 1

283 2343 456 2379 Nestorius
477 2344 594 2380 absens
614 2345 912 2382 anathematizatur
926 2371 933 2378 .
965 2356 1018 2382 10·
1042 2356 1072 2382 1.
1086 2345 1167 2390 Epi-

331 2394 465 2437 scopatu
478 2395 622 2439 privatur
632 2422 640 2430 .
672 2406 724 2435 ιο.
736 2409 768 2434 2.
780 2397 916 2432 Novam
928 2396 1103 2441 Synodum
1114 2406 1168 2439 ap-

334 2443 435 2487 pellat
448 2469 456 2476 .
1080 2454 1097 2482 1
1107 2456 1133 2482 1.
1147 2453 1164 2480 1

286 2493 464 2528 Nestorius
483 2495 625 2536 acceptis
636 2495 900 2541 CelestiniPapae
922 2496 1041 2532 litteris
1059 2492 1168 2531 nihilo

334 2541 454 2577 melior
466 2565 477 2582 ,
488 2540 646 2578 deteriora
657 2544 754 2589 quam
765 2546 842 2580 ante
852 2547 1010 2591 dogmata
1020 2558 1080 2591 pro
1090 2557 1170 2581 con-

335 2593 435 2627 cione
446 2593 614 2636 proposuit
623 2617 631 2626 .
658 2595 782 2638 Cyrilli
797 2594 940 2640 capitula
953 2595 1110 2632 haereseos
1119 2607 1171 2631 ac-

335 2642 487 2682 curavit.
506 2643 745 2690 appellavitque
768 2647 955 2692 generalem
976 2647 1169 2691 Synodum.

336 2702 372 2738 4.
387 2704 420 2730 2-

287 2742 462 2780 Nestorius
483 2753 666 2780 contumax
683 2756 753 2780 non
775 2745 906 2791 refipuit
922 2772 930 2779 .
954 2756 1034 2795 205.
1047 2758 1078 2785 2.
1090 2747 1173 2782 Om-

340 2792 398 2829 nia
409 2794 445 2826 in
458 2804 534 2829 eum
543 2793 686 2838 judicata
695 2796 713 2830 ὲ
724 2797 860 2843 Legatis
871 2797 1035 2833 Romanis
1055 2797 1173 2832 confir-

338 2853 488 2879 mantur.
1055 2848 1136 2885 206-
1151 2858 1169 2884 1

288 2892 464 2931 Nestorius
474 2894 492 2929 ὲ
502 2895 642 2939 Synodo
653 2894 814 2942 Ephefina
833 2897 916 2933 abiit
927 2922 940 2939 ,
966 2909 1027 2935 nec
1037 2907 1173 2933 vocatus

341 2946 524 2987 comparuit
537 2971 546 2980 .
1066 2957 1096 2994 9.
1110 2956 1138 2983 1·
1152 2960 1174 2985 2

291 2994 466 3030 Nestorius
476 2994 738 3033 Novatianenses
760 2997 1070 3043 quartodecimanos
1091 2999 1175 3033 acri-

342 3055 392 3079 ter
413 3045 585 3080 insedtatus
599 3071 607 3079 .
634 3057 716 3085 210.
737 3059 767 3085 1.
794 3048 873 3091 Ejus
896 3048 1172 3093 pseudoapostoli

340 3094 508 3139 judaicum
529 3096 727 3139 Symbolum
749 3098 979 3143 praedicarunt.
1005 3100 1072 3135 Cui
1093 3097 1172 3133 obfi-

340 3144 428 3179 stens
450 3145 813 3192 Charifius,.apseudo
835 3149 1007 3193 Apostolis
1031 3160 1175 3185 commu-

343 3195 445 3229 nione
464 3195 628 3241 privatur:
654 3198 673 3232 a
685 3197 823 3242 synodo
837 3198 1001 3244 Ephefina
1024 3200 1177 3235 verifimi-

344 3245 418 3280 liter
428 3247 595 3282 restitutus
606 3274 616 3281 .
1061 3259 1142 3288 210-
1155 3260 1178 3287 2

294 3294 468 3331 Nestorius
484 3298 561 3332 exul
583 3296 810 3342 blasphemans
830 3300 1055 3346 extinguitur.
1083 3308 1140 3337 22.
1155 3311 1178 3336 2

343 3344 436 3430 Jiccle
450 3347 634 3430 ,HEphefina
645 3351 777 3390 ssnodus
786 3376 794 3387 .
813 3354 847 3397 J
847 3362 958 3388 oannes
971 3348 1176 3386 antiochenus.

366 3419 374 3427 .
410 3409 455 3436 m
480 3410 515 3431 us
531 3424 539 3433 .

1231 153 1750 206 Vzgnnoaum.
1923 169 2026 220 379,

1220 233 1395 271 Nestorius
1404 245 1533 272 naturas
1545 249 1603 281 pro
1611 238 1767 274 Personis
1776 237 1965 284 accipiebat.
1981 254 2000 291 3
2007 254 2023 280 1
2031 253 2060 282 1.
2073 254 2098 282 2

1221 285 1466 322 Nicomedienfi
1491 285 1657 334 Episcopo
1675 288 1727 333 jus
1746 291 2025 335 metropoliticum
2044 294 2103 330 ad-

1270 336 1374 370 versus
1383 336 1419 371 N
1421 336 1561 374 icaenurn
1572 338 1733 387 stabilitur
1742 363 1753 375 .

1842 350 1926 389 295·
1937 354 1970 381 2·
1981 344 2063 390 296.
2080 353 2101 381 1

1219 387 1256 422 N
1258 385 1356 423 orarii
1366 397 1488 424 munus
1495 411 1506 421 .

1986 403 2068 443 225.
2084 402 2105 436 t,

2068 498 2091 510 v·

1621 492 1712 578 O
1994 526 2015 532 ὁ.
2065 525 2077 556 l:

1993 570 1996 573 .
2072 557 2077 569 ἵ

1312 636 1386 675 Asis
1396 665 1409 684 ,
1433 639 1515 688 quid
1528 640 1546 674 ἓ
1568 638 1610 676 eo
1620 637 1777 682 nonnulli
1785 639 1966 685 deportati.
1995 654 2068 693 217.
2082 652 2101 681 1

1321 718 1324 721 ,
1338 691 1479 728 Oblatio
1485 692 1569 733 fasta
1587 689 1748 727 Ecclefiae·
1761 690 1796 732 ὃς
1806 690 1969 738 Episcopo
1978 693 1997 731 a
2010 697 2110 742 fitne,-

1269 742 1326 777 nia
1337 746 1405 778 'erat
1416 742 1594 778 immunis.
1873 777 1878 781 ,
1920 780 1922 782 ,
2013 743 2067 794 38.
2084 752 2103 779 1

1218 790 1418 831 Oblationes
1428 794 1463 829 in
1473 794 1615 834 crimine
1623 791 1859 842 deffinstorum
1864 802 2002 841 receptae
2013 819 2024 836 ,
2038 804 2110 843 prae-

1266 843 1448 888 terquamfi
1466 842 1524 878 fibi
1547 850 1689 878 mortem
1714 843 1899 879 intulissent
1911 870 1919 877 .
1947 842 2114 883 Sacrificia

1270 903 1330 938 pro
1340 893 1498 928 omnibus
1509 891 1611 929 modo
1623 894 1805 930 offeruntur
1813 918 1826 936 ‚
1852 894 1913 931 nifi
1923 894 1960 929 in
1973 894 2111 934 notorio

1270 942 1413 979 crimine
1422 943 1545 981 fuerint
1560 942 1700 979 extitisti
1711 968 1722 978 .
1996 943 2076 983 182.
2090 955 2110 984 1
2133 984 2139 989 ,

1220 993 1423 1036 OEconomus
1434 1018 1446 1034 ,
1470 993 1577 1039 quid?
2019 995 2075 1043 67.
2087 1006 2111 1032 2

1220 1044 1396 1079 OEconomi
1409 1043 1626 1087 Ecclefiastici
1641 1044 1740 1092 origo
1755 1066 1770 1079 .«
1995 1046 2078 1082 106.
2092 1052 2111 1083 1

1222 1094 1555 1141 OEconomidignitas
1565 1106 1604 1131 ac
1614 1097 1765 1132 officium
1777 1120 1787 1129 .
1854 1130 1858 1134 ,
1908 1124 1910 1126 >
2006 1105 2075 1141 107-
2090 1105 2115 1132 2

1222 1144 1400 1185 OEconomi
1421 1155 1516 1181 erant
1537 1145 1680 1182 Clerici.
1705 1145 1776 1183 106.
1790 1156 1812 1180 ι.
1823 1155 1855 1182 2.
1879 1143 1974 1180 Alibi
1994 1145 2116 1182 {clero

1237 1210 1241 1211 ⁷
1272 1194 1485 1238 eledli‚3alibi
1507 1195 1551 1233 ab
1561 1197 1752 1242 Episcopo,
1776 1193 1910 1235 tandem
1929 1195 2117 1240 {Principe

1228 1283 1231 1285 ‚
1272 1245 1465 1281 constituti.
1824 1293 1826 1295 ‚
1865 1245 1944 1283 106.
1957 1256 1989 1282 2.
2005 1257 2080 1293 107·
2096 1255 2114 1281 1

1225 1293 1402 1330 OEconomi
1424 1296 1574 1332 officium
1593 1296 1750 1335 diaconis
1764 1295 1842 1333 ante
1858 1294 2027 1343 proprium
2039 1321 2052 1337 ,
2075 1295 2119 1331 ad

1275 1345 1477 1389 presbyteros
1489 1345 1560 1391 post
1572 1345 1738 1391 delapsum
1749 1369 1762 1387 ,
1784 1347 1866 1384 cur?
1911 1382 1914 1385 .
2006 1343 2083 1383 108.
2096 1357 2120 1384 2

1226 1390 1511 1437 OEconomiplura
1523 1397 1664 1430 nomina
1674 1421 1683 1430 .
1906 1427 1908 1429 .
2002 1406 2081 1441 107·
2099 1406 2118 1433 1

1227 1442 1284 1483 Ab
1295 1442 1487 1478 OEconomis
1499 1444 1622 1479 minori
1631 1455 1709 1480 cum
1722 1444 1870 1488 periculo
1882 1445 1982 1488 quam
1991 1445 2033 1480 ab
2043 1445 2124 1490 Epi·

1278 1493 1384 1537 scopis
1396 1493 1484 1528 bona
1493 1493 1644 1529 Ecclefiae
1656 1493 1926 1531 administrantur
1936 1520 1944 1528 .
2007 1505 2085 1541 105.
2101 1507 2120 1532 1

1227 1541 1431 1578 OEconomus
1466 1542 1589 1589 paffimv
1619 1543 1686 1579 fuit
1723 1543 1809 1580 olim
1834 1543 2104 1581 Archidiaconus
2114 1571 2124 1578 ,

1282 1591 1360 1630 106.
1376 1602 1406 1628 1.
1496 1630 1499 1631 ⁷
1829 1600 1831 1602 ’
1864 1612 1867 1613 ’
2064 1631 2067 1635 ,
2108 1603 2113 1633 Γ

1229 1640 1430 1678 officiorum
1465 1643 1624 1688 magistro
1648 1654 1768 1680 omnes
1804 1643 1945 1690 palatini
1969 1645 2101 1691 subjecti
2112 1670 2121 1680 .

1279 1702 1362 1730 221.
1377 1701 1409 1727 2.
1861 1712 1865 1714 s
2090 1707 2110 1713 »

1228 1743 1386 1778 Oratoria
1406 1742 1443 1776 in
1467 1743 1561 1789 pagis
1575 1753 1647 1779 non
1666 1742 1851 1790 incongrue
1872 1743 2038 1780 interdum
2058 1756 2131 1789 per·-

1279 1793 1485 1840 mittuntur..
2025 1805 2080 1843 70.
2105 1805 2122 1833 ι

1231 1842 1288 1878 Ab
1296 1840 1490 1881 ordinandis
1503 1843 1652 1879 Eccleiiae
1662 1845 1746 1880 fasta
1755 1842 1883 1880 oblatio
1894 1869 1901 1876 .
1930 1843 1985 1893 38.
1998 1857 2026 1882 1.
2040 1845 2130 1882 Item

1279 1893 1315 1927 &
1327 1892 1499 1928 ordinanti
1511 1918 1518 1926 .
2007 1895 2090 1930 Ibid.
2102 1907 2129 1932 2

1230 1942 1327 1979 Ordo
1346 1941 1399 1976 vel
1408 1942 1595 1985 Baptismus
1605 1952 1697 1979 extra
1707 1943 1928 1980 necessitatem
1939 1943 1981 1979 ab
2001 1943 2133 1982 haereti—

1279 2003 1324 2027 co
1333 1990 1450 2030 illicite
1460 1991 1634 2036 suscipitur
1649 2018 1657 2027 .
1745 2028 1747 2030 ,
1899 2021 1904 2026 .
2037 1993 2091 2040 89.
2103 2007 2133 2033 2.

1231 2040 1413 2080 orientalis
1431 2041 1579 2078 dioecefis
1601 2041 1640 2077 in
1659 2052 1799 2089 quatuor
1821 2043 2023 2089 principatus
2042 2046 2128 2080 olim

1282 2091 1404 2127 divisa.
1735 2101 1746 2111 ⁶
2007 2092 2088 2143 283.
2106 2104 2123 2131 1

1231 2141 1410 2177 Orientalis
1421 2139 1566 2178 Ecclefla
1575 2140 1727 2180 bifruia'm
1739 2144 1878 2180 sumitur
1887 2170 1895 2179 .
2007 2154 2089 2192 240-
2103 2155 2128 2184 2

1232 2193 1398 2238 Origenes
1418 2200 1497 2227 ante
1518 2204 1550 2227 v.
1562 2193 1737 2237 Synodum
1751 2195 1815 2230 fuit
1835 2191 1983 2240 legitime
2006 2195 2129 2230 conde-

1281 2251 1414 2328 tlxssngtus
1425 2266 1435 2277 .
1465 2238 1542 2291 157.
1555 2252 1584 2279 1.
1594 2252 1694 2289 atque
1702 2244 1801 2280 etiam
1810 2244 1847 2280 in
1858 2246 1924 2290 ipsit
1935 2255 1964 2278 v.
1978 2245 2128 2288 Synodo.

1324 2305 1335 2327 1
1361 2317 1370 2324 .

1232 2343 1399 2390 Origenes
1407 2340 1513 2378 dietus
1524 2341 1747 2380 Adamantius
1757 2368 1768 2386 ‚
1793 2355 1851 2380 cur
1862 2345 1876 2378 ἒ
2008 2355 2087 2394 139.
2101 2357 2127 2387 2

1232 2394 1397 2438 Origenes
1407 2391 1637 2429 haereticorum
1645 2396 1800 2430 omniurn
1812 2394 1911 2438 origo
1923 2420 1931 2427 .
2041 2396 2126 2443 Ibid.

1235 2442 1401 2488 Origenes
1410 2443 1563 2479 omnium
1573 2444 1808 2488 purgationem
1829 2445 1958 2480 asseruit
1970 2469 1982 2488 ,
2006 2446 2042 2481 in
2057 2457 2129 2490 quo

1284 2494 1303 2528 ὲ
1316 2493 1347 2528 S.
1359 2492 1553 2538 Augustino
1562 2495 1716 2537 explosus
1729 2519 1736 2526 .
2043 2494 2127 2531 Ibid.

1236 2543 1366 2580 Contra
1384 2543 1568 2587 Origenem
1588 2545 1657 2577 asta
1679 2553 1708 2576 v.
1727 2541 1855 2586 Synodi
1875 2554 1947 2580 non
1972 2545 2103 2582 exstant
2118 2572 2128 2579 .

1290 2603 1304 2628 ι
1311 2603 1366 2640 57.
1387 2603 1419 2630 2.
1442 2592 1507 2627 Sed
1527 2591 1648 2629 Canon
1668 2591 1861 2629 undecimus
1884 2605 1922 2629 ac
1948 2595 2127 2639 Iustiniani

1286 2641 1418 2678 litterae.
2012 2644 2090 2694 158·
2105 2658 2123 2685 1

1236 2693 1393 2739 origenis
1403 2691 1546 2739 capitula
1559 2692 1745 2738 Iustiniano
1756 2693 1944 2730 damnanda
1964 2695 2129 2733 exhihen-

1287 2753 1339 2779 tur
1352 2768 1360 2776 .
2016 2758 2031 2783 1
2083 2772 2090 2780 ·
2106 2757 2122 2784 1

1236 2792 1396 2839 Origenis
1415 2803 1541 2829 errores
1560 2793 1602 2829 de
1620 2794 1699 2830 Deo
1718 2806 1757 2830 ac
1779 2792 1917 2832 Christo
1947 2758 2081 2843 1352517.
2102 2809 2126 2836 2

1293 2853 1308 2880 1
1338 2843 1414 2883 621·
1425 2855 1458 2882 2·
1608 2850 1611 2853 “

1237 2854 1397 2939 Orig3enis
1414 2904 1538 2930 errores
1559 2894 1601 2932 de
1620 2904 1730 2932 mente
1752 2897 1788 2932 &
1801 2894 1962 2943 Angelis.
1991 2903 2068 2946 133.
2089 2898 2124 2934 ὅ(

1288 2946 1374 2989 seqq.
1390 2951 1467 2993 173.
1481 2955 1509 2981 1.
1523 2956 1556 2983 2.

1239 2994 1398 3040 Origenis
1407 2995 1543 3039 persona
1554 3007 1593 3031 ac
1603 2995 1749 3032 doctrina
1758 2998 1979 3034 condemnata
1988 3023 1996 3031 .
2006 2995 2088 3044 '158-
2106 3006 2120 3033 1

1239 3047 1447 3081 Ornamenta
1457 3045 1608 3081 Ecclefiae
1623 3048 1659 3082 in
1670 3047 1937 3096 consanguineos
1950 3046 2124 3095 profunde-

1289 3106 1342 3136 re,
1369 3105 1505 3129 enorme
1514 3095 1638 3132 crimen
1649 3123 1658 3131 .
2027 3107 2085 3145 45-
2103 3109 2121 3134 1

1240 3145 1413 3184 Osrhoena
1422 3144 1599 3182 Provincia
1609 3172 1622 3190 ‚
1647 3147 1728 3192 ubi,
1751 3149 1786 3184 δε
1797 3148 1883 3185 unde
1892 3149 1976 3184 dista
1988 3174 1996 3182 .
2023 3148 2121 3183 Edess

1291 3195 1408 3282 sassejus
1433 3195 1636 3243 Metropolis
1660 3224 1673 3241 ,
1698 3198 1782 3236 olim
1806 3201 1916 3246 Rages
1938 3200 1973 3235 ἀ
1993 3198 2100 3234 Poase
2111 3224 2120 3231 .

1291 3257 1313 3282 2
1342 3256 1371 3293 3.
1402 3254 1432 3281 1.
2114 3286 2118 3288 .

1241 3297 1360 3334 Otium
1369 3295 1547 3336 neceffirati
1557 3298 1707 3338 Ecolefiae
1718 3310 1787 3337 non
1798 3300 1843 3337 est
1854 3299 2120 3348 praeponendum.

1294 3357 1349 3396 71.
1360 3357 1393 3381 a.
1856 3380 1859 3383 .
1920 3362 1924 3366 ·

1966 3450 2054 3496 Papa
2062 3472 2077 3492 ‚
