2340 3736
338 126 435 171 254
958 109 1417 153 APPENDIX

271 193 524 239 Consubstantiale
547 218 556 233 ‚
584 191 699 226 auferri
720 191 761 226 de
788 191 934 226 ‘Nicaeno
963 189 1149 234 Symbolo,

1216 188 1399 224 ostensum.
1425 189 1532 226 Fuisse
1541 198 1620 228 tunc
1631 189 1821 228 Antiochiae
1829 192 1930 230 etiam
1942 194 2092 231 catechu-
2111 193 2195 236 Epist·
2215 203 2228 232 3

274 256 372 288 atque
392 245 437 279 ita
468 242 683 277 Ecelefiatum
707 242 776 282 fieri
798 252 911 287 pacem
934 265 947 282 ‚
977 238 1149 287 ³respondit

1216 240 1320 273 menis
1341 239 1498 274 traditum
1520 240 1618 276 docet
1630 242 1778 285 Epistola.
1800 245 2001 290 sanffiPapae
2011 247 2097 281 Feli·

95 272 131 304 ι’
156 280 180 303 ¹‘
276 295 362 340 apud
385 295 539 329 Sandium
571 293 772 338 Gregorium
793 288 1035 336 Nyffenum'in
1058 288 1150 322 libris
1216 290 1263 323 cis
1284 289 1374 323 tertii
1397 289 1438 323 ad
1456 288 1577 324 dietum
1597 292 1790 328 Fullonem.
1816 295 1980 330 Adfirmat
2000 296 2098 331 enim-

277 345 427 381 adversus
448 344 657 378 Eunomium
669 345 803 379 Sanc‘ius
815 341 949 377 Basilius
963 365 974 381 ,
1001 338 1076 372 fidei
1098 337 1150 371 isti
1216 339 1372 373 traditum
1392 338 1486 373 fuisse
1507 339 1589 374 illud
1602 341 1819 385 Symbolum,
1841 346 1877 380 in
1889 358 1954 391 quo
1972 347 2094 381 Domi.

279 393 364 432 nihil
388 395 475 440 posse
496 394 584 428 demi
606 393 659 428 vel
675 392 750 428 addi
771 419 782 435 ,
807 393 841 425 &
863 390 916 425 vel
939 389 981 424 de
1006 388 1154 423 formulae
1216 400 1296 423 num
1308 390 1417 433 Jesum
1435 389 1625 433 profitemur
1646 401 1760 426 natum
1780 392 1822 429 de
1837 397 1960 440 spiritu
1982 398 2094 431 fando

269 448 376 492 ‘ipsius
386 445 502 480 ordine
514 443 675 479 mutando
697 456 764 478 non
777 442 865 487 poffe
889 439 1029 484 cogitari
1041 464 1048 471 .
1076 438 1153 485 Qia
1216 451 1257 474 ex
1269 440 1378 474 Maria
1389 439 1552 484 Virgine.-
1578 440 1766 488 Qaeverba
1785 444 1890 486 palam
1899 448 1973 481 sunt
2000 448 2034 482 in
2047 449 2094 481 so.

277 497 350 542 lege
360 494 454 540 ligari
463 495 563 529 etiam
572 495 738 540 generales
747 491 900 535 Synodos
930 489 1155 524 existimarunt
1219 491 1252 525 lo
1262 490 1635 534 Constantinopolitano
1647 515 1654 522 .
1683 491 1795 540 Qem
1811 504 1934 530 morem
1946 497 2096 532 Ecclefiae

279 547 377 581 multi
411 545 566 590 Episcopi
599 558 607 578 :
644 544 880 579 Existimarunt
910 540 1039 574 nullum
1069 537 1157 582 posse
1217 541 1252 575 &
1264 540 1390 575 dioecesi
1411 540 1789 584 Constantinopolitanae
1807 542 2096 587 imposuitTimo-

279 598 434 641 deinceps
446 595 542 630 scribi
553 595 629 629 fidei
642 597 821 630 Decretum
835 593 890 626 seu
902 590 1133 625 definitionem
1147 613 1158 629 ,
1218 590 1314 625 theus
1326 590 1527 634 Episcopus,
1550 590 1746 625 Macedonii
1769 592 1902 627 secundi
1923 595 2096 636 successor,

277 647 331 682 sed
342 648 410 681 sola
421 657 503 680 voce
514 646 639 689 exponi
651 644 738 688 posse
749 641 916 677 laudatum
937 638 1157 684 Symbolum,
1219 649 1315 683 atque
1328 640 1371 675 ita
1385 641 1586 684 pedetentim
1597 650 1742 685 receptus
1764 644 1827 676 fuit
1837 643 1878 677 ab
1889 645 1983 678 omni
1997 646 2097 680 ferme

275 696 537 742 &grassantibus
548 691 890 730 erroribusmonstrari
899 689 1067 726 adversum
1079 716 1087 722 .
1110 688 1157 723 At
1221 691 1364 726 Ecclesia
1381 691 1561 726 Orientali.
1589 692 1744 727 Romana
1767 694 1906 728 Ecclesia
1928 695 1963 728 in
1977 694 2099 739 Baptis-

276 747 379 793 longd
401 745 516 781 rectius
535 746 568 778 in
593 744 706 778 litteris
718 742 758 778 ad
780 744 929 777 Leonem
948 740 1158 786 Augustum,
1220 752 1277 776 mo
1289 741 1521 785 Apostolicum
1531 741 1726 784 Symbolum
1738 744 1861 788 semper
1870 744 2029 786 retinuit,
2047 731 2103 779 uti'

278 799 351 842 post
363 795 535 840 Synodum
554 795 745 838 praesentem
769 791 987 832 exstantibus,
1018 792 1158 835 Joannes
1220 793 1254 825 in
1264 801 1381 835 quarto
1403 791 1571 826 adversum
1584 792 1793 836 Eutycheten
1817 794 1906 830 libro
1915 794 2030 830 diserte
2051 804 2101 829 te-

278 847 472 884 Sebastenus
497 846 700 889 Episcopus,
727 843 837 888 primae
847 843 1013 877 Armeniae
1031 841 1159 874 Metro·
1219 841 1319 876 statur
1343 866 1355 883 ,
1381 842 1436 885 qui
1464 841 1534 885 post
1561 843 1734 885 Synodum
1759 846 1943 888 praesentem
1970 846 2100 883 floruit,

107 925 252 964 Μὴε,
277 899 403 944 polita:
425 897 609 940 judicamus
636 895 866 937 definitionem&
885 891 987 936 sanc‘lo
998 890 1161 923 Chalcedo-
1219 892 1353 926 Sanctus
1364 891 1511 937 Vigilius
1524 892 1701 937 Episcopus
1719 893 1956 931 Tridentinus.
1986 896 2100 930 Etiam

280 947 361 991 nenfi
373 947 501 981 Concilio
517 948 693 988 prolatam,
721 956 778 977 non
793 943 867 986 ficut
886 941 959 985 fidei
974 941 1135 981 Symbolum
1144 963 1159 980 .,

275 999 334 1044 sed
337 997 412 1041 ficut
433 997 633 1040 definitionem
645 995 696 1038 effi,-
716 993 840 1037 politam
862 994 907 1026 ad
921 988 1160 1034 peremptionem

279 1048 467 1090 ‚Nestorianae
488 1044 621 1089 vesaniae
635 1071 642 1078 .
670 1041 801 1078 Nostrae
813 1044 941 1087 Synodi
964 1042 1005 1076 de
1016 1040 1079 1075 fide
1092 1042 1160 1075 De-

279 1109 402 1133 cretum
414 1097 579 1142 eleganter
602 1094 746 1131 ostendit
758 1106 827 1129 non
849 1094 912 1128 esse
924 1104 1047 1126 novum
1068 1092 1159 1133 Sym-

279 1150 394 1184 bolum
405 1172 417 1189 ,
444 1158 550 1189 neque
563 1146 692 1180 Nicaeni
712 1144 866 1189 Symboli
878 1142 1159 1182 additamentum,

276 1200 331 1234 sed
347 1209 467 1234 novam
490 1195 663 1231 dumtaxat
673 1195 845 1230 adversum
869 1205 974 1228 novos
994 1192 1160 1227 haereticos

276 1249 509 1284 definitionem
527 1272 543 1288 Δ,
580 1246 721 1290 ideoque
752 1245 794 1280 ab
826 1243 981 1288 Ephesmi
1011 1242 1160 1277 Canonis

276 1300 472 1345 transgressu
497 1298 684 1343 longissime
707 1295 831 1330 abesse:
858 1293 1030 1340 Qoniam
1054 1291 1160 1326 lauda-

277 1362 330 1385 tus
343 1351 461 1386 Canon
474 1349 560 1382 intra
575 1348 683 1382 solum
695 1345 847 1390 Symboli
860 1345 990 1379 Nicaeni
1004 1346 1059 1378 seu
1071 1343 1159 1378 Con-

276 1399 568 1443 stantinopolitani
592 1408 710 1441 corpus
734 1406 823 1431 vetet
849 1395 946 1430 inseri
957 1393 1097 1438 quodvis
1108 1393 1159 1427 vel

277 1451 378 1486 unius
387 1450 515 1484 voculae
527 1446 788 1482 additamentum
799 1472 806 1478 .

328 1501 443 1548 Qam
463 1499 644 1534 doctrinam
666 1497 832 1532 intellexit
852 1497 953 1531 etiam
975 1493 1161 1528 Florentius

281 1550 443 1585 Sardensis
462 1549 642 1592 Episcopus
668 1570 680 1586 ,
706 1547 820 1588 Lydiae
835 1544 1078 1588 Metropolita,
1104 1543 1162 1577 res-

276 1600 428 1645 pondens
438 1596 672 1643 gloriosissimis
683 1594 844 1639 judicibus
858 1609 865 1629 :
892 1597 1045 1638 ,Quoniam
1058 1605 1115 1627 non
1125 1591 1162 1633 est

272 1651 399 1694 poffibile
414 1647 515 1693 subito
528 1647 644 1681 amare
655 1647 695 1694 de,
709 1646 770 1689 fide
784 1657 830 1679 eos
842 1672 853 1688 ‚
880 1652 931 1689 qui
948 1645 1024 1677 doc‘i'i
1040 1642 1162 1688 suntse-

277 1706 501 1744 qut’Nic'aenam
517 1696 659 1742 sandiam
678 1694 822 1736 &ynodum
834 1721 845 1737 ,
871 1698 983 1738 &quae
1001 1701 1033 1728 in
1044 1693 1163 1736 Epheso

277 1752 356 1785 reae*
379 1752 414 1784 i&
423 1750 475 1792 pie
484 1749 622 1782 roborata
634 1745 671 1787 est
682 1772 693 1788 ,
716 1745 878 1790 secundam
890 1746 983 1789 fidem
991 1744 1162 1789 sanderum

279 1804 407 1835 Parrum
428 1800 528 1839 Cyrilli
553 1800 588 1834 (9·
605 1796 740 1838 celestini
752 1822 763 1838 ,
790 1796 977 1841 &Epistolae
996 1793 1162 1839 sandiffimi

279 1855 387 1885 Leonis
401 1875 412 1891 ,
432 1859 591 1892 precamur
615 1847 743 1889 vestram
755 1847 1007 1892 Magnificentiam
1024 1844 1162 1887 praestari

278 1902 364 1935 nobis
385 1901 542 1939 inducias,
568 1899 712 1942 quatenns
725 1910 788 1932 cum
807 1898 921 1932 decenti
944 1896 1076 1929 trabium
1088 1905 1162 1929 acce-

279 1953 350 1986 dere
370 1952 569 1984 adventatis
591 1946 710 1991 causam
724 1949 858 1991 poffimus
870 1971 881 1987 ,
907 1951 1050 1989 quamvis
1071 1951 1104 1978 in
1115 1956 1160 1978 no-

1220 943 1354 977 retinuit
1364 965 1375 981 ‚
1400 940 1441 976 ad
1450 943 1624 977 Miffirum
1635 944 1779 978 solennia
1790 956 1926 980 cantans
1937 941 2101 980 Constan-

1219 992 1478 1037 tinopolitanum
1502 1018 1513 1034 ,
1539 994 1776 1037 Hispaniarum
1795 995 1947 1030 ecclesia.
1975 996 2101 1039 Liquet

1219 1055 1260 1077 ex
1271 1042 1410 1077 secunda
1421 1042 1603 1086 Bracarenfi
1613 1043 1752 1087 Synodo
1761 1069 1772 1086 ,
1797 1044 1832 1078 &
1843 1046 1961 1080 Sancto
1981 1045 2102 1080 AEthe·
2117 1044 2190 1082 CaP·
2210 1053 2234 1072 ¹·

1219 1094 1268 1128 rio
1282 1093 1464 1130 Uxamensi
1476 1093 1642 1137 Episcopo
1653 1094 1688 1127 in
1700 1092 1790 1129 libris
1803 1095 1952 1131 adversus
1966 1095 2101 1139 Elipan-

1220 1143 1299 1178 dum
1328 1142 1643 1188 Archi-Episcopum
1670 1144 1875 1180 Toletanum
1903 1171 1910 1178 .
1947 1145 2102 1180 Errorem
2120 1162 2204 1190 1..1.c
2217 1167 2274 1194 9¹0

1220 1194 1395 1229 continent
1415 1193 1481 1227 haec
1503 1193 1601 1229 verba
1613 1192 1772 1238 Stephani
1794 1194 2103 1240 Augustodunensis

1222 1244 1375 1288 Episcopi
1389 1245 1422 1278 in
1436 1243 1522 1279 libro
1543 1244 1585 1279 de
1596 1245 1806 1280 Sacramento
1818 1245 1964 1280 Altaris:
1990 1250 2106 1279 Dama-

1216 1294 1271 1338 sus
1290 1294 1446 1328 Pontifex
1461 1318 1472 1335 ,
1497 1294 1665 1329 CREDO
1678 1295 1731 1329 ΙΝ
1751 1296 1914 1331 UNUM
1925 1295 2079 1331 DEUM
2091 1319 2105 1336 ,

1220 1357 1257 1379 ex
1267 1348 1387 1378 Decreta
1408 1346 1531 1378 concilii
1543 1344 1857 1387 c’onstantinopolnam
1877 1345 1940 1388 post
1961 1350 2104 1389 Evange-

1222 1396 1293 1429 lium
1305 1400 1421 1428 cantari
1437 1393 1566 1435 instituit
1577 1419 1586 1427 .
1611 1395 1722 1443 Qem
1735 1407 1876 1430 errorem
1899 1407 1941 1430 ex
1955 1396 2106 1440 Georgio

1224 1446 1371 1480 Aristino
1381 1446 1509 1479 secutus
1530 1445 1631 1480 etiam
1643 1446 1690 1480 est
1713 1446 1746 1480 in
1759 1448 1786 1481 F
1789 1446 1944 1481 lorentini
1957 1445 2106 1480 Concilii

1221 1495 1371 1530 adversus
1382 1495 1535 1529 Marcum
1547 1494 1746 1539 Ephefinum
1765 1494 1935 1542 Apologia
1945 1493 2106 1541 Iosephus
2122 1503 2148 1531 Ρ.
2162 1502 2229 1535 677.

1225 1545 1402 1589 Episcopus
1423 1543 1649 1580 Methonensis
1661 1570 1668 1578 .
1896 1549 1901 1553 ”

1271 1595 1441 1629 Laudatus
1461 1593 1753 1630 Archi-Diaconus
1774 1595 1889 1631 AEtius
1899 1597 2001 1632 etiam
2024 1597 2106 1641 legit

1222 1645 1301 1679 duas
1313 1647 1420 1681 Sancti
1433 1644 1551 1688 Cyrilli
1566 1645 1748 1689 Epistolas:
1775 1645 1923 1682 Alteram
1935 1647 1976 1681 ad
1989 1646 2109 1681 Nesto-

1221 1696 1307 1730 rium
1329 1720 1341 1736 ,
1366 1706 1436 1739 quae
1457 1695 1504 1729 est
1526 1694 1567 1729 ad
1589 1696 1696 1740 ipsum
1716 1695 1854 1731 secunda
1875 1722 1885 1738 ‚
1910 1697 2009 1740 priori
2029 1696 2110 1731 loco

1222 1745 1302 1781 lesta
1313 1746 1349 1780 in
1361 1744 1528 1789 Ephefino
1539 1745 1717 1781 Concilio:
1745 1747 1877 1782 alteram
1894 1746 2108 1782 Ecclesiarmn

1224 1796 1474 1840 pacificatricem
1494 1795 1535 1829 ad
1559 1796 1720 1839 Ioannem
1740 1796 1961 1832 Patriarcham
1982 1796 2106 1831 Antio-

1222 1845 1363 1881 chenum
1376 1871 1383 1878 .
1410 1845 1548 1890 Magnis
1558 1846 1850 1881 acclamationibus
1860 1856 2030 1890 utramque
2042 1847 2106 1889 Sy·

1224 1897 1333 1932 nodus
1350 1895 1527 1929 honoravit
1538 1919 1546 1928 .
1575 1895 1721 1943 Qaestio
1733 1896 1778 1930 est
1789 1920 1801 1937 ‚
1827 1908 1885 1931 cur
1906 1897 1939 1931 δε
1950 1896 2103 1938 tertiam,

1222 1957 1291 1990 quae
1313 1945 1358 1980 est
1373 1944 1550 1979 duodecim
1563 1944 1791 1989 Capitulorum
1803 1970 1814 1987 ,
1839 1947 1874 1980 &
1883 1958 1961 1981 cum
1971 1957 2035 1991 qua
2045 1956 2103 1990 per

1224 1995 1421 2040 Ephesinam
1431 1993 1603 2039 Synodum
1621 1996 1815 2031 canonizata
1837 1997 1936 2031 etiam
1960 1996 2104 2031 conferri

1222 2048 1331 2082 Sanffi
1353 2047 1476 2080 Leonis
1495 2045 1719 2090 dogmaticam
1739 2045 1921 2089 Epistolam
1946 2044 2105 2089 jusserunt

1225 2095 1368 2140 superius
1387 2094 1519 2140 gloriosi
1539 2094 1681 2138 judices,
1707 2095 1814 2130 Sancti
1828 2095 1948 2140 Cyrilli
1973 2095 2106 2140 Episto-

1225 2147 1289 2181 lam
1309 2144 1604 2191 praesensSynodus
1614 2157 1683 2180 non
1704 2147 1825 2181 curarit
1845 2146 1998 2181 recitati?
2027 2145 2110 2188 Epiz

1225 2197 1332 2240 scopis
1358 2196 1538 2230 Severianis
1563 2220 1578 2237 ‚
1608 2194 1694 2230 istud
1719 2197 1822 2240 ipsum
1848 2197 1884 2232 in
1912 2195 2107 2230 collatione

1226 2246 1597 2291 Constantinopolitana
1623 2245 1863 2290 postulantibus
1886 2271 1898 2289 ,
1935 2245 2106 2290 respondit

1227 2298 1393 2341 Hypatius
1415 2295 1714 2341 Archi-Episcopus
1727 2296 1924 2340 Ephesinus:
1950 2298 1984 2330 51
2006 2306 2107 2333 omnes

1218 2347 1338 2390 formas
1363 2349 1397 2381 (ἓν
1408 2347 1592 2389 definitiones
1611 2348 1683 2389 fidei
1701 2353 1734 2381 in
1745 2346 1862 2390 Epheso
1882 2347 2032 2380 adversas
2042 2349 2107 2378 Ne·

1218 2397 1339 2439 florium
1354 2396 1436 2439 falli
1447 2398 1569 2430 Concilit
1585 2395 1712 2439 suscepit
1731 2399 1765 2430 6*
1780 2395 1962 2439 confignavit
1981 2394 2107 2428 chalce-

1225 2445 1348 2490 donense
1358 2447 1521 2479 concilium
1531 2468 1542 2484 ,
1565 2446 1814 2488 quemadmodum
1830 2444 1906 2478 hanc
1919 2444 2104 2488 Epistolam

1226 2497 1330 2530 habuit
1341 2495 1496 2538 refellere?
1520 2496 1579 2528 sed
1587 2501 1659 2538 quia
1670 2496 1819 2529 adversas
1830 2499 1868 2527 N
1868 2494 1961 2534 esteris
1971 2493 2113 2538 blaspbe·

1227 2553 1303 2580 mias
1316 2571 1326 2587 ,
1352 2557 1420 2588 quae
1433 2546 1511 2578 duas
1524 2553 1650 2578 naturas
1668 2546 1792 2578 induas
1813 2543 1958 2588 personas
1983 2545 2108 2578 &duas

1221 2594 1413 2641 subfistentias
1423 2596 1591 2636 dividunt,
1617 2605 1710 2627 unam
1715 2593 1874 2638 personam
1894 2592 2107 2638 &unamsub-

1221 2646 1384 2690 fistentiam
1408 2645 1549 2679 volebant
1576 2645 1696 2688 definire
1722 2669 1732 2685 ,
1761 2645 1816 2678 illa
1841 2653 1940 2679 autem
1966 2643 2106 2687 Epistola

1227 2699 1356 2730 duarum
1372 2693 1620 2739 subfistentiarum
1643 2696 1747 2729 intulit
1770 2701 1967 2736 mentionem,
1989 2702 2110 2737 propte·

1227 2758 1280 2781 rea
1294 2747 1417 2789 propri?
1439 2757 1475 2779 ea
1495 2751 1646 2779 nominare
1666 2744 1862 2785 distulerunt,
1883 2753 1916 2778 ut
1937 2756 1997 2777 non
2023 2749 2110 2777 inve-

1229 2803 1349 2831 niantur
1361 2805 1415 2829 aut
1425 2796 1469 2829 illi
1477 2803 1529 2828 aut
1534 2794 1591 2837 fibi
1601 2795 1653 2837 else
1664 2800 1818 2829 contrarii.
1849 2792 2109 2837 Eutychianistis

1229 2846 1411 2882 universam
1422 2845 1598 2880 Ecclesiam
1609 2845 1859 2879 destorianismi
1879 2844 2111 2880 calumnianti-

1229 2898 1288 2932 bus
1301 2921 1313 2938 ,
1339 2895 1509 2930 adversum
1530 2905 1612 2940 quos
1627 2895 1845 2940 congregati,
1870 2893 1995 2929 nullam
2017 2893 2111 2928 istius

1230 2949 1264 2983 in
1286 2949 1317 2981 se
1328 2946 1572 2981 criminationis
1591 2946 1703 2980 ansam
1715 2945 1852 2989 praebere
1866 2944 2039 2979 voluerunt
2052 2943 2114 2986 Sy-

1231 2997 1313 3032 nodi
1347 2995 1459 3030 nostrae
1490 2995 1625 3038 Patres,
1651 2993 1851 3039 proindeque
1886 2994 1979 3028 istam
2001 2990 2112 3028 Sancti

275 2002 340 2043 sira
357 1998 486 2044 persona
509 2024 519 2040 ‚
546 2003 596 2042 qui
614 1997 755 2040 Epistolae
779 1997 950 2042 sanc‘ltfflmi
973 2000 1081 2029 Leonis
1096 1993 1164 2038 fieb-

274 2050 456 2096 scripsimus,
473 2061 530 2083 non
544 2049 709 2092 indigemus
721 2049 901 2082 commone.
932 2046 1021 2080 Idem
1036 2046 1164 2089 respon-

278 2100 330 2135 dit
358 2101 537 2143 Cecropius
563 2097 863 2141 Sebastopolitanus
893 2096 1072 2139 Episcopus
1095 2119 1105 2135 ,
1130 2095 1163 2128 δι

278 2151 431 2186 addidit.-
460 2152 618 2184 Precamur
638 2155 673 2181 ut
682 2159 718 2181 ea
766 2159 834 2191 quae
851 2145 1022 2190 sandorum
1036 2149 1165 2179 Patrum

279 2203 380 2237 decem
402 2198 609 2243 &odiosunn
636 2173 924 2241 &qde’esanc‘liffimi
939 2200 1071 2237 Leonis,
1096 2201 1165 2229 reci-

280 2261 384 2287 tentur
404 2276 411 2282 .
439 2250 567 2284 Placuit
588 2247 654 2282 hoc
677 2249 824 2292 gloriosis
845 2246 1006 2291 judicibus
1031 2271 1043 2287 ,
1068 2256 1165 2289 atque

279 2303 326 2337 ita
339 2300 380 2336 ad
399 2300 543 2344 ipsorum
556 2298 846 2333 interlocutionem
867 2296 1053 2331 Eunomius
1064 2297 1166 2330 Nico-

279 2350 451 2388 medienfis
476 2351 656 2393 Episcopus
682 2373 694 2390 ,
730 2347 900 2392 Bythiniae
925 2347 1165 2390 Metropolita,

282 2414 326 2437 ex
338 2400 453 2436 codice
465 2400 612 2435 recitavit
623 2399 797 2434 Nicaenum
808 2396 1005 2443 Symbolum
1016 2422 1027 2438 ,
1052 2397 1087 2431 δε
1097 2407 1167 2430 om-

276 2464 342 2487 mes
364 2451 521 2495 Episcopi
546 2449 785 2483 acclamarunt:
812 2453 884 2481 Haec
904 2447 1120 2480 Catholicorum
1131 2445 1165 2488 fi-

282 2505 336 2536 des
349 2527 356 2535 .
386 2506 459 2535 Huic
480 2511 579 2534 omnes
598 2499 760 2533 credimus.
792 2502 829 2532 In
850 2497 928 2530 banc
949 2498 1099 2539 baptizati
1116 2493 1167 2539 su-

281 2564 369 2586 mus.
399 2554 514 2584 Beatus
536 2550 662 2588 cyrillus
679 2548 720 2591 fic
738 2549 852 2582 docuit.
881 2550 969 2590 Papa
984 2550 1042 2580 Leo
1057 2546 1098 2589 fic
1119 2546 1167 2578 do·

283 2608 343 2637 cuit
357 2626 367 2643 ,
394 2605 483 2644 Papa
496 2604 553 2634 Leo
566 2598 606 2642 fic
618 2605 834 2642 interpretatus
860 2597 916 2639 est.

337 2651 467 2687 Exinde
479 2649 597 2684 AEtius
619 2648 768 2684 Ecclesiae
788 2646 1167 2691 Constantinopolitanae

286 2702 579 2737 Archi-Diaconus
600 2700 750 2734 recitavit
772 2710 813 2733 ex
834 2696 951 2732 codice
967 2696 1163 2741 Symbolum

286 2750 721 2796 Constantinopolitanum,
744 2749 916 2783 &rursum
939 2747 1095 2792 Episcopi
1118 2758 1169 2781 ac⁶

286 2803 486 2837 clamarunt:
514 2806 587 2835 Haec
596 2806 724 2834 omnium
738 2799 838 2842 fides,
863 2798 927 2832 haec
939 2797 1165 2831 orthodoxorum

283 2853 380 2894 fides.
407 2858 515 2886 omnes
529 2850 568 2894 fic
585 2852 732 2885 credimus
755 2875 762 2881 .
790 2849 839 2883 Ita
862 2847 1059 2891 Symbolum
1078 2846 1165 2882 istud

286 2902 439 2936 adversus
468 2900 663 2945 Eutychetis
696 2899 880 2934 calumnias
906 2900 1167 2933 canonizarunt.

287 2951 504 2993 Notandum,
533 2951 623 2995 quod
647 2961 718 2985 non
742 2949 972 2984 acclamarint:
999 2952 1036 2981 ln
1048 2947 1098 2981 hoc
1120 2947 1172 2979 ba·
1194 2955 1197 2960 ’

287 3007 437 3044 ptizamus
451 3027 460 3043 ,
487 3008 519 3035 in
531 3001 582 3035 hoc
593 3001 741 3044 baptizati
748 2999 854 3043 sumus
865 3018 890 3031 .‹
901 2998 1031 3040 Nempe
1045 2997 1172 3031 dudum

289 3052 390 3086 etiam
410 3051 479 3094 post
490 3049 662 3094 Synodum
675 3047 1083 3091 Constantinopolitanam
1106 3047 1172 3091 ple-

290 3111 393 3145 raeque
407 3100 588 3134 Orientales
607 3100 758 3136 Ecclefiae
781 3098 987 3144 perstiterunt
1006 3099 1070 3132 suis
1090 3106 1174 3132 cate-

290 3150 463 3185 chumenis
484 3151 605 3184 tradere
627 3150 824 3194 Symbolum
846 3149 1021 3183 Nicaenum
1034 3173 1041 3180 .
1068 3148 1174 3182 Dura·

291 3201 340 3235 vit
351 3201 450 3243 usque
461 3199 502 3235 ad
513 3209 657 3241 tempora
668 3201 755 3234 Petri
768 3198 920 3233 Fullonis
931 3200 985 3233 seu
999 3196 1150 3242 Cnaphei
1163 3222 1174 3239 ,

291 3247 485 3283 Patriarchae
507 3247 711 3282 Antiocheni
724 3274 735 3288 ‚
761 3249 858 3291 aquo
869 3248 1064 3292 Symbolum
1085 3248 1176 3282 Con-
1233 3246 1402 3291 expressim
1414 3246 1616 3280 canonizari.

293 3298 624 3342 stantinopolitauum
657 3323 668 3340 ,
704 3299 741 3330 in
774 3299 841 3331 sola
864 3298 1046 3333 Dominica
1082 3297 1198 3332 Para·v
1285 3297 1397 3338 Dico,
1422 3298 1587 3338 Expreffim
1605 3321 1613 3328 .
1641 3295 1795 3331 omnino
1815 3293 1904 3329 enim
1922 3298 2114 3334 receperunt

294 3350 393 3382 sceve.
408 3350 529 3382 cantari
552 3347 646 3382 antea
679 3348 875 3381 consuetum
897 3371 909 3388 ‚
933 3348 1026 3382 fuisse
1051 3348 1175 3382 cantari
1237 3347 1543 3387 &canonizarunt,
1570 3344 1653 3380 ade&
1665 3356 1703 3380 ut
1723 3346 1758 3381 in
1775 3344 1911 3384 Edieto,
1938 3340 2117 3375 Rusticum

1240 3399 1274 3433 δε
1301 3397 1527 3434 Sebastianum
1551 3397 1713 3434 Romana
1749 3393 1898 3430 Ecclefiae
1924 3390 2120 3427 Cardinales

1987 3440 2067 3477 Dia-

1231 3046 1351 3091 Cyrilli
1362 3045 1544 3089 Epistolam
1556 3070 1567 3086 ,
1593 3045 1684 3088 cujus
1696 3046 1831 3080 tertium
1844 3043 2035 3089 Capitulum
2055 3052 2111 3076 vo-

1231 3109 1303 3132 cem
1324 3095 1512 3139 5ubfistentia
1534 3107 1594 3140 pro
1626 3105 1742 3130 natura
1762 3095 1881 3139 accipit
1905 3118 1918 3135 ‚
1937 3103 2040 3137 atque
2063 3090 2112 3124 ita

1232 3148 1311 3182 duas
1329 3146 1366 3180 in
1376 3145 1529 3181 Domino
1549 3145 1765 3181 subsistentias
1774 3146 1830 3191 seu
1849 3142 2037 3189 hypostases
2057 3150 2113 3173 na-

1234 3197 1381 3233 turaliter
1393 3195 1481 3229 uniri
1503 3195 1586 3231 dicit
1598 3221 1610 3238 ‚
1636 3196 1816 3231 noluerunt
1833 3194 1895 3230 fibi
1903 3190 2052 3231 recitari,
2074 3189 2113 3223 δι’,

293 3397 412 3445 jussum
430 3398 471 3433 ad
483 3397 624 3443 quodvis
636 3398 770 3436 solenne
786 3396 988 3436 Sacrificium
1001 3421 1017 3444 ρ
1041 3398 1086 3435 est
1098 3396 1176 3435 alibi

794 3525 873 3542 Agl-m
