2340 3736
57 2889 123 2923 Ast.
146 2901 172 2919 2.

620 138 930 189 Senotlrs,
966 147 1030 174 ετ
1066 143 1242 175 N0r1s
1277 138 1654 177 utus-rasin.

1914 144 1982 191 65-

224 222 359 293 'diquc
394 223 541 274 exa&a
575 236 678 268 cura
712 223 756 267 δε
790 216 1021 280 diligentia
1057 213 1083 264 a
1119 213 1246 263 nobis
1280 211 1494 283 dispositis
1535 249 1548 273 ,
1593 212 1791 264 definivit
1836 215 2056 280 sancita...]

224 303 269 349 &
303 291 552 344 universalis
589 289 787 357 Synodus
814 326 827 349 ‚
864 290 1047 341 alteram
1083 284 1215 340 fidem
1250 284 1358 340 nulli
1395 284 1524 332 licere
1559 285 1751 349 proferre
1787 322 1800 346 ‚
1838 302 1912 334 aut
1948 305 2053 336 con-

225 363 407 415 scribere
430 399 443 422 ‚
479 362 551 411 vel
586 377 847 427 componere
869 395 883 418 ,
918 372 995 404 aut
1030 354 1189 404 sentire
1216 390 1229 414 ‚
1264 370 1339 402 aut
1375 355 1483 403 alios
1518 351 1698 402 docere.
1720 360 1824 405 Eos
1848 371 2053 417 autem-..5

226 438 306 503 qui
335 431 503 487 *audent
537 431 799 499 componere
833 425 964 482 fidem
1000 426 1181 480 alteram
1205 462 1219 486 ,
1255 440 1331 482 aut
1367 424 1559 493 proferre
1587 460 1600 485 ,
1636 437 1712 473 aut
1747 425 1903 476 docere
1927 463 1940 487 ,
1976 442 2055 480 aut

228 504 399 555 tradere
434 504 615 554 alterum
651 498 907 568 Symbolum
945 495 1195 547 volentibus
1233 495 1289 548 ad
1325 498 1593 558 agnitionem
1629 496 1828 544 veritatis
1853 500 2054 547 converti

228 577 302 626 vel
336 593 388 624 ex
421 574 669 637 gentilitate
693 606 707 630 ‚
745 569 816 618 vel
852 586 906 621 ex
932 565 1164 633 Judaismo
1186 604 1200 627 ,
1235 568 1306 615 vel
1343 585 1396 614 ex
1431 564 1574 615 haerefi
1609 582 1909 639 quacumque:
1946 571 2053 628 Hos,

226 646 261 697 fi
296 643 498 712 Episcopi
533 642 693 698 fuerint
729 654 805 696 aut
839 639 1004 695 Clerici
1028 649 1042 698 ,’
1077 639 1242 694 alienos
1278 634 1357 685 effe
1394 635 1634 704 Episcopos
1671 635 1728 686 ab
1762 634 2055 702 Episcopatu,

227 721 273 765 &
308 716 502 765 Clericos
538 709 564 760 a
598 711 733 760 Clero
760 731 773 770 3
811 709 842 758 si
877 709 983 761 vero
1021 708 1231 759 Monachi
1267 724 1343 756 aut
1381 708 1483 756 laici
1521 707 1681 760 fuerint
1711 736 1728 769 ‹‚
1765 706 2055 758 anathemati..

230 789 323 837 zati
357 800 433 835 cos
453 818 467 831 .

462 922 867 969 SCHOLION
894 955 906 966 .

330 1067 486 1108 Uoniam
500 1067 666 1113 Eutyches
684 1070 719 1104 &
737 1069 916 1104 Dioscorus
938 1078 1052 1102 omnes
1073 1078 1118 1101 er-

350 1120 414 1154 rori
426 1121 485 1155 suo
506 1120 709 1154 adversantes
732 1119 773 1154 de
793 1119 898 1153 haerefi
921 1118 1117 1153 Nestoriana

230 1171 305 1204 sunt
315 1169 499 1211 criminati,
525 1170 765 1214 proclamantes
776 1170 815 1203 ad
828 1169 897 1203 sola
921 1168 1028 1202 Sancti
1052 1167 1117 1210 Cy·

229 1220 297 1255 rilli
309 1220 463 1265 capitula
484 1219 518 1252 &
531 1219 730 1263 Symbolum
753 1220 927 1254 Nicaenum
940 1242 951 1259 ,
972 1217 1117 1259 rejicien-

229 1270 342 1313 tesque
353 1269 766 1314 constantinopolitanum
776 1295 787 1312 ,
806 1268 872 1304 haec
883 1267 1035 1313 Synodus
1046 1279 1116 1302 non

230 1319 445 1354 solummodo
458 1344 469 1360 ,
496 1319 645 1354 adversus
666 1331 766 1364 quarn
789 1319 969 1363 specialiter
979 1330 1115 1362 congre-

228 1380 328 1414 gata,
355 1367 601 1413 Eutychianam
631 1368 779 1411 haerefin,
805 1369 860 1404 sed
893 1369 928 1403 <Sc
951 1368 1115 1402 Nestoria·

229 1430 309 1454 nam
335 1419 494 1460 damnat,
529 1420 796 1465 singulariterque
827 1419 978 1463 praedicat
1010 1430 1047 1452 ac
1081 1418 1115 1452 in

229 1469 355 1514 dogma
384 1469 500 1514 recipit
543 1469 738 1514 Symbolum
777 1468 1116 1512 Constantinopolita-

230 1530 334 1559 num,
373 1529 541 1564 tamquam
571 1519 717 1564 sapiens,
739 1519 874 1563 salutare
893 1545 904 1560 ,
931 1521 975 1552 ad
994 1520 1115 1561 plenam

228 1574 353 1612 pietatis
385 1575 576 1614 cognitionem
609 1573 643 1604 Θ
676 1570 921 1610 confirmationem
948 1568 1092 1613 sufficiens
1107 1593 1117 1609 ,

232 1621 271 1656 de
293 1622 388 1654 Pam
410 1622 444 1654 o·
465 1621 544 1653 Filio
574 1621 608 1654 (9·
630 1623 744 1664 Spiritu
768 1619 874 1663 sanda
901 1620 1116 1663 perfefflonem

232 1669 362 1709 docens,
387 1680 423 1702 ac
447 1673 568 1702 Domini
592 1669 679 1710 nostri
698 1669 972 1711 inhumanationem
987 1669 1116 1712 fideliter

231 1718 445 1760 accipientibus
476 1718 713 1762 repraeftntans.
750 1721 789 1753 In
815 1714 1116 1765 Regulam‘recipit

230 1767 330 1802 etiam
352 1767 536 1810 synodicas
566 1769 675 1802 Sanffl
697 1769 817 1812 Cyrilli
852 1771 893 1804 ad
925 1770 1115 1803 Nestorium

230 1817 265 1851 &
286 1816 328 1852 ad
348 1817 534 1852 orientales
559 1818 740 1862 Episcopos
767 1819 898 1864 scriptas
927 1819 1090 1862 Epistolas
1105 1833 1115 1852 :

227 1866 362 1910 ‘Nempe
374 1865 556 1911 Epistolam
568 1869 656 1912 pacis
667 1869 706 1903 ad
719 1869 879 1915 Joannem
892 1868 1114 1904 Patriarcham

231 1915 484 1952 Antiochenum
517 1929 554 1952 ac
576 1918 642 1962 ejus
663 1919 858 1962 synodum,
885 1919 918 1952 &
941 1920 1115 1953 secundam

230 1966 415 2011 Epistolam
437 1968 478 2003 ad
499 1968 689 2003 Nestorium
703 1994 713 2009 ,
741 1969 826 2012 prius
837 1970 878 2004 ab
890 1968 1047 2013 Ephefina
1058 1971 1115 2013 Sy-

230 2018 324 2051 nodo
336 2017 484 2061 probatas
494 2043 505 2059 ,
530 2019 645 2053 omissa
660 2019 806 2062 Epistola
818 2020 993 2054 duodecim
1018 2020 1113 2063 Capi-

229 2067 377 2101 talorum
390 2090 397 2098 .
425 2068 508 2102 Eam
529 2070 745 2111 praetermifit‚
772 2082 832 2104 nec
844 2069 900 2104 fibi
923 2070 988 2115 legi
1008 2069 1094 2114 jusfit
1107 2095 1114 2102 .

229 2116 373 2150 Causam
387 2116 480 2150 fuiffe
490 2118 689 2160 aequivocam
709 2120 934 2164 acceptionem
945 2121 1035 2154 vocis
1045 2120 1117 2153 Sub·

227 2163 358 2208 fistenna
379 2166 431 2199 seu
450 2166 609 2208 fflpaestafis
623 2192 633 2208 ,
660 2168 750 2211 supra
776 2169 959 2203 audivimus
977 2169 1020 2202 ‘ab
1043 2169 1116 2212 Hy-

229 2215 322 2259 ‘patio
334 2214 549 2258 Ephesiorum
562 2217 727 2260 Episcopo
749 2218 784 2251 in
809 2218 1002 2253 Collatione
1026 2218 1115 2251 Con-

231 2265 523 2309 stantinopolitana
542 2276 618 2299 curn
630 2262 802 2310 Episcopis
812 2269 1012 2302 Severianis.
1040 2270 1112 2302 sese

231 2316 323 2349 enirn
345 2315 536 2349 adamnatis
548 2316 765 2360 Eutychianis
787 2318 828 2351 de
849 2318 1112 2352 Nestorianismo

230 2365 478 2409 pertinacissime
509 2366 729 2401 infamandam
742 2368 888 2410 praevidit
903 2367 970 2401 haec
984 2370 1115 2411 presens

230 2415 383 2458 Synodus
392 2439 402 2454 ,
416 2414 554 2458 ideoque
565 2428 697 2451 omnem
709 2417 993 2452 criminationibus
1005 2419 1114 2453 ansam

231 2465 428 2500 submovens
440 2466 549 2500 noluit
559 2466 779 2501 orthodoxam
799 2469 831 2502 &
843 2468 883 2502 ab
895 2469 987 2502 omni
1004 2469 1115 2502 Eccle-

230 2516 275 2549 fia
298 2526 458 2560 receptam
471 2516 652 2559 Epistolam
672 2517 785 2552 diserte
807 2519 842 2552 in
864 2518 933 2562 ipso
956 2518 1031 2555 fidei
1055 2521 1115 2552 suae

230 2565 364 2600 decreto
377 2566 572 2601 confirmare
585 2593 591 2599 .

283 2615 457 2650 Praesertim
497 2618 706 2651 confirmavit
746 2615 970 2663 dogmaticam
1007 2618 1115 2653 Sanffi

237 2665 361 2698 Leonis
383 2665 421 2699 ad
435 2667 585 2701 Sannum
607 2668 821 2707 Flavianum,
853 2681 915 2713 qua
937 2671 1053 2703 fastam
1075 2667 1116 2702 ab

233 2713 293 2747 illo
306 2714 521 2757 Eutychianae
543 2717 697 2752 dostrinae
716 2719 748 2752 &
771 2720 912 2762 personae
933 2719 1116 2753 damnatio‘

233 2776 310 2798 nem
323 2764 499 2807 stabilivit,
527 2767 728 2815 Epistolam,
755 2768 773 2801 ὲ
793 2769 956 2803 Dioscoro
978 2769 1115 2812 suppres-

232 2816 344 2848 samin
360 2814 525 2858 Ephefino
546 2818 740 2858 latrocinio,
767 2830 904 2861 eamque
925 2830 1019 2854 vocat
1043 2830 1115 2852 com-

232 2875 350 2897 munem
367 2866 529 2900 columnam
562 2867 711 2903 adversus
729 2880 843 2902 omnes
869 2869 908 2903 dc
935 2868 1118 2904 Dominicae

235 2915 473 2949 incarnationis
501 2916 710 2952 Sacramento
730 2919 817 2957 mal&
846 2919 1036 2960 sentiente&
1063 2919 1116 2957 Dc

234 2965 347 2998 eadem
369 2964 408 2998 ad
421 2965 602 3000 universam
623 2968 794 3010 Synodum
809 2969 911 3003 ³dixit
936 2970 1116 3012 Cecropius

236 3015 417 3057 Episcopus
448 3015 761 3060 Sebastopolitanus:
800 3022 914 3052 Forma
938 3021 1012 3053 olata
1040 3019 1078 3059 est
1097 3021 1117 3050 ἃ

232 3063 404 3111 sztnlliffimo
431 3065 517 3099 Archi
532 3065 671 3109 Episcopo
698 3072 841 3104 Romanae
875 3069 981 3109 urbis,
1019 3071 1052 3103 <⁴2⁶
1073 3067 1114 3111 se·

236 3120 354 3156 quimur
381 3125 469 3154 eum,
506 3117 541 3148 ζ’]
559 3116 699 3157 Ep1stolae
730 3121 794 3160 ojus
830 3130 927 3153 omnes
956 3118 1118 3162 firbscripffi

237 3176 322 3201 mus.
353 3163 395 3196 Et
417 3164 486 3206 post
508 3159 624 3202 legium
648 3168 820 3203 Nicaenum
843 3169 1039 3212 Symbolum
1064 3181 1118 3206 ex-

237 3214 419 3247 clamarunt
443 3215 597 3258 Episcopi
618 3227 749 3251 omnes:
781 3221 867 3262 Papa
883 3223 939 3251 Leo
954 3219 993 3261 fic
1004 3221 1117 3258 credit,

239 3267 330 3305 Papa
358 3268 415 3296 Leo
440 3263 479 3305 fic
506 3270 721 3306 interpretatus
741 3267 803 3307 est-.-
837 3269 879 3302 Et
903 3271 971 3312 post
1003 3271 1117 3303 lectum

237 3312 431 3357 Symbolum
463 3314 894 3359 Constantinopolitanum,
933 3332 969 3354 ac
995 3320 1119 3363 Episto-

241 3363 287 3397 las
300 3364 401 3397 Sanni
415 3364 555 3407 Cyrilli:
583 3368 642 3398 Leo
660 3365 698 3410 fic
717 3368 809 3401 credit
820 3393 830 3408 ‚
846 3379 950 3401 -omnes
967 3368 1008 3413 fic
1026 3370 1118 3401 credi-

243 3424 326 3445 mus.
354 3414 397 3447 Et
409 3413 479 3456 post
492 3414 605 3448 lestam
625 3415 726 3458 ipsam
737 3416 903 3450 laudatam
918 3413 1116 3461 Epistolam':

242 3464 352 3499 Petrus
358 3472 413 3503 per
426 3467 551 3503 Leonem
568 3467 733 3502 ittilocutus
754 3466 816 3508 est;
842 3478 943 3504 omne-s
966 3471 1011 3502 itti
1029 3469 1121 3506 credir

341 3511 444 3559 christ.
462 3517 539 3557 Lupi
552 3519 639 3559 Oper.
653 3519 773 3549 TomJI.
1050 3517 1054 3521 ’

1181 930 1266 959 mus,
1286 915 1360 959 ficut
1372 918 1507 959 Leo,ita
1517 917 1681 950 credimus.
1709 916 1755 951 Et
1767 916 1900 951 Relatio
1924 912 2064 958 synoda-

1182 968 1219 1001 lis
1231 969 1269 1002 ad
1283 969 1492 1004 Marcianum
1515 967 1702 1012 Augustum
1714 991 1722 999 .
1750 965 2008 1009 impenetrabilem
2031 971 2064 996 in

1181 1024 1259 1050 omni
1278 1030 1373 1052 errore
1389 1027 1640 1062 propugnatorem
1663 1020 1744 1054 Deus
1764 1018 1903 1059 providit
1914 1017 1933 1056 ,'
1952 1017 1987 1049 (5
2009 1018 2066 1047 Ro-

1182 1080 1280 1101 manae
1312 1068 1445 1109 Ecclefiae
1467 1072 1585 1110 Papam
1606 1068 1649 1100 ad
1668 1067 1828 1108 vidioriam
1847 1070 2067 1110 praeRaravit,

1181 1118 1323 1150 dot‘lrinis
1345 1129 1411 1150 eum
1435 1123 1576 1151 veritatis
1595 1126 1651 1160 per
1662 1123 1761 1151 omnia
1770 1122 1923 1161 accingens
1936 1142 1943 1148 .
1965 1117 2065 1149 Hanc

1180 1167 1249 1210 ejus
1272 1167 1454 1210 Epistolam
1472 1177 1567 1201 ornat
1583 1168 1702 1210 insigni
1714 1167 1865 1202 adversus
1886 1163 2068 1209 Entychia-

1182 1229 1238 1251 nas
1260 1217 1507 1253 criminationes
1527 1216 1702 1261 apologia.
1730 1217 1774 1251 Et
1798 1216 1933 1250 Relatio
1958 1214 2000 1250 ad
2024 1214 2068 1258 ip-
2144 1257 2150 1262 q

1181 1267 1250 1305 sum
1275 1267 1493 1304 Pontificem:
1533 1271 1616 1304 Vocis
1647 1269 1739 1306 Beati
1765 1266 1850 1309 Penii
1882 1277 1914 1307 es
1933 1265 2068 1299 omnibus
2088 1262 2149 1295 L-3·
2168 1259 2243 1290 eon,

1180 1316 1349 1358 constitutus
1375 1324 1524 1360 interpres
1538 1343 1545 1349 .
1575 1318 1618 1351 Et
1640 1310 1827 1351 Marcianus
1841 1311 2009 1361 Augustus
2032 1316 2067 1348 in
2087 1298 2212 1370 ἓῇἰῗέἳι

1180 1368 1294 1402 litteris
1319 1368 1359 1401 ad
1371 1368 1542 1402 Praefestos
1563 1367 1796 1401 Praetoriorum
1813 1367 1847 1400 ὃ(
1869 1366 1958 1400 urbis
1980 1364 2069 1397 Con·
2109 1349 2126 1378 p
2163 1360 2170 1367 '
2219 1361 2226 1369 “

1180 1417 1500 1462 ἢαητίῃοροὶίῑεηκ.
1528 1416 1770 1459 Chalcedonenfis
1794 1418 1923 1456 synodus
1937 1438 1947 1454 ,
1971 1415 2070 1447 audo—

1181 1474 1272 1502 ritate
1295 1469 1455 1508 Beatiffimt
1480 1471 1588 1502 Leonis
1612 1467 1751 1511 Episcopi
1773 1476 1894 1501 aeternae
1915 1466 2000 1499 urbis
2015 1468 2070 1497 Ro-

1181 1531 1259 1557 mae,
1284 1518 1429 1562 religionis
1453 1518 1663 1559 fundamenta
1696 1517 1858 1558 constituit.
1898 1517 1943 1550 Et
1964 1517 2071 1558 Syno-

1181 1568 1241 1601 dus
1265 1568 1636 1611 Constantinopolitana
1648 1567 1707 1601 sub
1720 1569 1844 1601 Menna
1857 1564 2044 1600 Patriarcha
2058 1590 2066 1597 .

1180 1616 1433 1662 Epistolasamqae
1444 1624 1589 1652 memoriae
1613 1621 1721 1654 Leonis
1733 1643 1743 1659 ,
1771 1617 1903 1662 qui‘fuit
1921 1616 2070 1655 illumina·
2089 1610 2154 1642 Ᾱὲὶ·
2175 1623 2204 1642 ²·

1181 1679 1226 1702 tor
1248 1671 1281 1702 (εν
1300 1670 1432 1702 columna
1453 1667 1605 1710 Ecclefiae.
1629 1668 1672 1701 Et
1685 1669 1716 1701 in
1740 1670 1829 1702 sexta
1853 1666 1992 1710 Synodo
2015 1677 2071 1714 ge-

1183 1719 1282 1753 nerali
1304 1719 1343 1753 ad
1358 1719 1618 1758 Constantinum
1632 1718 1819 1763 Augustum
1844 1715 1956 1751 dixere
1966 1717 2071 1760 Lega-
2091 1728 2151 1759 Ast,
2174 1738 2203 1759 2,

1182 1770 1207 1802 ti
1235 1770 1381 1803 Romani
1397 1782 1403 1800 :
1433 1773 1525 1802 Beati
1541 1773 1648 1802 Leonis
1658 1767 1821 1812 sermonem
1836 1766 1946 1812 sanda
1958 1776 2070 1809 quarta

1181 1820 1307 1857 synodus
1327 1820 1551 1862 firmamentum
1573 1819 1741 1853 orthodoxae
1750 1820 1823 1861 fidet
1848 1816 1991 1862 inscripsit
2004 1842 2014 1857 ‚
2036 1818 2070 1850 (τ

1182 1870 1403 1902 damnationem
1433 1868 1582 1913 universae
1606 1869 1721 1910 baerfst's
1737 1894 1744 1902 .
1783 1869 1828 1908 Et
1854 1869 1988 1902 Sanctus
2013 1868 2072 1901 So-

1181 1917 1337 1961 phronius
1361 1918 1544 1953 patriarcha
1567 1920 1895 1962 Hierosolymitanus
1919 1919 1952 1951 in
1986 1915 2071 1950 litte·

1183 1970 1223 2002 ris
1246 1967 1286 2002 ad
1308 1970 1458 2013 Sergium
1490 1969 1902 2013 Constantinopolitanum
1937 1966 2070 2010 Episco-

1181 2015 1261 2062 pum
1283 2044 1293 2059 ‚
1321 2020 1465 2063 probatis
1496 2031 1551 2063 per
1562 2015 1710 2053 ’eandem
1731 2015 1903 2062 Synodum
1925 2043 1931 2050 .
1970 2017 2070 2055 Rellae

1177 2069 1252 2111 fidei
1272 2077 1494 2113 propugnatrix
1508 2095 1516 2108 ,
1543 2071 1563 2101 ἃ
1576 2072 1636 2102 Deo
1658 2071 1824 2102 condonata
1837 2093 1847 2108 ,
1873 2078 1962 2110 atque
1977 2069 1996 2098 a
2010 2071 2070 2099 Deo

1181 2117 1327 2162 inspirata
1340 2119 1471 2160 Epistola
1494 2125 1596 2161 magni
1618 2121 1651 2152 (ff
1668 2120 1812 2160 praeclari
1845 2122 1972 2158 Leonis,
1997 2115 2069 2159 san-

1182 2169 1290 2207 c‘liffimi
1313 2172 1456 2202 Romanae
1474 2167 1607 2210 Ecclefiae
1621 2193 1630 2207 ‚
1657 2171 1744 2201 imme}
1760 2175 1889 2201 omnium
1902 2193 1912 2207 ‚
1937 2165 2069 2210 quaesub

1182 2221 1247 2250 coelo
1264 2217 1356 2261 sunt,
1380 2220 1536 2251 luminaris
1552 2243 1562 2258 ‚
1589 2230 1681 2260 quam
1704 2221 1737 2252 ἐν
1743 2219 1968 2260 firmamentum
1980 2217 2070 2251 rellae

1180 2268 1253 2309 fidei
1274 2269 1389 2309 appello
1405 2293 1411 2300 .
1440 2268 1585 2302 Plurima
1597 2268 1663 2310 ejus
1679 2270 1711 2302 su
1719 2277 1752 2301 nt
1765 2266 1946 2305 istiusmodi
1961 2267 2069 2300 Enco-

1183 2318 1267 2350 mia.
1295 2319 1460 2362 Legantur
1472 2318 1624 2361 Epistoiae
1635 2318 1845 2352 Theodoreti
1865 2319 1906 2352 ad
1919 2318 2068 2351 Leonem

1182 2367 1303 2410 Papam
1317 2392 1326 2407 ,
1353 2369 1393 2401 ad
1421 2369 1586 2402 Renatum
1602 2369 1862 2412 Presbyternm‚¹
1882 2378 1919 2403 ac
1943 2369 2071 2401 Anato-

1182 2417 1264 2451 lium
1300 2417 1478 2452 Patricium
1496 2443 1502 2450 .
1542 2419 1690 2455 Eandem
1723 2416 1906 2463 Epistolam
1942 2419 2008 2463 ipse
2034 2418 2070 2451 in

1182 2469 1329 2502 Graecum
1362 2469 1548 2510 transtulit,
1577 2481 1613 2503 ac
1645 2471 1678 2502 in
1714 2465 1857 2512 synode>
1886 2469 2070 2503 Chalcedo·

1182 2519 1271 2552 nenfi
1295 2519 1422 2553 asseruit
1442 2528 1554 2553 contra
1567 2520 1633 2562 ejus
1653 2520 1878 2553 criminatores
1892 2516 2067 2563 Eutychia-

1183 2578 1242 2602 nos
1256 2593 1265 2607 ‚
1292 2571 1397 2612 atquc
1415 2570 1461 2603 ita
1474 2570 1603 2611 plenam
1616 2569 1705 2603 Sedis
1717 2568 1917 2611 Apostolicae
1928 2570 2069 2614 gratiam

1182 2618 1318 2661 recepit.
1348 2620 1442 2652 Hinc
1456 2620 1604 2653 Ecclefiae
1616 2617 1847 2653 Alexandrinae
1870 2616 2070 2662 Apocrisar'ii

1181 2668 1275 2702 illum
1297 2669 1382 2712 apud
1395 2668 1537 2713 Legatos
1557 2668 1715 2703 Anastafii
1740 2668 1870 2703 secundi
1896 2669 2069 2703 pontificis

1182 2719 1222 2752 ad
1238 2718 1446 2753 Anassafium
1459 2719 1647 2764 Augustum
1660 2721 1849 2753 accusarunt
1862 2718 1968 2753 infidae
1979 2730 2068 2753 tran-

1182 2768 1352 2814 slationis,
1381 2767 1527 2803 dicentes
1557 2770 1675 2804 exinde
1709 2770 1889 2813 Epistolam
1922 2770 2006 2814 apud
2035 2771 2067 2803 se

1182 2821 1214 2853 ὅ(
1243 2819 1327 2853 alios
1347 2817 1576 2862 Eutychianos
1596 2821 1718 2855 venisse
1740 2821 1773 2853 in
1788 2820 2005 2863 suspicionem
2016 2831 2064 2854 er-

1184 2869 1264 2904 roris
1294 2868 1505 2903 Nestoriani.

1233 2918 1391 2954 Notanda
1412 2920 1486 2954 sunt
1508 2920 1603 2954 verba
1625 2934 1632 2953 :
1670 2925 1705 2952 1n
1728 2921 1845 2953 duabus
1874 2925 1991 2954 naturis
2019 2927 2066 2953 tn-

1181 2968 1333 3012 concusni,
1359 2971 1603 3010 immutabiliter,
1630 2972 1762 3004 indivis&
1787 2996 1797 3011 ‚
1825 2970 2065 3014 inft’parabiliter

1182 3018 1413 3063 agnoscendum.
1442 3020 1613 3064 perperam
1624 3020 1757 3062 quidam
1779 3021 1908 3055 codices
1929 3021 2066 3065 legunt,

1183 3073 1237 3102 Ex
1261 3070 1377 3102 duabus
1398 3077 1531 3103 naturis.
1563 3071 1631 3104 Hic
1654 3072 1743 3105 enim
1756 3071 1800 3104 est
1823 3072 1944 3114 primus
1971 3071 2065 3112 hujus

1182 3117 1389 3152 definitionis
1410 3120 1635 3163 {quibusdam
1647 3119 1819 3164 Episcopis
1831 3122 1972 3164 prolatus
1985 3132 2065 3153 con-

1181 3179 1315 3212 ceptus,
1341 3168 1491 3204 adversus
1512 3180 1610 3217 quem
1631 3170 1755 3217 Legati·
1780 3169 1966 3216 Apostolici
2001 3171 2066 3212 fue-

1183 3229 1258 3252 runt
1285 3218 1468 3261 protestati,
1495 3215 1712 3264 dixeruntque
1735 3219 1950 3266 gloriosissimi
1977 3220 2064 3263 Judi-

1184 3280 1252 3302 ces.
1279 3266 1429 3311 Dioscorus
1454 3269 1572 3302 dicebat
1585 3278 1709 3312 propter
1729 3270 1779 3302 hoc
1790 3269 1981 3312 fhdamnaffi·
1992 3272 2065 3303 Fla·
2083 3268 2142 3299 Ast-
2169 3278 2193 3306 5·

2090 2341 2187 2378 tiphis
2199 2354 2249 2380 ¹3³

2093 2387 2224 2415 moazi,

1185 3325 1330 3358 vinnam,
1355 3324 1433 3360 quia¹
1447 3318 1582 3363 QUAS
1609 3318 1855 3357 NATURAS
1877 3320 2061 3363 aJebatesse3

1184 3369 1315 3411 definitio
1325 3378 1423 3401 autem
1434 3385 1454 3410 -,·
1472 3370 1535 3403 EX
1549 3369 1774 3407 NATURIS
1786 3393 1796 3409 ,
1822 3368 1927 3407 habet.
1958 3370 1998 3402 Et
2013 3371 2061 3403 in-

1185 3421 1229 3452 fra
1243 3442 1250 3450 .
1265 3417 1415 3462 Dioscorus
1427 3420 1545 3452 dicebat
1555 3443 1566 3459 ‚
1593 3419 1743 3466 QJOD
1767 3418 1830 3452 EX
1852 3418 2061 3454 DUABUS

1187 3467 1407 3507 NATUR'IS
1446 3470 1535 3504 EST
1556 3494 1567 3510 ,
1603 3469 1816 3519 SUSClplO
1841 3495 1851 3512 ‚
1890 3471 1924 3507 D
1940 3469 1978 3504 U
1995 3468 2060 3504 AS
