2340 3736
698 119 776 164 Ar„
811 114 885 163 E1
900 126 1162 160 unsan
1196 110 1661 159 LATRoc1N1uM.

1886 126 1985 173 211⁴

353 262 1879 391 QQQQQQQQQQQQQ

368 314 539 498 {aa

254 632 1103 778 APPE

252 273 1590 539 {mmmmmfflmmffimss

1591 493 2077 534 mmmmm&

1223 498 2070 771 NDIX

479 872 625 961 Ad
679 871 1181 987 Ephefinum
1253 871 1812 963 Latrocinium
1828 890 1848 953 .·

701 1085 1048 1151 CAPUT

1162 1067 1627 1140 ΡΚΙΜΠΜᾏ

374 1286 375 1290 ’
423 1265 640 1331 Exponitur
669 1266 799 1332 prima
832 1256 1230 1326 Constantinopolitano
1264 1256 1396 1305 ScmHi
1429 1256 1625 1308 Flaviani
1670 1256 1903 1307 Patriarchae

819 1328 1002 1380 adversus
1035 1326 1260 1396 Eufycheten
1296 1327 1510 1393 synodum.

852 1506 898 1552 A
965 1506 1008 1552 C
1074 1501 1116 1551 T

464 1641 566 1678 Rima
577 1639 675 1686 hujus
685 1639 813 1684 synodi
823 1638 944 1682 Δέὶῐο,
970 1642 1050 1676 fasta
1061 1642 1132 1677 Fla-

287 1785 289 1787 ·
487 1741 640 1783 sulibus,
667 1739 786 1775 Christi
809 1741 955 1774 Domini
982 1741 1134 1786 quadrin-

486 1792 665 1836 gentefimo
701 1790 946 1834 quadragesimo
983 1793 1101 1826 ostavo
1123 1817 1134 1832 ‚

486 1840 610 1876 Leonis
631 1840 804 1874 Pontificis
824 1851 916 1873 nono
939 1861 950 1877 ,
973 1839 1136 1875 Theodo-

253 1889 443 1937 siiAugusti
465 1890 708 1935 quadragesimo
721 1890 828 1933 primo
851 1890 886 1924 &
904 1888 1133 1924 Valentiniani

251 1942 342 1978 tertii
366 1940 622 1985 annovigesimo
644 1939 763 1979 tertio,
789 1938 880 1973 sexto
903 1937 978 1973 Idus
990 1940 1137 1975 Novem·

253 1990 349 2031 bres,
374 1991 410 2025 in
434 1990 612 2024 Secretario
638 1989 804 2033 Episcopii
824 2013 835 2029 ‚
860 1989 1006 2023 tractavit
1026 1991 1136 2025 nescio

254 2051 354 2083 quam
377 2041 506 2074 causam
518 2038 848 2074 FlorentiiSardenfis
867 2038 1044 2083 Episcopi,
1071 2040 1135 2083 Ly-

254 2091 374 2124 dorum
394 2087 641 2131 Metropolitae,
668 2087 815 2123 adversus
838 2089 996 2131 Ioannem
1024 2090 1135 2123 Hirca-

254 2149 375 2172 norum
409 2138 444 2171 &
467 2138 651 2173 Coffinium
686 2136 1036 2172 Hiero-Caesareensem
1071 2140 1137 2182 eius

255 2187 436 2231 Episcopos
456 2187 679 2222 Provinciales
702 2212 713 2227 ,
737 2186 902 2221 Praefidem
924 2186 1037 2221 habuit
1062 2190 1137 2222 San-

255 2240 345 2272 &um
366 2237 581 2276 Flavianum,
607 2236 784 2272 adsidentes
797 2237 977 2280 Episcopos
1002 2238 1135 2282 triginta

257 2298 385 2327 unum,
414 2285 716 2321 Archi-Mandritas
737 2288 856 2332 viginti
868 2285 969 2320 duos.
998 2287 1078 2321 Istos
1089 2289 1137 2321 in

259 2347 308 2371 ter
330 2335 393 2370 fuit
412 2337 546 2371 Sanstus
566 2337 719 2371 Seleucus
739 2337 921 2382 Amasenus
936 2337 1137 2380 EpiscopuS,

260 2386 490 2429 Helenoponti
526 2387 745 2429 Metropolita
772 2411 783 2426 ,
819 2387 909 2429 cujus
933 2387 1136 2420 admirandas

259 2436 479 2478 eleemosynas
498 2460 510 2476 ‚
535 2437 730 2480 repletorum
751 2436 926 2470 Divinitus
946 2434 1136 2470 horreorum

260 2485 426 2524 miraculis
443 2486 669 2526 confirmatas,
695 2486 804 2520 laudat
818 2485 982 2520 Eustatius
1004 2486 1137 2529 Presby-

260 2545 308 2570 ter
329 2535 363 2568 in
382 2535 450 2569 vita
464 2534 737 2576 SanCtiEutychii
762 2534 955 2569 Patriarchae
978 2536 1138 2570 Constan-

259 2584 491 2628 tinopolitani.
518 2584 702 2618 Florentius
714 2584 927 2627 Metropolita
953 2597 1020 2620 non
1042 2587 1138 2621 inter-

258 2634 323 2668 fuit
336 2647 347 2667 .-
372 2634 432 2667 Per
452 2633 596 2677 Legatos
613 2634 760 2668 Clericos
777 2635 861 2668 mifit
885 2635 954 2668 suas
972 2635 1114 2670 astiones
1126 2660 1134 2668 .

307 2684 397 2717 Data
422 2681 501 2716 huic
512 2683 680 2726 quaestioni
701 2685 804 2718 forma
821 2706 831 2722 ‚
855 2695 1015 2728 exurgens
1035 2695 1072 2719 ac
1095 2686 1138 2719 se-

255 2732 429 2776 metipsum
439 2742 480 2765 ex
490 2732 653 2767 adsidente
676 2733 783 2776 judice
794 2734 829 2768 in
853 2735 1074 2768 accusatorem
1084 2734 1138 2769 de-

255 2793 384 2816 mutans
397 2781 554 2816 Eusebius
563 2783 772 2826 Doryleensis
795 2783 829 2817 in
842 2782 988 2827 Phrygia
1008 2784 1136 2818 salutari

256 2833 437 2875 Episcopus
461 2831 587 2865 Libellos
606 2831 710 2876 sanc‘t'o
733 2834 861 2867 Concilio
883 2834 988 2866 obtulit
1002 2858 1012 2874 ,
1039 2836 1137 2875 conja-

1186 1503 1323 1549 10
1443 1503 1478 1547 Ι.

1192 1639 1254 1680 li,
1280 1638 1454 1673 Athanasii
1478 1663 1490 1679 ‚
1516 1636 1668 1683 Gregorii
1689 1636 1968 1682 Thaumaturgi,
1996 1637 2075 1672 Gro-

486 1693 543 1726 vio
570 1692 706 1727 Zenone
729 1691 765 1725 &
785 1690 1024 1726 posthumiano
1047 1692 1135 1726 Con·
1193 1690 1278 1734 gorii
1303 1689 1524 1730 Nazianzeni,
1551 1689 1703 1746 Gregorii
1726 1688 1887 1730 Nyffeni,
1911 1685 2019 1721 Attici
2038 1687 2074 1721 &

1195 1739 1324 1779 Procli,
1349 1738 1515 1782 postulans
1534 1738 1631 1772 citari
1662 1737 1919 1780 Eutychetem‚
1939 1745 2074 1779 paratus
2137 1759 2143 1765 .

1194 1802 1259 1823 eum
1268 1795 1437 1822 convincere
1450 1788 1536 1830 falso
1559 1787 1667 1821 babere
1680 1786 1866 1820 Catholtcum
1889 1798 2013 1827 nomen,
2039 1787 2075 1820 δ’

1184 1840 1321 1882 ‘alienum
1333 1842 1450 1871 omnino
1470 1838 1642 1882 effi’drec‘ssa
1656 1839 1719 1881 fide
1733 1862 1743 1877 ,
1768 1849 1804 1871 ac
1816 1837 1983 1880 praesentes
1996 1836 2075 1880 Epi-

1195 1890 1309 1932 scopos
1331 1888 1505 1931 conjurans
1530 1899 1584 1931 per
1604 1889 1752 1922 Sanstam
1778 1887 1980 1920 Trinitatem
2002 1910 2013 1926 ,
2039 1886 2073 1920 ὅ(

1197 1951 1251 1983 per
1271 1938 1406 1972 salutem
1418 1936 1600 1977 Theodosii
1624 1949 1660 1972 ac
1672 1936 1900 1971 Valentiniani
1909 1934 2076 1980 Augusto-

1197 2000 1267 2023 rum
1280 2013 1287 2020 .

1246 2038 1307 2072 Per
1332 2038 1495 2081 Principis
1525 2037 1668 2074 Genium
1695 2045 1751 2071 aut
1776 2038 1943 2072 fortunam
1968 2035 2071 2079 jurare

1197 2090 1316 2130 semper
1326 2087 1411 2130 apud
1424 2087 1628 2122 Christianos
1645 2087 1709 2120 fuit
1720 2087 1838 2130 species
1858 2086 2052 2120 idololatriae
2065 2110 2074 2117 .

1199 2138 1332 2172 Etenim
1345 2137 1497 2172 Sanctum
1520 2136 1738 2179 Polycarpum
1750 2136 1978 2178 smyrnensem
1997 2134 2076 2178 Epi-

1199 2189 1331 2231 scopum
1355 2188 1389 2222 &
1411 2187 1626 2230 Martyrem,
1653 2185 1742 2229 quod
1770 2187 1852 2220 Afiae
1879 2185 2075 2219 Proconsuli

1199 2237 1402 2276 mandanti,
1429 2240 1520 2281 Jura
1545 2244 1601 2278 per
1626 2234 1755 2279 Caesaris
1782 2235 1938 2277 fortunam
1963 2259 1974 2275 ‚
2000 2234 2074 2268 obe-

1198 2287 1267 2321 dire
1318 2287 1459 2320 noluerit
1493 2286 1716 2329 respondens,
1750 2280 1937 2326 christianus
1971 2283 2041 2328 sum
2063 2308 2075 2326 ‚

1199 2335 1284 2380 apud
1296 2336 1470 2370 Eusebium
1483 2336 1714 2370 Caesareensem
1726 2335 1835 2370 scribit
1846 2335 1886 2369 ad
1897 2335 2074 2370 Ponticam
2091 2338 2122 2370 1.
2125 2348 2153 2376 ιι·
2174 2341 2251 2375 c·14.‘

1200 2386 1339 2420 Ecclesia
1351 2386 1550 2428 Smyrnensis
1561 2412 1568 2419 .
1598 2386 1707 2420 Etiam
1720 2384 1845 2429 Judaeos
1853 2384 1997 2419 maluisse
2009 2385 2076 2429 pati

1175 2473 1177 2477 ,
1199 2436 1383 2480 quidlibet,
1409 2448 1506 2479 quam
1516 2436 1617 2479 jurare
1638 2447 1693 2479 per
1713 2447 1834 2470 nomen
1848 2435 1923 2469 Caii
1938 2435 2077 2478 Impera-

1198 2486 1303 2526 toris,
1329 2497 1367 2520 ex
1381 2485 1522 2529 Josepho
1539 2486 1648 2529 Judaeo
1667 2485 1776 2520 laudat
1798 2485 1885 2520 idem
1902 2484 2075 2520 Eusebius.

1198 2537 1241 2570 Et
1267 2538 1302 2570 in
1326 2537 1411 2571 libro
1447 2535 1668 2580 Apologetico
1691 2535 1919 2569 Tertullianus
1941 2549 1952 2568 .·
1978 2537 2077 2569 Citius
2092 2533 2167 2608 gig·
2181 2532 2232 2606 3}-

1197 2588 1281 2629 apud
1290 2598 1342 2620 vos
1355 2586 1493 2630 gentiles
1508 2595 1564 2627 per
1576 2597 1674 2618 omnes
1687 2588 1789 2623 Deos,
1813 2596 1902 2626 quam
1917 2593 1982 2627 per
1988 2597 2077 2619 unum

1199 2641 1326 2670 Genium
1336 2635 1468 2679 Caesaris
1475 2638 1633 2677 peJ'eratur
1646 2659 1655 2667 .
1682 2635 1726 2668 Et
1737 2635 1874 2678 exponit
1887 2635 1948 2668 suae
1959 2634 2078 2669 doari-

1198 2698 1244 2720 nae
1267 2687 1413 2720 causam:
1442 2686 1499 2718 sed
1519 2687 1697 2726 &juramus
1708 2709 1719 2726 ‚
1739 2683 1812 2726 ficut
1826 2697 1884 2717 non
1902 2693 1957 2726 per
1968 2689 2078 2719 Genios

1197 2734 1350 2778 Caesarum
1364 2760 1374 2775 ‚
1400 2738 1446 2768 ita?
1451 2743 1504 2776 per
1511 2733 1639 2777 salutem
1650 2746 1748 2768 eorum
1764 2760 1774 2775 ‚
1801 2747 1867 2778 quae
1877 2733 1915 2774 est
1933 2735 2078 2779 augustlor

1197 2786 1332 2819 omnibus
1344 2789 1445 2818 Geniis
1461 2810 1468 2816 .
1496 2783 1626 2827 Nescitis
1638 2789 1747 2818 Genios
1768 2786 1916 2818 daemones
1936 2787 2017 2824 dici,
2042 2787 2077 2819 (5

1197 2837 1268 2869 inde*
1278 2837 1462 2868 dimtnutiva
1486 2845 1555 2868 voce
1577 2835 1747 2869 daemonia?
1774 2840 1841 2868 Nos
1856 2836 2007 2875 judicium
2019 2838 2077 2869 Del

255 2894 328 2915 rans
339 2894 386 2915 eos
397 2883 504 2924 relegi,
533 2883 568 2915 (5
578 2881 666 2925 inseri
679 2889 872 2917 monumentis
885 2884 1020 2916 aelorum
1033 2909 1041 2916 .
1066 2884 1133 2917 Eos
1193 2882 1366 2928 suspicimus
1378 2891 1413 2918 in
1427 2885 1656 2927 Imperatoribur
1668 2911 1678 2926 ‚
1704 2891 1754 2928 qui
1768 2885 1903 2928 gentibus
1916 2885 1980 2918 illos
1997 2893 2078 2927 prae-

255 2932 296 2965 ad
318 2931 423 2965 saneti
434 2931 581 2964 Flaviani
601 2931 718 2974 juffum
742 2934 823 2977 legit
834 2932 980 2967 Asterius
1000 2932 1136 2976 Presby-
1191 2935 1285 2975 secu.
1312 2936 1351 2967 1d
1374 2940 1406 2968 in
1427 2941 1468 2968 eis
1485 2933 1594 2978 scimus
1611 2936 1683 2978 effe,

256 2992 307 3015 ter
332 2982 365 3014 δε
388 2981 543 3014 Notarius
567 2981 710 3016 Ecclesiae
735 2982 1131 3025 Constantinopolitanae.

256 3029 477 3073 Eutychetem
502 3030 726 3073 Presbyterum
753 3044 790 3066 ac
815 3031 1132 3067 Archi-Mandritam

258 3080 307 3114 illi
329 3079 547 3120 accusabant,
573 3081 662 3123 quod
682 3081 898 3116 inobseratum
919 3094 957 3116 os
980 3083 1014 3116 &
1037 3084 1132 3117 effrae·

258 3142 334 3163 nem
358 3131 506 3173 linguam
531 3129 655 3164 habens
675 3130 823 3165 adversus
842 3131 1041 3166 Salvatorem
1064 3144 1131 3166 om-

259 3180 352 3213 nium
360 3179 505 3212 nostrum
520 3179 684 3213 Christum
697 3180 914 3224 blasphemare
926 3205 936 3221 ,
963 3183 995 3216 &
1008 3183 1134 3222 Patres,

254 3230 314 3271 'qui
329 3230 414 3263 inter
424 3230 555 3263 Sanaos
577 3238 852 3265 connumerantur
864 3255 874 3270 ‚
901 3229 1066 3266 haereticos
1079 3244 1133 3266 no-

261 3278 388 3312 minare
407 3290 477 3312 non
497 3280 626 3313 cessaret
647 3302 658 3318 ,
684 3280 783 3313 etiam
806 3280 910 3323 ipsum
935 3281 1131 3320 Eusebium,

261 3329 464 3370 profitentem
476 3329 507 3362 se
517 3329 579 3363 effe
594 3329 734 3372 ipsorum
749 3328 826 3363 fidei
838 3330 1037 3364 sectatorem.
1058 3330 1134 3364 Pro-

262 3376 370 3411 fitetur
384 3377 541 3412 Eusebius
553 3379 639 3423 sequi
652 3380 684 3412 se
699 3378 798 3413 fidem
808 3389 932 3423 maguae
943 3380 1084 3414 Nicaenae
1101 3380 1136 3414 &

265 3435 390 3470 uuperae
413 3426 579 3470 Ephesinae
589 3428 740 3471 Synodi,
765 3429 1018 3475 Sandiorumque
1029 3429 1136 3471 cyril·

365 3474 468 3517 cbrist-
478 3480 555 3522 Lupi
563 3482 648 3523 oper.
658 3481 734 3512 Tom.
736 3482 776 3512 Π.

1711 2936 1789 2977 quod
1811 2936 1904 2968 voluit
1914 2938 2014 2975 Deus,
2041 2936 2077 2969 Θ

1195 2993 1366 3028 promagno
1375 2986 1411 3017 td
1427 2987 1598 3026 juramento
1609 2984 1770 3018 habemus.
1800 2986 1948 3018 Caetmim
1967 2986 2079 3018 daemo-

1198 3046 1254 3066 nas
1265 3060 1274 3075 ,
1301 3036 1336 3066 id
1345 3034 1383 3074 est
1397 3058 1408 3075 ‚
1435 3038 1543 3067 Genios
1558 3036 1699 3075 adjurare
1717 3032 1918 3076 consuevimus
1930 3059 1941 3075 ,
1966 3044 2000 3068 ut
2012 3035 2079 3067 tllos

1198 3085 1235 3117 de
1259 3083 1422 3116 hominibus
1446 3090 1619 3126 exigamus,
1648 3096 1704 3116 non
1729 3085 1883 3124 deierare,
1902 3092 1936 3117 ut
1948 3084 2007 3117 illis
2028 3083 2078 3115 ho-

1200 3145 1297 3166 norem
1309 3137 1491 3166 Divinltatis
1503 3132 1683 3174 conferamus
1698 3157 1706 3167 .
1732 3132 1895 3177 Principis
1905 3135 1939 3168 &
1950 3133 2077 3167 Genius

1199 3183 1232 3215 ὅ(
1252 3184 1383 3216 fortuna
1404 3205 1415 3222 ,
1442 3192 1524 3223 quos
1547 3182 1682 3226 quidam
1706 3182 1916 3223 discernunt,
1943 3181 2078 3224 quidam

1201 3231 1430 3271 confundunt,
1456 3239 1547 3264 erant
1567 3231 1729 3267 daemonia
1751 3234 1784 3267 &
1799 3234 1858 3268 Dii
1881 3232 1971 3269 falfi,
1996 3240 2078 3275 quos

1204 3281 1399 3324 dejeratione
1410 3279 1569 3315 honorare
1591 3282 1637 3327 est·
1649 3282 1788 3317 omnino
1799 3280 2004 3316 idololatria.
2032 3280 2078 3315 Et

1204 3331 1302 3374 Cajus
1325 3330 1491 3375 Augustus
1503 3343 1570 3365 non
1589 3333 1706 3376 quovis
1716 3332 1816 3365 modo
1840 3331 1997 3374 persuum
2017 3340 2079 3364 no-

1204 3391 1279 3414 men
1300 3405 1310 3421 ,
1335 3381 1387 3414 sed
1408 3391 1573 3425 tamquam
1599 3392 1654 3425 per
1675 3382 1785 3415 Deum
1809 3379 1940 3415 volebat
1962 3379 2080 3421 iurari,

1204 3428 1338 3475 ideoque
1358 3429 1418 3465 sibi
1446 3431 1566 3475 templa
1587 3441 1717 3473 quoque
1739 3429 1820 3476 erigi
1842 3453 1855 3473 ‚
1888 3430 1922 3465 ἀ
1948 3428 2082 3464 incendi

1569 3481 1604 3516 D
1627 3478 1650 3513 d
1702 3491 1723 3518 2
1922 3477 2034 3516 thura:
