2340 3736
374 168 474 230 248*

297 262 351 290 tus
373 252 526 288 laudabat
546 252 611 297 jam
632 251 758 287 distum
779 251 979 298 Ephesmum
994 254 1168 287 (janonem
1181 275 1191 291 ,

296 303 350 339 nti
372 304 436 338 suae
452 304 580 348 justitiae
592 303 1018 347 palmarefundamentum,
1045 302 1078 337 &
1098 301 1193 336 adde-

296 354 356 394 bat
369 366 376 386 :
404 358 500 397 cujus
511 354 743 396 exemplatum
755 357 849 388 codice
859 354 1027 393 destinavit
1041 351 1118 384 mibi
1131 354 1191 384 Pa-

297 413 348 439 -ter
357 404 449 443 noster
462 407 496 439 <⁴7
507 403 673 448 Episcopus
684 406 813 445 cyrillus
826 430 836 445 ,
861 415 948 446 quem
961 405 1073 445 &prae
1095 408 1192 435 mani-

295 454 357 496 bus
383 455 473 488 habeo
498 481 505 487 .
533 455 718 495 Adversum
742 467 812 499 quae
834 479 845 494 ,
870 454 952 487 dum
977 454 1191 497 legerentur,

299 505 450 539 obviavit
467 503 851 548 Eusebius-Dorylaeenfis
866 516 873 535 :
903 507 1050 536 Mentitus
1061 502 1099 543 est
1110 526 1121 542 ‚
1134 513 1192 535 non

298 554 338 595 est
359 554 490 597 definitio
509 557 584 590 talis
608 581 620 597 ,
646 567 704 588 non
724 554 763 595 est
783 555 885 598 regula
912 553 966 587 hoc
987 558 1187 595 praecipiens.

299 605 463 648 Reposuit
483 606 686 641 Dioscorus:
713 608 854 648 ,Quatuor
876 604 989 638 codices
1007 601 1082 646 fiant
1102 627 1114 645 ,
1138 609 1191 646 qu}

293 654 380 690 -banc
401 654 600 697 definitionem
621 661 789 690 conti-nent.
819 654 914 699 ,Quod
926 653 1105 696 definierunt
1116 657 1193 696 Epi-

295 704 402 749 scopi,
428 717 486 741 non
509 707 547 748 est
570 706 727 749 definitivo?
753 705 918 747 Numquid
940 703 1034 739 babet
1059 729 1072 746 ‚
1105 706 1192 748 ,Quia

298 757 402 800 regula
437 756 475 797 2st
500 758 519 792 ἔ
556 760 630 788 Non
649 754 688 795 est
723 756 829 798 regula
862 779 870 787 .
909 754 1002 788 Aliud
1033 754 1071 795 est
1106 765 1188 799 regu-

298 807 330 839 la
350 831 361 848 ,
386 807 471 840 aliud
499 805 632 848 definitio
655 829 670 837 ..
690 803 800 848 Acctesa
823 811 953 848 quinque
974 806 1124 845 synodicos
1148 815 1193 838 co-

294 858 379 891 dices
393 882 400 889 .
428 859 475 891 Et
493 867 542 899 ego
561 854 653 889 babeo
672 879 685 896 ,
710 856 805 890 &ule
817 879 828 896 ,
848 857 940 890 &ille
953 855 1043 889 habet
1054 878 1066 895 ,
1089 866 1190 888 omnes

293 907 454 950 profhrant
466 907 595 941 codices.
621 898 716 953 Qid
737 905 822 949 apud
834 907 990 948 antiquos
1009 906 1108 940 fuerit
1121 916 1189 949 pro-

297 957 367 1001 prie
384 957 506 992 Canon
518 981 531 998 ‚
554 956 696 1000 exponit
714 956 750 989 in
762 956 811 990 sui
823 957 1104 997 Nemo-Canonis
1115 966 1189 1000 prae-

293 1007 423 1042 satione
436 1006 580 1041 Photius
593 1019 603 1039 ι
628 1009 736 1050 Magni
746 1007 790 1040 illi
802 1011 886 1047 viri,
911 1005 1043 1048 Basilius
1064 1007 1099 1041 (9·
1117 1010 1190 1040 Gre-

292 1063 392 1101 gorius
416 1063 448 1090 in
471 1069 507 1091 ea
525 1055 762 1101 suntsententia
780 1081 791 1099 ‚
814 1066 847 1091 ut
867 1057 1039 1098 existiment
1050 1060 1189 1092 Canones

298 1106 506 1149 Ecclefiasticos
517 1120 564 1142 eos
575 1107 626 1151 effi*
637 1108 775 1141 dicendos
787 1109 821 1141 (ff
834 1106 988 1141 habendos
1001 1133 1012 1148 ,
1038 1119 1109 1150 quos
1129 1119 1187 1141 non

296 1158 381 1190 mod&
399 1156 515 1201 seorsim
535 1160 570 1197 <⁸2⁶
587 1164 742 1201 privatim
760 1158 868 1200 aliquis
880 1182 890 1199 ,
913 1156 1188 1202 J‘edpluressanui

299 1211 411 1242 Patres
432 1215 468 1243 in
490 1221 583 1245 unum
602 1214 813 1243 cun-venientes
832 1209 870 1242 de
889 1207 1188 1252 communisententia

229 1286 231 1288 -
297 1271 363 1293 cum
374 1271 513 1295 accurata
531 1262 565 1294 (θ’
572 1257 691 1303 filia-ita
696 1257 1107 1302 perquisstionesdecrevffint
1123 1284 1129 1292 .
1143 1259 1186 1292 Et

125 1746 278 1783 L.12;c.3.

119 1941 238 1978 Ep.1.c.
253 1948 275 1975 5.

297 1310 333 1344 in
347 1310 630 1345 Nemo-Canonis
640 1320 776 1355 corpore
787 1308 852 1344 hoc
863 1309 907 1344 est
921 1310 1016 1352 primi
1038 1309 1126 1343 tituli
1140 1320 1185 1342 ca-

293 1371 359 1403 ·put
383 1372 534 1404 quartum
549 1375 559 1394 .·
587 1362 680 1405 ‚Quod
698 1372 756 1394 non
777 1361 817 1393 ab
838 1371 894 1394 uno
910 1357 1076 1403 Episcopo,
1098 1358 1185 1402 sedai

295 1418 442 1445 commum·
455 1410 669 1455 Episcoporum
691 1420 767 1445 caetu
785 1415 922 1445 canones
932 1411 1157 1454 promulgantur
1178 1434 1184 1441 .

292 1460 347 1494 .Ita
362 1462 445 1495 tradi
460 1463 506 1496 ait
517 1461 535 1495 ὲ
557 1462 675 1496 ὃιυᾶο
686 1461 807 1495 Basilio
819 1461 854 1495 in
866 1459 1110 1504 quadragefimo
1123 1461 1185 1504 sep·

297 1512 382 1545 timo
420 1513 526 1555 capite
556 1512 738 1545 litterarum
766 1511 807 1544 ad
834 1511 987 1545 sanetum
1014 1509 1187 1553 Amphilo-

297 1560 411 1595 chium
435 1561 686 1604 Metropolitam
707 1561 938 1600 Iconiensem,
967 1561 1002 1595 ὅ(
1027 1561 1046 1594 a
1071 1561 1187 1595 Sansto

295 1611 461 1656 Gregorio
473 1612 508 1645 N
510 1613 625 1654 yffeno
638 1612 670 1645 in
686 1612 778 1645 sexto
789 1612 895 1654 capite
908 1609 1059 1655 Epistolae
1078 1610 1118 1645 ad
1131 1611 1190 1645 La-

295 1661 401 1704 tojum
422 1662 684 1706 Mitylenensem
709 1660 932 1706 Episcopum.
954 1659 1112 1704 Ejusdem
1123 1661 1189 1695 sen-

294 1714 404 1747 tentiae
433 1713 500 1746 fuit
520 1711 693 1746 Facundus
715 1712 896 1756 Episcopus
919 1711 1184 1748 Hermianenfis:

296 1768 405 1797 Novas
426 1762 596 1804 constituere
618 1768 757 1798 canones
783 1774 841 1796 non
863 1762 922 1805 nef
934 1764 1036 1797 multis
1061 1789 1072 1806 ‚
1100 1765 1134 1798 (9⁶
1159 1768 1191 1797 t'n

294 1826 388 1848 unum
411 1820 595 1857 congregatis
614 1819 708 1855 primi
732 1815 849 1850 ordinis
869 1813 1075 1848 Sacerdotibus
1097 1815 1163 1848 licet
1176 1839 1183 1846 .

294 1864 339 1900 Et
363 1864 442 1899 hinc
465 1865 596 1899 Sanctus
617 1865 689 1899 Leo
700 1865 892 1909 Magnusin
907 1865 1026 1901 litteris
1038 1864 1079 1900 ad
1091 1865 1189 1900 Cam.-

294 1916 397 1960 paniae
420 1940 430 1956 ‚
456 1914 571 1949 Piceni
597 1939 607 1956 ,
634 1917 666 1950 δε
689 1914 844 1949 Thusciae
872 1917 1054 1960 Episcopus
1077 1916 1190 1951 distin·

293 1967 368 2011 guit
403 1966 559 2000 Canones
578 1965 596 1998 a
616 1965 844 2008 >decretalibus
867 1966 958 2001 Sedis
980 1966 1181 2010 Apostolicae

290 2016 492 2050 constitutis
519 2042 526 2049 .
566 2017 652 2063 Qae
674 2015 838 2051 distinstio
860 2017 896 2051 in
921 2017 1065 2051 aliorum
1085 2018 1184 2051 etiam

292 2066 496 2101 Pontificum
509 2066 625 2100 litteris
637 2066 684 2100 est
695 2065 966 2110 frequentiffima.
994 2068 1038 2101 Et
1058 2078 1098 2101 ex
1120 2068 1186 2110 ipsa

293 2117 500 2151 Hincmarus
518 2116 730 2151 Remenfium
750 2116 1051 2160 Arcl1i÷Episc0pus
1063 2118 1097 2151 in
1111 2118 1186 2161 Epi-

218 2210 221 2214 s
285 2167 375 2201 ¹stola
404 2168 648 2212 quinquaginta
675 2167 822 2211 quinque
848 2167 995 2210 capitum
1034 2167 1185 2202 adversus

118 2594 154 2623 C.
173 2604 216 2628 17.

283 2218 517 2253 >Hincmarum
530 2243 540 2258 ‚
566 2228 722 2261 nepotem
734 2218 829 2251 suum
842 2242 853 2258 ‚
880 2217 1081 2261 Episcopum
1101 2218 1183 2252 Lau-

293 2268 472 2302 dunensem
485 2294 495 2309 ,
522 2268 638 2302 docuit
658 2269 677 2302 a
689 2268 760 2302 solo
772 2276 862 2303 extra
873 2268 1060 2312 generalem
1077 2270 1182 2311 Syno-

294 2319 374 2352 dum
399 2319 557 2353 Romano
580 2317 746 2353 Pontifice
767 2330 836 2353 non
862 2318 951 2362 posse
962 2318 1062 2352 condi
1076 2330 1183 2353 novos

293 2369 453 2402 Canones
475 2393 486 2408 ‚
521 2369 626 2402 immo
646 2380 708 2403 nec
729 2380 817 2403 nova
843 2369 984 2404 Decreta
1007 2393 1018 2409 ‚
1061 2368 1119 2402 nisi
1143 2379 1183 2405 ex

284 2418 460 2462 vprioribus
471 2419 669 2454 Canonibus
681 2418 794 2454 hausta
805 2444 813 2452 .
840 2418 990 2454 Primum
1001 2419 1046 2454 est
1060 2430 1183 2462 verum,

284 2470 421 2512 ‘lapsum
434 2469 526 2503 fuine
537 2470 574 2503 in
587 2470 732 2503 secundo
743 2469 789 2502 est
805 2469 884 2503 alibi
897 2469 1062 2503 ostensum
1077 2495 1084 2502 .

286 2530 294 2546 ἰ
329 2519 335 2547 ἶ
344 2519 458 2554 Aliam
469 2518 619 2554 Canonis
630 2519 832 2554 essentialem
844 2519 1035 2562 qualitatem
1049 2518 1183 2554 adducit

285 2569 450 2615 Pelagius
478 2569 638 2605 secundus
663 2569 821 2604 Pontifex
842 2569 878 2603 in
890 2569 1008 2603 litteris
1022 2570 1063 2604 ad
1075 2569 1182 2604 Eliam

294 2620 619 2665 Archi-Episcopum
642 2619 886 2664 Aquileiensem
907 2632 919 2652 .·
953 2624 1065 2654 Omnes
1102 2625 1186 2653 novi-

294 2683 384 2712 mus,
409 2671 533 2714 quadiu
551 2669 697 2715 generali
709 2669 848 2713 Synodo
859 2681 1013 2712 nunquam
1034 2674 1186 2708 Canones,

288 2721 351 2766 nifi
363 2722 500 2764 peraffls
523 2720 743 2763 definitionibus
764 2721 863 2763 fidei,
890 2719 1097 2763 nifiperfecvis
1105 2719 1184 2764 fino-

295 2773 415 2805 dalibus
423 2771 510 2816 gestis
521 2771 689 2804 habeantur
700 2795 711 2811 ,
736 2769 902 2814 asservato
912 2772 1014 2805 ordine
1025 2772 1183 2813 cumprius

294 2823 423 2862 synodus
448 2825 491 2854 ad
508 2822 601 2864 fidem
624 2822 713 2855 corda
733 2821 880 2862 «edificet,
905 2820 973 2854 binc
989 2829 1046 2864 per
1065 2823 1182 2864 regulas

295 2880 452 2907 Canonum
462 2871 700 2913 moresEcclefiae
711 2869 846 2914 aliusque
855 2879 1009 2913 componat
1019 2897 1027 2904 .
1054 2872 1104 2906 Ita
1117 2872 1184 2905 lau-

296 2924 389 2957 datus
416 2923 589 2957 Facundus
615 2921 786 2965 synodalia
818 2921 860 2955 de
895 2920 1082 2956 Christiana
1119 2921 1184 2956 fide

298 2973 486 3007 Constituta
501 2974 518 3007 a
532 2973 727 3007 Canonibus
738 2971 930 3017 distinguit.
956 2972 1002 3006 Et
1024 2973 1091 3015 ipsa
1113 2983 1182 3015 prae-

290 3023 370 3056 >sens
393 3023 546 3065 synodus
558 3025 649 3058 suum
662 3022 702 3066 de
715 3022 780 3056 fide
791 3022 971 3056 Decretum
983 3022 1160 3065 appellavit
1173 3046 1182 3060 ‚

296 3083 366 3106 non
404 3073 576 3107 canonem
594 3096 612 3114 ,»
633 3071 686 3107 sed
722 3073 967 3107 Definitionem
995 3097 1002 3104 .
1038 3071 1183 3105 Proinde

296 3124 418 3158 Canon
441 3124 494 3155 seu
507 3121 636 3168 Regula
657 3123 702 3157 est
716 3123 758 3156 de
770 3122 940 3162 moribus,
966 3121 1130 3157 Definitio
1143 3121 1184 3156 de

292 3173 380 3207 fide.
406 3172 451 3206 Et
475 3170 555 3205 hinc
581 3172 621 3206 de
644 3172 840 3216 Eutychetis
862 3172 978 3206 libello
998 3171 1081 3207 recte
1099 3171 1183 3205 dixit

296 3223 478 3257 Dioscorus
497 3234 507 3254 ε
545 3225 707 3263 Numquid
725 3223 814 3255 habet
837 3247 847 3263 ,
874 3225 959 3266 ‚Quia
984 3223 1095 3266 Regula
1121 3221 1185 3263 est?

297 3276 370 3306 Non
391 3273 429 3313 est
451 3273 567 3318 regula..
597 3272 687 3304 Aliud
703 3274 823 3314 regula,
849 3275 934 3306 aliud
943 3273 1093 3315 definitio.
1123 3273 1186 3306 Re-

296 3324 370 3355 vera
383 3324 473 3355 enim
492 3321 691 3365 Ephesinum
703 3321 877 3355 Decretum
891 3322 936 3355 est
948 3324 988 3356 de
1001 3324 1066 3360 fide
1076 3348 1087 3363 ‚
1115 3333 1185 3356 non

297 3372 339 3404 dc
360 3372 503 3404 moribus
518 3396 527 3411 ,
554 3372 586 3405 ὃ(
601 3372 682 3407 illud
694 3372 711 3403 ὲ
724 3371 787 3404 suis
799 3371 995 3406 Canonibus
1006 3373 1105 3407 etiarn
1118 3374 1185 3415 ipsa

295 3418 454 3464 Sy'nodus
465 3420 614 3454 distinxit
628 3446 634 3452 .
655 3420 771 3455 Hodie
783 3431 892 3455 tamen
905 3423 1017 3465 paffirn
1031 3434 1183 3457 vocamus

299 3472 474 3504 Canonem
497 3495 505 3510 ‚
534 3472 622 3514 quod
649 3470 690 3504 ab
712 3471 848 3514 antiquo
873 3471 1033 3514 loquendi
1056 3474 1184 3517 rigore,

998 171 1461 215 APPENDIX

1260 249 1389 292 pridem
1409 251 1628 288 recesserimus
1651 277 1663 295 ,
1693 255 1777 292 adeo
1800 265 1836 293 ut
1855 260 2055 297 sacrosan&
2076 260 2155 299 Tri-

1258 297 1396 334 dentiua
1417 300 1555 343 Synodo
1578 303 1655 338 fidei
1678 307 1970 351 anathematismos
1997 336 2009 352 ‚
2042 313 2153 348 Cano-

1261 359 1339 392 nes;
1365 361 1498 384 morum
1518 362 1630 387 autem
1651 357 1779 399 regulas
1799 361 1939 405 appellet
1952 363 2094 398 Decreta
2106 375 2156 398 re-

1260 400 1488 435 formationis.
1516 402 1632 437 Secuta
1652 404 1699 438 est
1722 404 1985 456 hancregulam:
2013 414 2151 449 Moribus

1259 455 1415 493 antiquis,
1439 451 1638 496 praesentibus
1662 464 1742 490 utere
1762 459 1894 496 verbis„
1908 462 2080 507 Antiquus
2103 464 2151 497 est

1259 501 1318 537 iste
1339 500 1494 535 recessus:
1522 504 1612 538 Nam
1626 504 1660 538 &
1682 504 1822 541 Photius
1832 510 2022 548 Sanctorum
2041 513 2152 548 Basilii

1256 550 1290 584 δε
1300 551 1478 596 Gregorii,
1504 553 1709 599 aliorumque
1722 555 1859 592 Parrum
1875 557 2047 598 decretalia
2061 563 2152 599 Con·

1258 600 1368 635 stituta
1389 602 1584 638 Canonibus
1605 605 1818 649 adnumerat,
1844 609 1879 644 δε
1900 609 2031 648 adsidue
2041 615 2152 650 Cano-

1257 662 1314 685 nes
1338 652 1480 695 appellat
1503 678 1511 686 .
1538 653 1586 689 At
1609 656 1744 699 quaestio
1766 657 1811 691 est
1829 684 1840 700 ‚
1879 659 1969 694 unde
1991 662 2152 699 Eusebius

1261 702 1478 746 Dorylaeenfis
1506 703 1688 750 Episcopus
1715 704 1842 753 negarit
1879 709 1997 754 Ephesi
2026 713 2151 749 editam

1256 751 1351 786 fuiffe
1371 752 1465 787 istam
1485 755 1585 789 etiarn
1606 756 1864 794 definitionem?
1890 758 1996 796 Aliud
2019 763 2150 806 nescio,

1257 813 1354 846 quam
1367 814 1521 839 mancum
1537 805 1587 839 illi
1598 806 1746 844 codicem
1756 810 1851 845 fuiffe
1861 836 1868 843 .

1306 853 1349 887 Et
1365 851 1444 888 hinc
1455 852 1689 893 definitionem
1701 859 1793 894 istam
1805 862 1868 895 esse
1879 860 2021 897 omnino
2031 863 2151 898 admit·

1258 904 1390 938 tendam
1413 905 1499 938 dixit
1522 906 1694 952 Diogenes
1708 909 1924 954 Metropolita
1939 914 2148 956 Cyzicenus,

1255 965 1393 999 arguens
1414 966 1525 990 tamen
1548 957 1746 1001 Eutychetis
1757 960 1905 996 libellum
1919 964 1960 998 de
1970 962 2093 998 omi‘sfis
2115 964 2149 998 δε

1256 1004 1383 1048 abjectis
1409 1006 1536 1049 Synodi
1564 1008 1941 1055 Constantinopolitanae
1967 1012 2009 1048 ad
2041 1015 2152 1048 Nicae-

1255 1066 1335 1090 num
1357 1055 1555 1099 Symbolum
1574 1058 1808 1094 additamentis
1834 1075 1845 1095 .-
1872 1062 1921 1098 Ea
1941 1063 2029 1098 dixit
2050 1064 2092 1099 ab
2111 1058 2149 1098 il-v

1257 1106 1288 1139 lo
1300 1105 1399 1140 abiici
1410 1117 1452 1141 ex
1464 1107 1685 1144 Valentini&
1706 1109 1913 1159 Apollinaris
1928 1113 2040 1157 spiritu
2053 1139 2064 1155 ,
2091 1109 2148 1158 per

1255 1156 1477 1205 additamenta
1504 1159 1563 1192 ista
1588 1157 1747 1200 damnato
1773 1186 1784 1203 ,
1830 1161 1972 1206 ideoque
1997 1164 2151 1200 adversus

1254 1206 1368 1242 eadem
1382 1205 1448 1256 huc
1460 1209 1560 1253 usque
1572 1208 1704 1257 rebelli.
1732 1210 1832 1247 Dixit
1845 1213 1886 1248 ab
1903 1213 2092 1258 Eutychete
2103 1225 2150 1249 re·

1258 1257 1437 1291 suscitatam
1456 1258 1660 1302 Apollinaris
1680 1261 1832 1304 haeresin,
1858 1264 2002 1307 ideoque
2014 1263 2150 1300 &addi-

1256 1318 1400 1341 tamenta
1426 1309 1482 1342 ista
1495 1333 1505 1349 ‚
1532 1321 1588 1352 per
1609 1309 1806 1354 Ephesinam
1826 1314 1999 1358 Synodum
2012 1315 2151 1350 nullate·

1255 1358 1315 1391 nus
1337 1358 1511 1398 damnata,
1539 1362 1669 1395 refutari
1703 1388 1709 1395 .
1738 1362 1865 1398 Verum
1888 1364 2049 1410 AEgyptii
2070 1364 2149 1408 Epi-

1257 1409 1367 1452 scopi,
1393 1408 1434 1443 ab
1456 1409 1644 1452 Eutychete
1665 1411 1699 1448 &
1725 1412 1892 1451 Dioscoro
1912 1414 2026 1459 leprosi
2050 1440 2061 1457 ,
2098 1416 2149 1452 in,-
2169 1446 2172 1448 Α

1256 1460 1436 1494 xercess‘ere:
1464 1464 1560 1495 Nemo
1577 1459 1701 1505 susi-ipit
1716 1464 1911 1504 adjec‘lionem
1923 1490 1934 1506 ,
1959 1477 2045 1500 nemo
2057 1466 2147 1503 dimi·

1255 1514 1403 1542 nationem
1416 1534 1423 1542 .
1451 1512 1533 1553 ,Quae
1546 1516 1578 1543 in
1591 1517 1700 1549 Nicaea
1710 1514 1865 1554 constitura
1882 1514 1976 1559 sunt,
2000 1518 2150 1557 tene‘ann

1256 1558 1429 1598 Catholicus
1457 1564 1624 1602 Imperator
1643 1560 1796 1604 bocjuffit.
1824 1566 1960 1600 Etenim
1978 1567 2013 1601 δε
2032 1565 2149 1601 Theo-

1255 1608 1364 1644 dofius
1386 1610 1557 1654 Augustus
1582 1608 1624 1646 Ab
1648 1611 1828 1656 Ephesina,
1854 1616 1970 1660 &ejus
1989 1617 2149 1651 successor

1258 1659 1447 1694 Marcianus
1459 1660 1478 1694 a
1490 1659 1597 1697 nostra
1609 1663 1749 1707 Synodo
1758 1664 1910 1709 jusserant
1921 1660 2148 1710 Eutychianas'

1257 1709 1328 1746 lites
1340 1721 1380 1746 ex
1393 1710 1533 1746 Nicaeno
1547 1713 1707 1757 Symbolo
1719 1715 1846 1753 definiri
1860 1742 1867 1750 .
1887 1717 1993 1765 Qod
2006 1718 2024 1752 a
2039 1715 2149 1759 Chry·

1257 1761 1372 1806 saphio
1393 1761 1563 1799 Eunucho
1575 1764 1818 1801 circumventus
1828 1764 2040 1805 Theodosius
2051 1767 2148 1802 innoae‘

1256 1812 1308 1846 xie
1327 1813 1478 1857 jusserat,
1505 1812 1675 1858 Eutyches
1696 1817 1730 1853 δε
1752 1818 1932 1852 Dioscorus
1952 1819 1988 1852 in
2007 1828 2146 1861 pravum

1256 1861 1455 1907 Apollinarii
1481 1865 1606 1898 sensum
1628 1865 1832 1901 detorserunt
1849 1892 1856 1899 .
1884 1867 1928 1900 Et
1949 1865 2029 1901 hinc
2052 1878 2145 1911 repo-

1249 1915 1382 1960 suerunt
1403 1914 1557 1960 Episcopi
1571 1914 1774 1954 Orientales:
1803 1921 1876 1951 Haec
1887 1917 2030 1955 Eutyches
2043 1919 2145 1950 dixit.

1256 1964 1418 1999 Adversus
1450 1964 1546 1999 illum
1570 1965 1905 2007 Saneus,Proterius
1931 1966 2144 2002 Alexandriae

1256 2015 1323 2058 post
1345 2015 1548 2049 Dioscorum
1567 2014 1868 2060 Archi-Episcopus
1877 2015 2009 2053 laudata
2021 2017 2145 2053 addita-

1255 2077 1364 2099 menta
1391 2065 1526 2101 inseruit
1552 2065 1742 2109 profeffioui
1765 2062 2147 2112 consecrandoru'mEpiss

1256 2116 1448 2158 scoporum.
1591 2142 1596 2155 1
2005 2150 2008 2154 .
2027 2152 2030 2157 .
2123 2149 2139 2157 -s

1303 2164 1500 2209 Eutychetis
1527 2165 1656 2202 libellus
1681 2166 1854 2205 anathema
1877 2167 2007 2206 dicebat
2035 2168 2147 2203 Mani&

1252 2214 1366 2257 chaeo,
1393 2215 1604 2258 Valentino',
1629 2216 1841 2261 Apollinari,
1867 2219 2023 2258 Nestorio
2034 2243 2046 2260 ‚
2065 2220 2148 2253 cun'-

1252 2266 1309 2300 ftis
1332 2265 1514 2307 haereticis,
1540 2268 1640 2303 etiam
1656 2267 1748 2310 illis,
1768 2270 1826 2313 qui
1848 2269 1991 2304 Domini
2013 2280 2147 2305 carnem

1250 2317 1398 2360 garriunt
1419 2316 1461 2351 de
1485 2317 1571 2352 coelo
1593 2319 1733 2354 venisse.
1760 2321 1815 2354 De
1826 2331 1892 2361 quo
1906 2319 2146 2358 Valentiniano
2196 2348 2206 2360 ,

1250 2377 1356 2401 errore
1367 2378 1436 2401 erat
1449 2367 1619 2411 Eutyches
1632 2380 1697 2402 non
1712 2369 1844 2404 modice
1857 2370 2146 2410 infamatusHiuc

1251 2415 1346 2451 illurn
1370 2416 1485 2460 Ephefi
1510 2428 1641 2463 rogarat
1661 2419 1835 2463 Diogenes
1858 2418 2047 2461 Cyzicenus
2068 2418 2146 2462 Epi-

1249 2477 1351 2511 copus
1365 2481 1376 2500 .·
1405 2468 1490 2500 Unde
1505 2479 1571 2510 ergo
1581 2467 1619 2508 est
1628 2479 1693 2501 caro
1709 2471 1828 2501 Domini
1840 2470 1852 2502 ?
1882 2472 1946 2502 Dic.
1973 2470 2056 2517 Qae
2066 2469 2144 2503 cum

1250 2516 1289 2550 ad
1312 2517 1502 2560 praesentem
1528 2516 1703 2560 synodum
1725 2518 1932 2563 legerentur,
1958 2517 2144 2554 momento*-

1248 2566 1397 2601 fiffimam
1422 2565 1509 2601 hanc
1530 2567 1742 2610 quaestionem
1764 2568 1860 2603 fuisse
1870 2569 1936 2603 sine
1946 2567 2144 2605 discuffione'

1248 2617 1266 2650 a
1293 2617 1460 2651 Dioscoro
1482 2617 1646 2652 dimissam
1669 2618 1799 2662 questus
1810 2618 2003 2654 est‘Bafilius
2015 2619 2145 2665 Metrol·

1250 2667 1351 2711 polita
1375 2666 1604 2702 Seleucienfis.
1629 2668 1679 2703 At
1695 2669 1840 2713 reposuit
1850 2669 2057 2704 Dioscorus:
2084 2674 2145 2704 Rev

1247 2716 1427 2761 ligiofiffimus
1442 2716 1603 2761 Episcopus
1623 2718 1753 2761 Basilius
1774 2718 1966 2761 reprehendit
1991 2725 2024 2753 in
2047 2718 2142 2766 Gestis

1250 2779 1347 2802 vocem
1356 2766 1442 2811 suam
1456 2792 1466 2808 ‚
1491 2769 1593 2803 dicens
1608 2792 1618 2808 ,
1644 2772 1730 2812 ,Quia
1748 2768 1790 2811 fic
1799 2781 1857 2803 non
1869 2771 1938 2803 dixi
1949 2795 1960 2811 ‚
1979 2772 2041 2813 Jed
2051 2762 2139 2815 salsd

1244 2817 1390 2862 scriptum
1413 2817 1451 2858 cst
1465 2843 1472 2850 .
1498 2821 1531 2851 51·
1554 2822 1628 2853 verb
1651 2819 1800 2859 Eutyches
1808 2828 1924 2862 praeter
1936 2822 2077 2865 dogmata
2086 2824 2146 2856 Eri·

1248 2868 1334 2910 cleliae
1342 2867 1426 2912 sapie
1436 2892 1449 2908 ‚
1474 2867 1632 2912 nonsolum
1639 2878 1731 2912 paena
1742 2871 1851 2914 dignus
1864 2870 1902 2911 est
1910 2895 1921 2912 ‚
1940 2869 2040 2913 sed&
2054 2877 2142 2914 ignes

1249 2921 1315 2963 Ego
1339 2921 1413 2953 verb
1428 2918 1502 2961 fidei
1524 2919 1689 2954 Catholicae
1702 2922 1736 2955 Θ
1748 2921 1914 2963 Apostolicae
1928 2919 2144 2963 solicitudinem

1244 2980 1315 3012 gero
1323 2993 1334 3010 ,
1359 2970 1393 3003 Θ
1404 2980 1464 3001 non
1474 2971 1599 3011 alicujus
1609 2969 1744 3003 bominis.
1758 2972 1809 3003 Ad
1817 2970 1912 3014 ipflim
1922 2982 2048 3013 namque
2058 2973 2145 3004 Divi-

1249 3026 1375 3052 nitatem
1397 3028 1528 3052 mentem
1548 3026 1698 3055 intentam
1718 3020 1810 3054 babeo
1830 3044 1841 3060 ,
1862 3023 1896 3056 (θ’
1921 3023 1966 3054 ad
1984 3016 2142 3064 perfhnm

1249 3081 1307 3101 non
1329 3070 1455 3102 attendo
1468 3094 1478 3110 ,
1505 3082 1598 3113 neque
1612 3079 1671 3114 pro
1692 3071 1822 3113 quolibet
1833 3083 1900 3105 curo
1915 3096 1926 3112 ,
1953 3070 2141 3115 nisipqcmea

1249 3125 1354 3152 anima
1366 3121 1400 3154 δ’
1410 3120 1492 3153 reela
1498 3120 1580 3162 fide.
1610 3122 1669 3156 Ait
1680 3120 1789 3160 Basilii
1804 3146 1814 3162 ,
1842 3132 1956 3165 utpote
1974 3119 2142 3164 proprium

1248 3170 1283 3202 in
1306 3168 1680 3214 Constantinopolitana
1701 3172 1810 3206 Sancti
1834 3171 1982 3211 Flaviani
2002 3167 2141 3212 Synodo

1248 3220 1363 3253 datum
1376 3220 1566 3264 suffragium
1579 3222 1775 3264 praevaricati
1787 3222 1873 3264 apud
1888 3219 2050 3263 Ephesum
2063 3243 2075 3260 ,
2096 3230 2142 3253 te·

1248 3270 1442 3304 stimonium
1463 3272 1525 3304 effe
1547 3271 1612 3305 fide
1635 3272 1811 3316 indignum
1833 3295 1843 3311 ‚
1876 3269 2034 3312 additque
2054 3269 2141 3304 nihil

1250 3321 1320 3354 istic
1340 3320 1358 3353 ὲ
1370 3321 1433 3353 sese
1448 3322 1554 3353 astum
1570 3332 1626 3364 pro
1641 3321 1847 3364 Eutychete,
1874 3317 1927 3353 sed
1951 3319 2064 3356 omnia
2079 3330 2140 3364 pro

1249 3370 1322 3405 solo
1334 3371 1412 3404 Deo
1424 3370 1458 3404 ὅς
1476 3371 1544 3414 ejus
1567 3371 1770 3416 Evangelica
1782 3368 1930 3409 dodrina
1944 3394 1951 3402 .

1299 3421 1343 3455 Et
1355 3418 1435 3465 hinc
1460 3432 1534 3456 nata
1547 3421 1592 3456 est
1605 3421 1729 3462 occasio
1740 3417 1968 3462 disceptandi,
1994 3430 2035 3454 an
2058 3420 2142 3464 Rafi-

1250 3472 1313 3506 lius
1324 3473 1416 3504 suum
1431 3471 1618 3515 suffragium
1630 3469 1738 3504 fuisset
1764 3471 1873 3503 revera
1895 3471 2139 3513 praevaricatus?

297 3523 334 3560 ἃ
347 3521 487 3556 addusto
500 3520 651 3557 Canonis
662 3522 695 3557 ὃ(
705 3520 909 3559 definitionis
919 3522 1104 3559 discrimine
1120 3521 1185 3565 jam
1251 3522 1431 3558 Dioscorus
1442 3521 1628 3555 constanter
1637 3518 1779 3556 adseruit
1788 3543 1796 3551 .
1822 3520 1868 3554 Et
1885 3519 2027 3556 omnino
2045 3521 2142 3554 lectas

2055 3571 2091 3604 in
