2340 3736
362 145 448 183 σε
780 137 1073 182 CANoNEs
1108 132 1674 189 Curtaei-:Dorienses

292 220 404 256 NON
429 217 645 256 SUSCIPIO
666 243 673 251 .
712 219 910 262 SanHffmus
948 228 1046 255 autem
1082 219 1182 252 Archi·
1248 227 1349 259 patae,
1375 220 1486 254 faciles
1506 224 1607 265 aptari
1635 225 1673 260 in
1695 237 1810 262 eorum
1837 228 1924 263 virus
1943 253 1958 271 ,-
1993 227 2135 275 ideoque

293 268 462 315 Episcopus
483 274 544 304 Leo
568 271 642 302 dicit
662 270 740 302 duas
762 280 888 304 naturas
921 272 973 314 effe
1004 278 1037 304 in
1069 268 1181 308 Christo
1246 266 1314 302 haec
1341 269 1451 303 nostra
1471 271 1626 313 Synodus
1649 278 1789 311 omnino
1807 279 1928 323 scripfit
1947 292 1955 312 :
1990 285 2029 315 1n
2060 283 2135 315 dua—

292 326 397 356 unitas
421 320 578 363 inconfuse*
591 344 601 360 ,
634 322 906 355 inconvertibiliter
920 345 931 361 ‚
965 322 1000 355 ὁ·
1017 318 1180 363 indivifibi-
1245 318 1300 351 bus
1322 325 1458 358 naturis,
1486 321 1556 362 post
1589 323 1827 364 adunationem
1850 331 2064 367 manentibus
2085 333 2135 367 in-

294 374 382 407 liter.
420 374 520 415 ,Quem
544 374 636 413 igitur
660 368 822 414 sequimini
851 369 1078 415 sanfflfirimum
1108 374 1179 403 Leo·
1244 369 1343 414 tengs
1370 382 1408 404 ac
1427 370 1627 407 inconfusis.

292 434 362 457 nem
378 447 389 462 ‚
413 433 455 454 an
477 418 669 463 Dioscorum?
696 421 740 455 Et
757 422 980 457 acclamavere
1002 421 1178 465 Episcopi:
1293 420 1450 455 Tandem
1470 420 1672 466 Ephefinum
1695 425 1870 465 Canonem
1893 429 1935 466 de
1956 444 2026 467 non
2051 432 2134 467 alte-

292 477 334 507 Ut
346 476 404 506 Leo
407 471 448 513 fic
457 472 626 505 credimus.
652 471 834 516 Episcopos
856 470 935 505 fidei
947 471 1178 506 definitionem
1242 470 1349 505 raudo
1371 471 1512 506 Nicaeno
1548 474 1601 510 seu
1630 475 2008 524 Constantinopolitano
2037 483 2132 526 Sym.

290 523 431 557 &Sancti
444 521 569 556 Leonis
580 521 729 568 Epistola
750 521 868 567 quovis
890 523 992 557 modo
1014 522 1177 556 dissonam
1242 520 1322 555 bolo
1339 521 1478 557 innovat
1500 522 1678 566 definitio,
1705 527 1823 571 utique
1841 530 2014 567 adversum
2037 534 2132 577 quos·

288 572 449 609 fabricare
463 582 603 608 conatos
627 573 746 618 Legati
779 571 967 616 Apostolici
1000 572 1034 606 ὅς
1056 572 1179 617 glorio·
1241 571 1318 605 dam
1340 572 1541 618 Episc0p0s‚
1566 575 1624 619 qui
1653 575 1853 611 clamarant:
1892 582 2004 616 sanein:
2026 588 2131 617 Maria

289 622 397 657 fiffimi
420 623 550 666 Iudices
573 622 692 657 minati
713 624 788 657 sunt
801 623 945 656 Romam
960 623 1113 663 mittere,
1136 622 1178 657 de
1237 620 1393 658 Theotocos
1412 622 1590 671 scribatur,
1624 627 1659 660 (90
1687 633 1721 661 in
1743 628 1869 667 symbolo
1903 629 1945 672 fic
1974 634 2109 668 addatur
2123 660 2134 671 .

290 673 358 708 fide
377 672 602 708 discutiendos
614 698 622 705 .
650 672 762 707 Voces
774 698 785 714 ,
811 675 868 708 ,Ex
895 673 1013 707 duabus
1034 678 1153 707 naturis
1167 698 1177 714 ‚

288 723 576 769 suntaequivocae,
602 723 643 758 ab
661 723 1071 772 Eutvychete&Di0sc0ro
1092 725 1176 762 usur-

1238 674 1386 707 Omnem
1421 674 1622 712 criminandi
1650 679 1767 715 ansam
1797 679 1905 714 voluit
1938 679 2130 721 subtractam

1240 722 1505 770 Eutychianistis
1514 750 1524 762 .-

358 1237 900 1329 CONCILII
950 1238 2043 1329 CHALCEDONENsls.

703 1455 1125 1515 CANON
1207 1455 1703 1515 PRIMUS.

415 1629 577 1691 Egulas
612 1624 856 1677 sanstorum
891 1633 1069 1683 Patrum
1094 1666 1107 1691 ,
1144 1646 1222 1696 per
1256 1628 1423 1692 singula
1456 1646 1572 1678 nunc
1607 1628 1742 1698 usque
1777 1633 1985 1681 Concilia
2017 1648 2124 1682 con-

448 1699 620 1751 stitutas
641 1736 658 1765 ,
691 1701 917 1767 proprium
951 1700 1083 1755 robur
1115 1700 1318 1753 obtinere
1351 1698 1654 1776 decrevimus.

503 1874 532 1920 S
544 1872 588 1919 C
602 1873 648 1919 H
662 1874 708 1922 O
720 1873 757 1922 L
770 1874 791 1923 Ι
804 1876 850 1924 O
862 1875 913 1925 N
936 1907 950 1923 9
1182 1881 1191 1959 1
1234 1870 1618 1914 Constantinopolitanis
1640 1894 1652 1911 ‚
1695 1869 1839 1915 ideoque
1873 1872 1956 1907 fasta
1991 1873 2123 1908 videtur

1238 1932 1315 1956 ante
1325 1921 1496 1964 Synodum
1509 1920 1705 1965 Ephefinam
1720 1947 1726 1953 .
1754 1921 1972 1958 Postmodum
1991 1921 2124 1959 accesse-

1233 1980 1313 2006 runt
1327 1971 1483 2007 Canones
1497 1971 1652 2015 Ephefini
1664 1972 1700 2006 ὅς
1712 1970 1998 2010 Chalcedonenses
2007 1999 2014 2006 .
2042 1973 2124 2008 Por-

369 2015 472 2052 Anon
483 2018 659 2054 confirmat
676 2019 840 2055 Codicem
854 2021 1033 2059 Canonum
1057 2020 1170 2061 Eccle-
1235 2020 1274 2055 τὸ
1299 2033 1390 2061 vox,
1415 2020 1551 2063 Ecclefiae
1581 2020 1754 2065 universa,
1780 2022 1931 2067 restringi
1955 2023 2054 2058 debet
2078 2021 2122 2058 ad

392 2069 438 2102 fiae
448 2070 604 2103 universae
619 2095 631 2111 ‚
652 2071 832 2114 omnesque
846 2071 882 2105 in
902 2072 973 2116 ipso
988 2082 1168 2107 contentos
1233 2072 1395 2107 Ecclefias
1419 2072 1624 2108 orientales.
1649 2070 1753 2117 Qod
1772 2082 1915 2115 namque
1925 2072 2122 2109 Romana&

278 2117 437 2152 Canones
454 2131 461 2150 :
498 2119 654 2153 Nicaenos
667 2143 679 2159 ‚
713 2119 912 2162 Ancyranos
932 2146 943 2163 ,
980 2123 1170 2157 Neo-Caesa—
1233 2123 1343 2156 omnis
1364 2123 1469 2157 latina
1490 2122 1634 2158 Ecclesia
1655 2122 1760 2155 alium
1775 2120 1925 2158 habuerit
1936 2122 2122 2161 Codicem‚

276 2169 426 2210 menses,
455 2169 684 2214 GangrenseS,
708 2169 963 2212 Antiochenos,
990 2172 1171 2206 Laodicen—
1232 2172 1335 2216 liquet
1362 2184 1404 2206 ex
1415 2170 1614 2209 Canonibus
1624 2170 1864 2206 Sardicenfibus
1882 2172 1917 2208 ὅ(
1936 2169 2131 2207 Antioche*

278 2219 328 2252 ses
343 2242 355 2258 ,
381 2218 799 2263 Constantinopolitanos,
823 2233 863 2257 ac
875 2220 1075 2265 Ephefinos.
1101 2221 1173 2256 An·
1234 2221 1302 2255 nis:
1328 2221 1406 2259 Hos
1418 2222 1474 2256 illa
1485 2221 1526 2258 ed
1537 2224 1637 2264 nsque
1659 2220 1778 2263 abjecit
1800 2230 1970 2267 tamquam
1987 2219 2121 2256 dolosas

279 2269 409 2311 tiquum
422 2269 608 2313 exemplar,
631 2281 674 2305 ex
688 2268 890 2305 bibliotheca
901 2271 1005 2315 Regis
1017 2271 1173 2305 Christia-
1233 2271 1493 2309 Eusebianorum
1514 2271 1549 2308 in
1572 2271 1725 2308 Sannum
1739 2269 1954 2307 Athanasium
1967 2271 2120 2311 infidias,

278 2317 402 2352 niffimi
435 2317 611 2354 adductum
639 2319 659 2355 ,ὲ
683 2319 785 2354 Petro
807 2319 849 2354 de
871 2320 986 2358 Marca
1008 2321 1172 2366 Episcopo
1233 2322 1311 2355 istos
1333 2322 1456 2366 semper
1478 2321 1630 2361 admisit,
1657 2320 1798 2364 ideoque
1827 2322 1876 2356 uti
1904 2321 2029 2365 nequjit
2051 2322 2118 2356 Co-

282 2366 489 2403 Tholosano
508 2394 519 2410 ‚
554 2369 729 2405 collectum
760 2370 797 2403 ὅ(
819 2369 948 2405 editum
977 2371 1131 2408 adfirmat
1154 2372 1172 2406 a
1232 2371 1326 2410 dice,
1351 2372 1387 2406 in
1408 2383 1476 2415 quo
1495 2371 1659 2407 deessent.
1700 2370 1744 2404 Et
1766 2371 1851 2405 inter
1882 2369 2116 2406 Paschafinum

281 2417 453 2461 Stephano
499 2418 717 2463 Ephesiorum
758 2419 926 2464 Episcopo
967 2422 1053 2455 circa
1094 2432 1172 2456 tem·
1232 2421 1380 2465 Lilybeti
1403 2421 1627 2468 Episcopum,
1652 2420 1809 2455 &Sancti
1833 2420 1957 2455 Leonis
1980 2422 2117 2456 Pontifi-

280 2477 361 2512 pora
382 2468 568 2506 Theodosii
600 2467 747 2514 Augusti
768 2470 905 2505 senioris
926 2485 936 2505 :
970 2471 1093 2505 Forsan
1130 2471 1172 2507 ab
1232 2473 1279 2506 cis
1298 2472 1484 2516 Legatum,
1512 2483 1550 2507 ac
1575 2471 1661 2504 inter
1694 2470 1831 2507 AEtium
1862 2470 2008 2508 Ecclefiae
2027 2473 2117 2507 Con·

277 2519 363 2559 illo,
398 2520 457 2563 qui
492 2519 669 2556 latrocinio
704 2517 869 2563 Ephefino
897 2522 933 2557 ἀ
963 2519 1042 2558 huic
1068 2522 1171 2565 Syno-
1233 2522 1534 2564 stantinopolitanae
1558 2519 1868 2558 Archi—Diaconum
1889 2521 1924 2558 in
1936 2519 1998 2557 hac
2008 2523 2116 2566 Syno·
2135 2509 2250 2542 Astw’

274 2568 326 2604 do
344 2569 494 2604 interfuit
517 2595 528 2610 ‚
565 2582 604 2604 ac
625 2569 667 2604 de
685 2569 883 2614 Episcopatu
904 2571 1082 2616 disputavit
1093 2583 1168 2606 cum
1232 2572 1277 2606 do
1301 2571 1341 2605 de
1363 2571 1443 2605 sexti
1465 2571 1594 2605 Nicaeni
1613 2571 1762 2606 Canonis
1780 2571 1918 2606 exordio
1930 2582 2022 2608 mota
2034 2584 2117 2617 quat-

278 2618 450 2665 Baffiano.
489 2620 606 2655 Potuit
628 2620 764 2663 Juvenis
785 2621 953 2667 collegisse
983 2622 1163 2657 Codicem.
1234 2622 1295 2656 stio
1317 2620 1462 2659 ostendit
1484 2621 1711 2660 Ecclesiisillis
1731 2621 1826 2659 fuiffe
1846 2621 1991 2659 Codices
2012 2623 2117 2671 dispa-

278 2666 390 2706 Prima
421 2670 497 2707 sane
525 2670 680 2708 collectio
716 2670 854 2708 finiebat
892 2671 930 2709 ,in
969 2672 1165 2709 Canonibus
1231 2683 1333 2710 ratos.

828 2940 1318 3008 CANON
1442 2940 1572 3007 ΙΙ*

286 3107 392 3243 Sl
425 3108 527 3174 quis
562 3107 799 3178 Episcopus
834 3129 912 3181 per
947 3114 1151 3180 pecunias
1187 3112 1339 3164 fecerit
1373 3113 1696 3166 ordinationem
1732 3151 1745 3175 ‚
1781 3120 1825 3164 &
1860 3114 1937 3165 sub
1970 3114 2113 3181 pretio

404 3176 619 3241 redegerit
653 3183 838 3241 gratiam
865 3219 878 3243 ,
916 3199 1013 3248 quae
1048 3201 1137 3233 non
1172 3184 1316 3253 potest
1342 3185 1475 3234 vendi
1502 3223 1516 3247 ,
1551 3185 1909 3255 ordinaveritque
1933 3201 2011 3250 per
2037 3201 2114 3250 pe-

284 3250 435 3296 cunias
469 3247 732 3319 Episcopum
766 3287 780 3311 ,
816 3268 892 3300 aut
927 3252 1301 3324 chorepiscopum
1335 3292 1349 3316 ,
1386 3271 1462 3304 aut
1498 3256 1804 3326 Presbyterum
1841 3290 1855 3315 ,
1890 3268 1966 3302 aut
2001 3256 2114 3302 Dia-

283 3334 445 3366 conum
469 3354 482 3379 ,
517 3321 590 3368 vel
623 3320 869 3387 quemlibet
905 3339 957 3369 ex
993 3324 1060 3372 his
1094 3326 1174 3392 qui
1209 3343 1579 3376 connumerantur
1614 3330 1662 3376 in
1695 3326 1827 3375 Clero
1852 3359 1866 3385 2
1901 3338 1977 3382 aut
2014 3341 2113 3390 ΡΥΟ-

286 3389 473 3436 moverit
507 3407 583 3455 per
617 3392 821 3457 pecunias
867 3389 1202 3458 dispensatorem
1232 3432 1246 3457 ,
1305 3412 1380 3446 aut
1415 3395 1681 3449 defensorem
1717 3432 1730 3457 ,
1768 3395 1841 3455 vel
1876 3392 2113 3444 manfiona-

283 3459 396 3507 rium
417 3493 433 3519 ,
467 3459 540 3507 vel
575 3477 844 3528 quemquam
879 3465 1060 3514 omnino
1095 3468 1175 3533 qui
1210 3465 1419 3533 subjefiws
1454 3468 1515 3518 est
1551 3466 1706 3530 regulae
1745 3501 1758 3526 ,
1797 3482 1878 3534 pro
1914 3463 2006 3568 suff)s
2024 3481 2114 3513 tur.-

338 3551 339 3554 ,
1939 3546 1971 3579 pr
1998 3546 2067 3569 imo
