2340 3736
70 3128 177 3159 collat.
195 3135 221 3158 c.

698 91 763 122 ne
801 85 1027 134 QUINTA
1063 71 1302 120 SYNODO
1334 86 1659 121 GENERALI.

259 162 348 197 dicio
374 159 625 198 contradictorio
646 180 656 196 ‚
681 157 715 194 ὃς
740 155 826 199 apud
845 135 1028 191 *Theodori
1051 155 1135 203 Cap-

258 213 391 255 padocis
402 208 603 252 Act-‘phalam
618 208 791 243 faffionem
815 205 994 240 admodum
1016 206 1135 241 exosa,

199 285 224 308 ,--,
257 267 294 296 In
317 260 434 304 ipsam,
458 258 562 301 inquit
575 257 768 296 Facundus,
794 264 946 300 congerunt
970 257 1066 289 multa
1084 261 1137 288 cri·

257 316 341 346 mina
367 335 374 343 .
412 307 590 345 Praesertim
617 307 707 350 quod
736 305 955 343 Theodorum
983 306 1136 349 Mopsue-

254 361 401 396 stiensem
414 384 425 401 ,
452 369 619 401 tamquam
644 356 879 395 nobilissimum
902 354 1053 391 Ecclefiae
1065 356 1134 389 Do·

252 411 394 451 (torem,
421 408 578 445 laudarit.
605 407 699 442 Hinc
723 418 758 440 ut
776 405 1002 440 Nestorianam
1026 404 1137 440 volue-

251 473 286 494 re
309 460 519 503 proscriptam
544 483 550 489 .
581 458 704 493 Eorum
728 456 882 491 Edictum
905 453 1046 489 habebat
1068 452 1135 487 haec

251 511 365 544 verba:
395 515 514 551 Oportet
538 509 641 551 aperti
661 505 800 550 inspicere
827 506 872 537 ad
891 507 1003 537 Marim
1023 503 1135 545 Episto-

252 562 313 596 lam
333 586 343 600 ,
371 566 470 592 omnia
489 560 606 601 quidem
620 555 681 598 fine
706 557 765 589 Deo
789 557 824 588 &
845 556 935 596 impie*
961 555 1106 587 dicentem
1124 566 1132 595 3

251 611 326 642 illud
345 610 547 645 tantummode
570 607 760 648 ostendentem
784 604 857 641 bene
878 628 889 644 ,
926 609 995 646 quia
1021 615 1058 636 ex
1085 604 1133 637 illo

250 659 416 694 Theodorus
428 682 438 701 ‚
459 666 517 701 per
527 662 678 690 Orientem
696 660 729 688 in
741 653 866 696 Ecclefia
891 653 1132 687 anathematiza-

249 718 299 742 tus
310 710 365 752 est.
393 706 579 747 Rabulam‚
605 704 694 749 quod
705 702 926 740 Theodorum
951 702 1127 746 publicein

248 760 392 793 Ecclesia
416 766 581 799 tamquam
600 753 786 788 haereticum
809 751 1130 795 anathematizasset,

248 820 286 845 ut
307 808 449 843 civitatis
475 805 639 842 Edessena
659 815 835 847 tyrannum
863 827 874 843 ,
901 814 968 837 non
995 803 1129 846 Episco-

249 870 327 902 pum
351 857 491 891 traducit
514 854 662 898 Epistola
688 879 699 894 ‚
725 851 873 899 istudque
903 851 1076 887 anathema
1093 864 1130 886 ac

247 909 311 944 lbae
320 906 361 941 de
373 906 433 940 illo
456 905 682 941 testimonium
695 905 857 940 adseverat
882 904 976 937 factio
987 905 1049 941 effe
1061 904 1130 936 uni-

245 967 320 991 cum
339 956 372 990 in
386 956 451 1000 ipsa
476 965 672 990 contentum
684 954 826 989 bonum.
855 954 898 989 Et
916 952 995 989 hinc
1019 953 1059 987 ad
1073 952 1132 986 Vi.

243 1008 362 1051 gilium
384 1005 582 1044 Pontificem
604 1005 690 1038 dixit
713 1005 747 1040 in
767 1004 947 1038 Conventu
971 1003 1131 1040 Constan.

244 1057 471 1100 tinopolitano
497 1056 584 1090 idem
603 1054 795 1094 Facundus.
822 1056 887 1096 Ego
901 1053 1004 1094 fateor
1019 1052 1133 1094 simpli-

245 1113 317 1141 citer
327 1107 517 1140 Beatitudini
535 1105 639 1146 vestrae
653 1130 663 1144 ,
690 1116 747 1137 non
764 1112 821 1146 pro
833 1104 976 1140 Theodori
1001 1103 1133 1145 Mopsue-

240 1156 316 1197 sscm‘
336 1158 528 1190 damnatione
554 1166 601 1192 me
623 1156 912 1191 &contradicentium
936 1159 1131 1188 communione

239 1207 418 1250 subtraxiffb
437 1231 445 1238 .
473 1211 533 1242 Hoc
542 1211 622 1240 enim
634 1230 645 1246 ,
671 1205 722 1241 vel
722 1203 753 1246 fi
759 1203 984 1248 approbandum
1007 1202 1108 1243 nonfit
1122 1225 1133 1241 ‚

242 1256 408 1298 ferendum
420 1265 523 1290 tamen
544 1254 697 1295 existimo,
724 1264 776 1287 nec
794 1262 915 1290 tantam
937 1253 990 1295 effla
1011 1251 1130 1294 causam

238 1307 338 1350 judico
364 1329 375 1345 ,
408 1313 463 1348 pro
483 1316 543 1347 qua
565 1304 735 1338 deberemus
769 1304 790 1337 ἃ
814 1308 1011 1338 communione
1034 1302 1131 1334 multi-

246 1357 369 1389 tudinis
392 1354 543 1399 segregari
566 1378 577 1394 ‚
599 1352 657 1397 sed
679 1358 750 1395 quia
774 1363 812 1386 ex
835 1351 962 1395 perfima
988 1351 1130 1385 Theodori

245 1405 409 1448 Epistolam
431 1405 492 1438 Ibae
505 1404 713 1445 Nestorianam
721 1403 847 1445 probare
873 1400 1071 1447 conatisunt,
1097 1405 1131 1436 Θ·

243 1468 283 1491 ex
295 1455 429 1498 Epistola
451 1456 611 1496 synodum,
637 1456 728 1496 aqua
746 1451 879 1496 suscepta
904 1452 962 1493 est,
987 1451 1130 1495 improba-

242 1517 276 1539 re
300 1529 308 1537 .
337 1504 445 1543 Addit
467 1506 501 1540 in
525 1504 610 1541 libro
630 1515 747 1539 contra
771 1502 964 1540 Moe-Ianum
989 1527 995 1534 .
1022 1506 1059 1534 In
1079 1502 1124 1534 bis

244 1555 346 1589 verbis
368 1553 627 1600 meis-cognoscitis
634 1562 690 1596 pro
712 1552 947 1596 llatugeneralis
971 1554 1131 1590 synodime

237 1605 328 1650 fuiffe
349 1603 529 1648 sollicitum,
556 1615 593 1638 ne
614 1605 695 1646 quod
718 1601 856 1643 Acepbali
876 1602 993 1645 semper
1014 1600 1129 1644 quaefie-

246 1664 319 1690 runt
337 1679 348 1696 ‚
376 1660 408 1691 in
429 1655 668 1692 retraeei'ationem
690 1652 819 1691 dedac‘la
838 1651 1033 1699 frangeretur
1064 1653 1127 1693 eius

245 1704 426 1739 aucqoritas.

295 1754 503 1800 Qapropter
529 1752 681 1797 Epistolae
705 1753 771 1788 fine
793 1751 918 1795 Synodi
946 1750 1126 1786 Chalcedo-

243 1804 351 1837 nenfis
372 1801 547 1837 manifesto
569 1802 701 1836 vulnere
723 1800 913 1837 damnandae
932 1803 1036 1837 varias
1046 1812 1127 1845 quae-

242 1852 312 1889 sivit
323 1853 390 1887 vias
400 1852 481 1889 dieta
493 1853 612 1887 factio.
640 1852 724 1888 Eam
734 1850 834 1896 aliqui
850 1851 918 1887 faffi
940 1853 1012 1886 sunt
1027 1852 1124 1885 susce-

245 1903 378 1949 ptam&
389 1903 559 1946 probatam
571 1905 588 1936 a
601 1901 738 1945 Synodo
751 1926 763 1942 ‚
788 1902 832 1935 ast
846 1900 994 1936 addidere
1015 1901 1122 1935 datam

243 1964 302 1997 pro
315 1952 372 1987 illa
393 1953 584 1987 sententiam
597 1950 637 1987 ad
650 1952 742 1986 istiu-s
767 1952 895 1986 decreta
910 1949 1046 1984 minime
1058 1962 1125 1994 per-

243 2003 348 2037 tinere
360 2025 371 2041 ‚
394 2002 511 2045 utpote
525 2003 632 2036 datam
657 2002 727 2045 post
740 1999 901 2045 Eutychis
926 2002 958 2037 δε
971 2001 1121 2035 Dioscori

244 2051 517 2090 damnationem,
541 2053 574 2085 &
598 2050 826 2086 definitionem
851 2050 926 2084 fidei
951 2076 957 2083 .
984 2051 1064 2099 Qo
1088 2052 1120 2084 in

244 2100 463 2136 fundamento
483 2127 492 2142 ,
518 2102 677 2145 quoniam
699 2101 798 2144 longe
825 2100 987 2134 verisfimo
1013 2124 1023 2140 ,
1061 2101 1123 2135 uti·

244 2162 320 2185 nam
345 2151 572 2194 perstitissent.
600 2150 891 2186 Restantem·enim
914 2149 1123 2185 Chalcedone

242 2201 261 2238 ὰ
283 2203 369 2235 sexta
380 2200 523 2235 Aetione
545 2202 667 2243 perasta
689 2199 925 2244 Episcopomm
946 2211 1123 2245 congrega-

237 2252 371 2286 tionem
383 2261 450 2288 nou
464 2251 555 2285 fuisse
566 2250 756 2294 synodalem
765 2274 775 2290 ‚
806 2261 867 2284 nec
878 2249 946 2292 ejus
959 2248 1038 2286 Ad'ta
1046 2261 1124 2284 con-

242 2302 369 2336 firmata
388 2303 406 2336 a
429 2301 546 2335 Sancto
571 2302 684 2336 Leone
707 2300 895 2340 Pontifice,
921 2299 1063 2341 superius
1074 2299 1118 2333 est

242 2350 426 2386 ostensum.
455 2351 497 2386 Et
512 2348 558 2384 hae
579 2352 652 2386 sunt
672 2350 833 2390 tenebrae,
855 2349 895 2391 jn
918 2349 1038 2392 quibus
1064 2351 1119 2383 Fa-

242 2401 368 2435 cundus
381 2412 454 2436 cum
466 2401 596 2444 reliquis
608 2401 705 2434 trium
719 2399 950 2443 Capitulorum
975 2399 1117 2433 defenso-

242 2451 330 2485 ribus
342 2451 513 2485 caecutiens
535 2451 679 2486 animam
698 2452 786 2486 suam
805 2450 985 2485 &omnem
1009 2449 1120 2483 Eccle-

243 2501 319 2535 siam
330 2501 510 2545 gravissime
523 2499 595 2535 laefit
609 2525 615 2532 .

292 2551 363 2585 Alii
377 2551 394 2583 a
406 2550 544 2594 Synodo
559 2549 818 2584 Chalcedonenfi
833 2550 1006 2593 susceptam
1028 2549 1118 2584 dixe-

243 2613 275 2635 re
289 2611 355 2634 non
369 2600 408 2633 ad
432 2600 557 2634 Marim
572 2599 704 2633 Perfidis
717 2600 915 2643 Episcopum
936 2600 1097 2641 Epistolam
1109 2623 1119 2638 ,

239 2650 298 2694 sed
317 2649 507 2693 nescioquam
525 2648 704 2692 scripturam
726 2649 972 2692 postulationis&
986 2652 1117 2691 depreca-

242 2706 331 2733 tionis
345 2724 354 2742 ,
380 2711 467 2742 quam
490 2698 592 2732 Phario
605 2724 616 2740 ,
642 2699 839 2739 &Eustatio,
868 2701 901 2733 ὢ·
914 2704 1022 2732 Urania
1044 2703 1120 2742 Epi-

239 2749 335 2793 scopis
349 2750 382 2783 in
406 2749 541 2792 synodo
552 2749 716 2794 Berytenfi
745 2749 895 2783 adunatis
906 2755 1000 2781 omnis
1013 2751 1118 2783 clerus

244 2801 397 2843 Edeffenae
419 2806 551 2834 civitatis
571 2808 627 2842 pro
652 2800 707 2832 Iba
730 2797 871 2842 Episcopo
897 2798 1014 2842 miserat
1033 2825 1039 2832 .
1071 2799 1119 2835 At

200 2889 206 2897 ¹
243 2849 308 2882 illis
318 2847 399 2882 reete
409 2849 577 2892 respondet
587 2849 775 2885 Facundus.
804 2852 910 2891 Aperto
921 2860 971 2883 nos
997 2851 1119 2883 menda-

242 2905 283 2932 cio
294 2901 423 2940 deripere
446 2901 620 2934 voluerunt.
649 2900 748 2934 Varia
760 2898 827 2941 ejus
850 2899 1001 2933 refutatio
1012 2900 1119 2934 videa-

241 2959 294 2982 tur
315 2948 400 2994 apud
422 2948 563 2984 eundem
584 2949 780 2994 Scriptorem
801 2972 808 2980 .
836 2947 881 2982 Et
901 2948 981 2983 hinc
1002 2948 1120 2985 Theo-

240 2999 341 3033 dorus
376 2999 410 3033 in
446 2999 653 3042 Cappadocia
690 2999 894 3034 Caesareenfis
922 3023 932 3039 ‚
968 2997 1118 3034 Andreas

241 3047 422 3093 Ephelinus
435 3071 446 3088 ‚
476 3048 640 3093 Megetius
662 3049 697 3083 in
722 3047 869 3083 Thracia
880 3047 1116 3092 Heracleensis,

241 3099 275 3135 ἀ
301 3098 462 3133 Eusebius
487 3097 670 3141 Tyriorum
697 3097 992 3143 ArchiAEpiscopus
1019 3100 1116 3134 aliam

241 3149 327 3183 viam
351 3149 383 3182 δε
406 3147 654 3184 fundamentum
677 3149 819 3193 praesenti
833 3150 971 3192 Synodo
991 3150 1118 3195 sugges-

240 3199 364 3233 seruntt
391 3201 428 3232 In
450 3200 586 3233 Conciliis
608 3210 665 3231 non
674 3205 760 3232 unius
783 3207 836 3233 aut
853 3197 978 3244 secundi
1001 3201 1116 3234 interlo-

239 3254 381 3282 tutionem
400 3249 550 3283 attendere
569 3255 701 3290 oportet,
724 3247 782 3293 sed
801 3248 883 3286 hece,
909 3259 976 3291 quae
985 3260 1107 3283 commu-

241 3301 319 3331 niter
337 3298 378 3331 ab
387 3298 522 3332 omnibus
546 3301 601 3332 vel
618 3298 811 3342 amplioribus
822 3297 1019 3339 definiuntur.
1047 3299 1116 3334 Ad-

241 3345 392 3382 diderunt
411 3347 475 3382 Iba:
497 3349 676 3393 Epistolarn
701 3359 768 3381 non
792 3348 811 3381 a
832 3349 953 3382 cunetis
977 3348 1116 3383 Chalce-

239 3394 328 3432 done
347 3397 515 3444 Episcopis
528 3423 539 3439 ,
565 3398 732 3436 sedasolis
752 3397 863 3442 paucis
879 3396 1055 3439 judicatam
1067 3411 1117 3434 or-

1913 88 2000 135 165

1197 152 1396 187 thodoxam.
1424 153 1518 201 Qin
1538 155 1642 188 immo
1667 165 1823 200 pergunt.
1850 160 1879 191 51·
1903 161 2010 202 aliquis
2035 171 2078 196 re-

1195 202 1321 246 quisierit
1339 205 1373 238 (θ’
1394 214 1449 244 ea,
1470 203 1542 245 'quae
1564 205 1602 235 ab
1625 217 1681 238 uno
1706 207 1758 240 vel
1772 206 1900 249 secundo
1919 210 2004 252 quasi
2021 219 2078 253 pro

1197 253 1453 295 eademiEpistola
1471 253 1554 289 dibla
1570 251 1642 296 sunt
1655 279 1666 296 ,
1687 258 1881 300 plem'fflmam
1902 264 1934 291 in
1953 260 2018 300 ipfir
2033 266 2078 294 in-

1199 302 1447 351 venieprssolae
1458 302 1625 348 ejectionem
1639 328 1646 336 .
1672 306 1736 349 Aju
1743 316 1779 340 nt
1792 318 1859 342 uon
1873 308 2048 350 susceptam
2066 334 2078 349 ,

1197 354 1251 388 sed
1271 354 1521 394 diffimulatam,
1549 351 1705 396 Ibamque
1727 358 1940 398 poenitentem
1951 358 2076 400 dispen-

1197 404 1312 438 satorie
1332 413 1494 447 receptam
1506 427 1516 443 ‚
1543 403 1645 447 gratia
1658 403 1725 446 ejus
1743 406 1822 440 senii
1845 405 1968 442 &odio
1980 407 2076 442 latro-

1196 453 1275 487 cinii
1304 453 1478 497 Ephesini.
1506 452 1645 487 Ethanc
1671 454 1756 491 viam
1782 456 1925 498 probasse
1947 456 2074 492 videtur

1199 504 1305 538 nostra
1332 503 1485 548 Synodus
1509 527 1519 543 ,
1545 503 1579 536 ἀ
1604 502 1732 539 addidit
1755 517 1766 537 .·
1793 508 1944 547 ‚Quomodo
1961 507 2076 550 praesu.
2096 501 2205 534 collat.
2223 504 2252 532 8.

1195 563 1280 589 munt
1305 556 1396 596 aliqui
1422 555 1517 586 dicere
1538 552 1623 594 istam
1648 558 1773 594 impiam
1799 555 1961 596 Epistolam
1980 557 2077 601 fi‘fi‘e·

1189 612 1280 651 ptam
1300 604 1350 646 esse
1363 606 1383 636 a
1391 602 1493 647 samqo
1510 604 1636 640 Concilio
1657 602 1899 645 Chalcedonenfi?

1241 654 1325 701 Qae
1335 654 1448 690 omnia
1462 664 1529 687 non
1546 655 1621 687 sunt
1638 653 1767 696 penitus
1791 654 1913 687 aliena.
1943 655 2074 694 Etenim

1194 704 1227 741 in
1243 702 1423 745 Epistulam
1448 703 1575 738 nullum
1594 703 1759 738 firmatum
1781 704 1843 737 fuit
1857 704 2012 747 synodale
2031 707 2076 749 ju.

1194 753 1317 787 dicium
1332 777 1343 792 ,
1370 753 1422 786 sed
1444 752 1530 786 varie
1550 754 1590 787 de
1612 753 1679 796 ipsa
1701 765 1738 788 ac
1761 753 1827 788 Ibae
1850 755 1984 796 persona
2003 757 2076 791 sunt

1195 803 1380 837 interlocuti
1403 802 1576 846 Episcopi,
1603 802 1721 847 longas
1742 803 1808 845 ejus
1833 804 1974 838 miserias
1986 805 2079 838 mise-

1194 853 1275 893 rati,
1300 852 1450 896 atqueita
1474 853 1560 896 quafi
1582 863 1638 896 per
1658 854 1928 888 acclamationem
1951 854 1996 888 est
2011 854 2078 888 red-

1193 904 1280 938 ditus
1292 902 1456 939 honori&
1478 903 1552 937 sedi
1567 903 1770 946 Episcopali.
1798 905 1915 948 Legati
1929 903 2076 941 Romani

1194 955 1268 991 sunt
1291 953 1478 988 interlocuti
1504 952 1570 987 hoc
1593 952 1714 987 modo:
1741 954 1868 986 Releliis
1893 953 2007 987 chartis
2021 957 2078 998 Sy-

1195 1003 1274 1040 nodi
1298 1003 1482 1045 Berytenfis
1505 1028 1515 1044 ‚
1541 1009 1714 1047 agnovimus
1738 1005 1823 1036 Ibam
1847 1010 2005 1037 innoxium
2026 1013 2079 1047 ap-

1189 1053 1312 1095 probari
1323 1065 1332 1094 3
1360 1053 1468 1086 reledla
1489 1055 1554 1094 ejus
1567 1053 1701 1095 Epistola
1716 1078 1727 1093 ,
1753 1060 1926 1096 agnovimus
1938 1067 2003 1087 eum
2025 1057 2076 1097 esse

1193 1102 1386 1139 orthodoxum
1407 1128 1413 1134 .
1442 1103 1485 1136 Et
1507 1105 1670 1146 Iuvenalis
1693 1103 1933 1149 Hierosolymae
1945 1104 2078 1147 Episco-

1194 1163 1271 1196 pus.
1299 1154 1362 1195 ,Qui
1383 1161 1615 1192 convertuntur,
1641 1152 1693 1185 hos
1716 1156 1869 1195 scriptura
1892 1156 2008 1187 Divina
2026 1153 2076 1198 su-

1189 1203 1264 1246 scipi
1279 1203 1367 1243 jubet
1395 1214 1406 1234 .·
1433 1205 1623 1245 ,Quapropter
1646 1204 1679 1237 (Ὗ
1701 1200 1768 1243 eos',
1794 1209 1844 1245 qui
1867 1204 1904 1236 ab
1929 1203 2076 1237 haereticis

1194 1261 1385 1286 revertuntur
1402 1275 1413 1290 ,
1432 1250 1608 1296 suscipimus
1632 1277 1639 1283 .
1666 1255 1750 1285 Unde
1771 1255 1915 1294 provideo
1936 1266 2075 1287 reveren-

1192 1303 1331 1342 dtffimum
1342 1301 1428 1338 Ibam
1438 1307 1596 1343 impetrare
1614 1302 1800 1335 clementiam
1813 1326 1824 1342 ‚
1850 1310 1922 1345 quia
1946 1306 1979 1337 <u
1983 1303 2074 1347 senex

1193 1352 1251 1394 est,
1277 1361 1311 1386 ut
1321 1351 1430 1384 babeat
1457 1350 1655 1394 Episcopatus
1669 1354 1800 1395 gradum
1811 1352 1985 1386 orthodoxus
2014 1361 2077 1386 exi-

1187 1402 1267 1443 stens
1286 1428 1293 1434 .
1322 1402 1364 1434 Et
1384 1402 1570 1435 Eunomius
1593 1401 1810 1445 Metropolita
1838 1402 2073 1437 Nicomedien-

1192 1452 1232 1488 s1s
1256 1477 1262 1483 .
1290 1452 1410 1487 Dudum
1431 1463 1469 1485 ex
1492 1451 1604 1488 relediis
1626 1457 1767 1485 innoxius
1798 1453 2011 1493 demonstratus
2033 1453 2072 1493 est

1192 1503 1441 1542 reverendiffimus
1462 1501 1551 1542 Iba53
1582 1508 1614 1534 in
1624 1503 1731 1543 quibus
1751 1507 1840 1535 etiam
1870 1501 1951 1546 visus
1965 1502 2003 1543 est
2021 1504 2077 1536 cul-

1187 1561 1265 1597 pare
1275 1553 1352 1585 male
1364 1554 1483 1595 loquens
1508 1552 1695 1591 beatissimum
1716 1553 1874 1592 cyrillum,
1900 1559 1932 1584 in
1938 1552 2075 1594 posterio-

1191 1602 1271 1635 ribus
1283 1602 1358 1636 recft'e
1370 1600 1510 1645 confeffus
1530 1600 1640 1644 respuit
1649 1603 1705 1634 illa
1719 1625 1729 1641 ‚
1755 1602 1859 1645 quibus
1879 1603 2071 1644 culpaverat.

1192 1652 1282 1687 Male
1318 1652 1492 1685 Facundus
1538 1651 1604 1686 hoc
1650 1652 1745 1684 unius
1777 1651 1932 1695 Episcopi
1967 1653 2075 1686 suffra-

1191 1700 1403 1746 giumlaudat
1417 1711 1582 1744 tamquam
1605 1701 1766 1745 judicium
1787 1702 1966 1744 synodale.
1996 1702 2074 1736 Am-

1191 1752 1286 1796 bigua
1306 1751 1351 1785 est
1363 1750 1491 1794 Synodi
1505 1752 1683 1785 sententia:
1712 1752 1802 1785 Nam
1824 1752 1904 1785 &ut
1917 1753 2072 1795 suspec'ius

1188 1802 1285 1844 juffus
1296 1802 1340 1835 est
1355 1801 1427 1835 lbas
1440 1801 1630 1837 Nestorium
1643 1800 1786 1843 abjurare
1800 1827 1806 1833 .
1836 1801 2066 1836 Nihilominus

1189 1852 1305 1896 Legati
1321 1851 1525 1894 Apostolici‚
1549 1863 1632 1894 quos
1652 1853 1758 1885 cuncti
1780 1852 1813 1885 in
1826 1850 1890 1885 hoc
1915 1853 2071 1895 Episcopi

1189 1901 1337 1935 videntur
1358 1901 1457 1934 secuti
1482 1925 1492 1941 ,
1519 1901 1703 1944 Epistolam
1727 1901 1898 1938 innoxiam
1920 1926 1931 1942 ,
1957 1903 2072 1943 utique

1188 1951 1228 1985 ab
1241 1951 1340 1985 haercfi
1355 1951 1548 1986 Nestoriana
1562 1975 1572 1990 ‚
1601 1952 1858 1994 pronunciarunt
1871 1976 1878 1983 .

1237 2002 1320 2035 Earn
1342 2001 1436 2034 omni
1454 2012 1526 2034 »non
1548 2013 1655 2035 carere
1676 2012 1767 2034 naevo
1794 2002 1919 2045 liquet,
1945 2013 1982 2035 ac
2008 2002 2073 2045 ipse

1187 2051 1358 2085 Facundus
1370 2051 1488 2085 fatetur
1498 2076 1505 2083 .
1532 2052 1587 2084 De
1599 2052 1719 2084 San&
1733 2051 1864 2093 Cyrillo
1877 2075 1886 2090 ‚
1911 2052 1978 2094 ejus
1989 2051 2069 2084 duo-

1186 2101 1290 2135 decim
1302 2101 1462 2143 Capitulis
1475 2125 1485 2140 ,
1512 2112 1550 2133 ac
1562 2099 1720 2144 Ephesma
1732 2100 1867 2142 synodo
1880 2101 2010 2144 pessime
2026 2103 2073 2135 lo-

1186 2150 1471 2194 quiturEpistola.
1498 2148 1752 2192 AitaCyriHo,
1778 2150 1856 2184 dum
1881 2161 1955 2184 curn
1978 2151 2072 2194 Joan-

1188 2212 1227 2234 ne
1243 2199 1428 2235 Patriarcha
1443 2198 1655 2235 Antiocheno
1667 2212 1704 2234 ac
1726 2201 1794 2243 ejus
1808 2201 1946 2243 Synodo
1959 2213 2070 2244 pacem

1187 2251 1283 2292 iniit,
1309 2250 1392 2283 dicta
1405 2250 1576 2293 capitula,
1604 2250 1691 2293 quod
1717 2250 1964 2293 Apollinarium
1988 2253 2071 2285 faete-

1185 2312 1279 2340 rent,
1304 2300 1398 2333 fuisse
1428 2310 1590 2336 recantata
1612 2325 1619 2332 .
1667 2303 1819 2340 Putavit,
1844 2302 1926 2342 quod
1952 2303 2069 2334 Beatus
2087 2320 2222 2351 L-6.c.1.

1184 2352 1308 2389 cyrillus
1318 2375 1328 2389 ,
1354 2349 1524 2390 diredlafibi
1533 2348 1571 2382 ab
1585 2350 1786 2383 Orientalibus
1798 2350 1960 2391 confesfione
1975 2377 1984 2391 ,
2012 2363 2068 2384 non

1183 2411 1359 2434 communem
1363 2400 1458 2442 fidem
1469 2406 1501 2432 in
1513 2411 1547 2435 ea
1560 2406 1723 2444 cognoverit
1737 2425 1746 2441 ‚
1764 2398 1821 2442 sed
1827 2407 1978 2442 proprium
1991 2413 2068 2433 erro-

1182 2461 1243 2485 rem
1254 2455 1430 2484 correxerit.
1456 2450 1511 2485 De
1523 2450 1643 2491 quibus
1667 2450 1821 2484 omnibus
1842 2451 1921 2483 reci&
1946 2452 2067 2484 Facun-

1183 2500 1244 2534 dus
1256 2525 1263 2532 .
1291 2501 1387 2543 ,Quod
1395 2511 1487 2542 neque
1504 2511 1556 2532 nos
1569 2524 1578 2540 ‚
1606 2511 1696 2542 neque
1705 2501 1831 2539 synodus
1848 2500 2065 2534 Chalcedonen-

1175 2549 1217 2593 fis
1241 2550 1421 2592 approbavit
1431 2575 1439 2582 .
1466 2549 1584 2584 Pravas
1596 2572 1607 2589 ‚
1631 2551 1763 2592 inquam
1777 2573 1787 2589 ,
1815 2548 1891 2586 istas
1914 2551 2066 2593 suspicio-

1183 2611 1239 2635 nes
1250 2600 1448 2643 improbavit
1459 2624 1469 2639 ,
1485 2601 1519 2634 ὅ(
1532 2600 1633 2644 gratia
1645 2600 1731 2645 pacis
1742 2599 1879 2634 donavit
1891 2600 2044 2643 Synodus
2054 2625 2065 2641 ‚

1181 2662 1290 2684 earum
1304 2661 1413 2684 tamen
1435 2651 1528 2682 causa
1552 2649 1731 2693 Epistolam
1753 2648 1793 2682 de
1818 2649 1971 2683 Nestorio
1998 2662 2066 2683 non

1180 2700 1367 2734 damnavit:
1396 2702 1548 2742 ‚Quoniam
1569 2700 1651 2742 longi?
1673 2700 1795 2732 alterius
1819 2705 1924 2732 erroris
1949 2699 2002 2740 hoc!
2018 2712 2067 2732 no*
2083 2709 2155 2745 Cap,
2176 2719 2200 2739 χ,

1180 2761 1247 2784 men
1259 2749 1314 2790 est.
1344 2754 1415 2782 Non
1430 2751 1467 2783 de
1483 2748 1599 2787 Christo
1610 2772 1619 2787 ‚
1639 2748 1696 2791 sed
1708 2751 1744 2782 de
1759 2752 1851 2781 Beato
1865 2751 1969 2789 Cyrillo
1994 2750 2063 2782 Iba:
2085 2750 2157 2787 Cap.
2173 2760 2200 2786 4.

1180 2801 1257 2835 male
1272 2800 1398 2833 credidit
1411 2813 1422 2833 .·
1449 2801 1530 2843 ,Quae
1543 2801 1600 2832 duo
1620 2797 1644 2838 fi
1661 2797 1911 2842 discriminaveris
1923 2824 1933 2840 ,
1960 2800 2065 2839 Nesto-

1179 2856 1300 2883 rianam
1311 2861 1367 2884 non
1380 2851 1459 2884 dices
1474 2849 1638 2891 Epistolam
1649 2874 1660 2890 ‚
1685 2861 1775 2896 quam
1798 2851 1923 2888 synodus
1936 2849 2065 2886 Catholi-

1179 2911 1245 2934 cam
1258 2902 1339 2934 dixit
1350 2924 1358 2932 .

1230 2950 1370 2984 Praesens
1397 2948 1614 2984 nihilominus
1648 2949 1799 2993 Synodus
1830 2950 1996 2986 damnavit
2024 2961 2061 2987 ut

1181 2998 1432 3040 Nestorianam,
1458 3000 1616 3034 mandans
1626 3000 1889 3034 anathematizari
1914 3002 2063 3044 &ipsam

1178 3049 1385 3093 &defensores
1405 3052 1491 3091 ejus,
1518 3052 1552 3085 dt
1572 3062 1640 3091 eos,
1667 3057 1717 3093 qui
1737 3052 1838 3085 dicunt
1853 3061 1920 3085 eam
1950 3051 2063 3084 retiam

1178 3098 1240 3142 esse
1260 3123 1270 3138 ,
1304 3100 1353 3133 vel
1379 3107 1501 3142 partem
1530 3102 1593 3140 ejus
1616 3125 1627 3140 ‚
1663 3103 1697 3135 (ff
1733 3113 1780 3134 eos
1802 3125 1813 3142 ,
1861 3106 1913 3144 qui
1940 3099 2062 3143 scripse-

1178 3159 1251 3183 runt
1263 3151 1315 3182 vel
1319 3148 1451 3192 scribunt
1457 3157 1512 3190 pro
1524 3162 1559 3182 ea
1573 3174 1583 3189 ,
1608 3151 1661 3183 vel
1673 3159 1730 3193 pro
1741 3156 1891 3192 impietate
1900 3174 1910 3190 ,
1936 3162 2002 3193 quae
2029 3155 2062 3183 in

1178 3211 1212 3232 ea
1222 3205 1381 3232 continetur
1395 3223 1405 3238 ,
1431 3201 1465 3233 (τ
1473 3198 1660 3243 praesumunt
1669 3212 1734 3234 eam
1746 3201 1908 3242 defendere
1919 3225 1928 3239 ,
1954 3201 2007 3232 vel
2014 3206 2060 3231 in-

1174 3249 1287 3293 sertam
1296 3254 1320 3281 ei
1333 3255 1516 3290 impietatem
1528 3256 1642 3283 nomine
1654 3249 1823 3294 sandlorum
1834 3253 1966 3286 ,Parrum
1977 3274 1988 3291 ,
2011 3250 2063 3283 vel

1175 3299 1273 3343 saniir·
1295 3298 1534 3340 Chalcedonenfis
1558 3301 1700 3341 concilii,
1727 3302 1761 3335 Ca·
1782 3305 1813 3332 in
1837 3299 1885 3333 bis
1909 3297 1997 3342 usque
2017 3300 2062 3333 ad

1180 3357 1301 3382 mortem
1307 3356 1488 3390 permanent
1500 3374 1507 3381 .
1537 3349 1620 3383 Earn
1633 3350 1764 3383 damnat
1780 3373 1791 3389 ,
1805 3360 1872 3383 non
1886 3350 2063 3384 solummo-

1180 3398 1224 3435 ἀὸ
1235 3398 1279 3434 ob
1287 3398 1501 3434 calumniosas
1512 3399 1546 3433 in
1557 3400 1705 3434 Sanstum
1720 3398 1884 3443 Cyrillum
1908 3399 1942 3433 ὅ(
1956 3398 2061 3441 Ephe-

1912 3450 2014 3483 finam
