2340 3736
87 2415 147 2450 L·7.
157 2423 179 2445 c·
190 2424 239 2451 ²4·

95 3323 184 3363 Apol·
199 3325 225 3352 22

591 85 676 128 At>
710 81 999 127 SYNODuM
1036 80 1634 126 CuAtcrnounuer.

268 168 410 202 Curialis
446 166 587 203 summas
617 167 773 210 irrogarat
812 164 944 207 injurias
964 189 973 198 .
1008 165 1142 199 EtenIm

268 218 487 254 Theodoram
505 217 686 261 legitimam
707 228 744 249 ac
765 215 915 252 dilectam
937 227 1074 251 uxorem
1096 215 1143 250 illi

267 277 415 312 rapuerat
426 293 434 303 .
463 266 556 300 Hinc
570 265 779 300 Alexandria:
790 265 1123 310 desperansjustitiam
1136 290 1146 306 ,

268 315 600 360 Constantinopolim
613 316 694 350 abiit
705 314 745 350 ad
761 315 949 359 Principem
963 340 974 358 ,
1001 315 1146 351 obtinuit

268 367 495 411 Rescriptum,
534 379 572 400 ac
597 376 822 407 executorem,
847 367 951 401 virum
979 365 1145 401 strenuum

265 416 508 455 Theodorum,
533 417 700 461 Agentem
723 417 759 450 in
782 415 876 450 rebus
890 438 898 447 .
925 414 1051 448 Veriim
1078 418 1146 447 Dio-

259 465 359 510 scorus
378 473 477 501 omnia
488 468 627 500 indevote
635 478 750 511 agens,
775 462 995 508 arbitratusque
1014 463 1048 507 se
1056 463 1146 509 super

263 529 364 550 omnes
382 518 454 560 effe,
492 527 583 560 neque
603 516 772 559 imperialia
793 518 920 547 Decreta
932 538 943 554 ,
969 525 1059 556 neque
1085 528 1148 547 ma-

260 566 389 612 gnificas
408 569 429 599 ἃ
451 570 661 600 Praetoriorum
681 563 837 608 Praefeffls
859 566 951 597 datas
978 562 1146 607 sementias

263 617 384 656 concefft
394 621 500 660 exequi
511 641 522 656 ,
549 618 647 650 dicens
656 614 742 659 suam
761 620 856 657 magis
867 615 918 658 effe
931 616 1123 647 Provinciam
1136 640 1145 655 ‚

264 680 355 711 quam
370 672 583 710 Imperatorum
596 690 603 697 .
629 665 722 711 Qin
736 664 771 700 δε
783 663 941 700 Isidorum
955 665 1146 701 Diaconum

264 728 340 751 cum
351 726 477 751 armato
488 715 681 749 rusticorum
703 713 915 748 &latronum
928 714 1059 759 agmine
1070 716 1148 750 emi-

264 768 302 800 fit
317 791 328 807 ‚
355 767 410 807 qui
422 764 645 809 Sophronium
653 764 694 798 de
704 763 814 798 medio
825 765 949 799 auferre
960 775 1128 800 tentarunt
1138 788 1148 804 ‚

264 817 297 852 ὃς
336 815 554 849 Executorem
590 812 791 858 abegerunt.
819 814 929 849 Etiam
956 826 1072 849 omnes
1093 817 1146 850 So·

264 863 395 909 phronii
418 864 587 899 facultates
600 864 785 898 invaserunt
798 889 808 905 ‚
833 865 1023 909 coastusque
1034 864 1088 901 ille
1100 865 1145 899 est

262 925 338 949 cum
358 914 447 957 prole
466 914 523 949 sua
548 914 656 949 nudus
677 914 711 949 &
731 913 826 957 inops
850 914 1003 958 aufugere
1021 939 1028 946 .
1067 916 1149 950 Haec

261 964 376 998 omnia
400 963 560 998 Pontifici
584 964 618 998 dc
644 964 786 1008 praesenti
813 964 951 1007 Synodo
972 965 1149 1009 exposuit,

260 1014 414 1048 accusans
449 1015 579 1058 insuper
594 1015 792 1049 Dioscotum
814 1014 855 1048 de
876 1014 1063 1055 adulteriis,
1091 1014 1149 1050 hae-

261 1064 316 1097 refi
342 1064 545 1110 origeniana
571 1088 582 1104 ‚
617 1063 827 1108 blasphemiis
849 1064 884 1101 in
912 1066 1150 1099 SacrosanCtam

261 1114 487 1155 Trinitatem,
516 1115 550 1150 ὃς
572 1115 710 1148 crimine
734 1114 810 1148 laesae
834 1113 1027 1158 majestatis.
1063 1119 1150 1156 Nam

260 1162 389 1206 &sacra
405 1168 578 1205 Lamenta,
604 1166 668 1199 cum
675 1172 732 1206 pro
746 1164 897 1206 felicitate
909 1165 988 1200 orbis
1003 1174 1093 1199 terrae
1118 1166 1151 1200 &

260 1220 294 1246 in
314 1214 554 1247 Alexandrinam
572 1221 726 1250 civitatem
747 1215 909 1258 introiffent
921 1239 932 1255 ,
959 1226 1018 1248 non
1039 1214 1150 1258 recusa-

260 1269 408 1306 vioagere
424 1287 434 1303 ‚
461 1266 572 1297 multas
599 1264 770 1308 dispergens
794 1269 936 1306 pecunias
958 1274 1015 1307 per
1041 1268 1152 1308 Agora-

255 1312 336 1354 stum
348 1336 360 1353 ,
386 1313 616 1348 &Timotheum
632 1339 641 1352 ‚
668 1315 702 1348 (a
721 1315 794 1346 alios
814 1312 976 1356 quosdam,
1001 1323 1035 1348 ut
1055 1326 1091 1348 ea
1115 1315 1151 1348 de

261 1370 387 1396 civitate
412 1363 587 1405 depelleret.
615 1362 731 1404 Moleste
752 1369 830 1398 enim
848 1363 992 1405 ferebat,
1017 1367 1049 1397 eo
1071 1364 1151 1408 quod

259 1416 378 1445 omnino
411 1414 485 1447 talis
515 1412 596 1448 orbis
631 1423 718 1447 terrae
737 1417 884 1448 Dominus
911 1415 1149 1456 praedicaretur:

262 1462 395 1507 Utique
416 1463 607 1499 Marcianus
631 1464 822 1507 Augustus,
861 1465 1016 1509 germane
1042 1463 1153 1499 ortho-

258 1511 387 1553 doxus,
422 1513 578 1548 adversus
612 1511 821 1557 Chrysaphio
860 1513 1026 1549 Eunucho
1049 1538 1060 1553 ,
1093 1526 1151 1547 nec

259 1574 330 1596 non
343 1562 635 1599 &latrocinalibus
650 1574 747 1607 nuper
762 1562 847 1607 apud
858 1563 1025 1607 Ephesum
1039 1563 1130 1598 Actis
1144 1589 1150 1596 .

261 1611 392 1655 Seipsum
403 1620 482 1647 enim
493 1621 591 1658 magis
606 1616 794 1657 AEgyptiacae
809 1613 920 1655 dia-celi
936 1621 1079 1656 imperare
1102 1625 1153 1646 vo-

260 1663 341 1696 lebat
354 1687 364 1703 ,
383 1661 457 1704 ficut
469 1665 503 1697 (¹5
516 1663 604 1704 Gesta
614 1664 699 1705 apud
709 1661 844 1706 diversos
863 1668 895 1709 J
897 1666 995 1699 udices
1018 1664 1150 1706 confecia

259 1712 478 1752 demonstrant.
506 1717 593 1748 Nam
615 1715 649 1749 <¹7
669 1719 720 1747 vir
737 1712 907 1759 specialitus
919 1738 930 1755 ,
957 1714 1094 1748 tribunus
1117 1715 1151 1747 Θ

260 1766 412 1796 Notarius
415 1764 446 1804 J
448 1761 556 1796 oannes
569 1762 761 1803 testimonium
769 1763 920 1804 perbibet.
947 1768 994 1796 Et
1020 1764 1152 1807 nifiquia

259 1822 298 1846 ex
320 1815 438 1844 Divina
455 1814 651 1854 providentia
682 1817 805 1857 contigit
826 1813 1151 1857 magnificentissimum

258 1859 540 1905 &gloriofissimum
563 1861 744 1896 Theodorum
769 1865 958 1906 AEgyptiacae
982 1866 1150 1897 Provincia·

257 1911 427 1956 gubernare
438 1918 574 1956 negotia,
597 1911 709 1953 fortem
726 1913 823 1956 legum
843 1921 1027 1954 patronum,
1052 1914 1150 1948 olima

256 1961 404 2003 praedslto
425 1969 548 2001 tyranno
578 1974 693 2008 magna
736 1963 1005 1998 Alexandrinorum,
1036 1970 1149 1997 civitas

257 2010 362 2054 fuiffet
382 2011 499 2045 deleta.

259 2099 269 2106 ἱ
313 2060 433 2103 Neque
445 2060 613 2095 admireris
632 2060 716 2097 hanc
737 2061 893 2097 Dioscori
916 2064 1097 2107 potentiam
1117 2065 1149 2098 &

263 2109 479 2145 insolentiam
499 2134 506 2142 .
534 2111 667 2147 Eisdem
687 2111 787 2145 etiam
805 2112 876 2155 ejus
902 2114 1126 2147 Anteceflores
1140 2138 1150 2153 ,

262 2170 326 2193 nec
339 2170 408 2193 non
422 2161 455 2194 &
466 2160 522 2194 alii
535 2160 729 2197 Patriarchae
742 2172 838 2205 atque
852 2161 1010 2196 Primates
1021 2163 1150 2205 Episco-

263 2210 297 2253 pi
318 2209 527 2245 laborarunt.
550 2211 682 2246 Etenim
695 2211 736 2245 de
746 2211 850 2245 Paulo
862 2213 1072 2248 samosatensi
1084 2239 1094 2254 ‚
1117 2214 1150 2246 in

262 2259 382 2293 mediis
393 2261 569 2303 gentilium
580 2261 855 2306 persecutionibus
877 2262 1063 2297 patriarcha
1084 2265 1152 2296 An-

264 2309 446 2350 tiocheno,
472 2311 508 2344 in
529 2311 644 2345 litteris
663 2311 748 2355 apud
775 2312 952 2346 Eusebium
975 2312 1153 2347 Caesareen-

264 2359 332 2393 sem
356 2359 559 2395 exstantibus
579 2361 688 2396 scribit
715 2360 755 2395 ad
778 2363 929 2397 Sannum
952 2363 1151 2406 Dionysium

264 2409 467 2443 Pontificem
480 2410 634 2454 Synodus
647 2409 879 2445 Antiochena:
904 2418 1013 2456 Neque
1034 2424 1153 2446 comme-

264 2471 380 2492 morare
398 2468 469 2500 opus
482 2460 541 2500 est,
565 2473 621 2503 quo
639 2461 727 2503 pallo
753 2460 786 2505 Je
810 2460 964 2505 insolenter
992 2464 1153 2501 extulerit,

266 2507 496 2552 &saecularium
505 2508 644 2542 bonorum
652 2512 766 2554 gradus
783 2510 838 2552 fibi
861 2511 1082 2557 adsumpserit,
1105 2511 1150 2556 se-

264 2570 321 2601 que
331 2567 504 2602 arroganter
517 2565 549 2591 in
560 2557 667 2602 eisdem
676 2561 788 2605 gesserit
800 2585 810 2601 ,
832 2563 867 2595 ὁ·
888 2565 1074 2596 Ducenarius
1090 2571 1150 2605 -po—

266 2610 326 2641 tius
338 2620 428 2650 quam
437 2606 596 2651 Episcopus
617 2615 782 2651 nuncupari
806 2611 955 2652 voluerit,
979 2614 1013 2645 Θ
1030 2621 1086 2654 per
1104 2612 1152 2654 fo—

267 2659 499 2698 summittant,
519 2660 602 2692 modo
617 2658 763 2700 Epistulas
789 2661 932 2703 legendo,
961 2663 1046 2694 modo
1079 2665 1155 2704 quid

267 2709 327 2741 illis
348 2707 490 2750 Responfi
505 2709 629 2742 daretur
646 2707 884 2752 praescribendo,
912 2723 1025 2755 magna
1043 2711 1153 2754 satell-

267 2768 331 2790 tum
344 2757 432 2791 turba
441 2782 451 2798 ,
475 2764 592 2799 partim
604 2770 668 2793 euin
680 2760 915 2794 antecedentium
938 2785 948 2801 ,
962 2766 1078 2803 partim
1083 2759 1153 2804 sub-

264 2806 450 2850 sequentium
456 2807 587 2850 stipatus
598 2833 610 2849 ‚
627 2807 752 2852 superbo
755 2811 856 2853 gradu
863 2812 971 2853 palam
994 2814 1134 2855 ineffrit
1144 2835 1154 2851 ,

268 2859 341 2890 adeo
357 2865 390 2890 ut
399 2865 523 2899 propter
534 2859 751 2893 intolerandum
762 2862 827 2899 ejus
833 2860 951 2902 fastum
973 2862 1007 2894 (ν
1030 2867 1153 2895 nimiam

267 2912 361 2939 animi
372 2909 525 2941 elationem
531 2908 607 2950 fides
622 2909 717 2948 nostra
726 2921 854 2953 gravem
875 2912 1004 2944 invidiae
1031 2921 1131 2944 notam
1142 2937 1151 2952 ‚

267 2959 423 2999 odiumque
427 2965 625 3002 permagnum
633 2958 775 3002 subierit.
799 2960 878 3007 Qo
893 2961 975 2994 vitio
995 2962 1150 2996 findantur

267 3002 468 3040 omn‘ino‘illi
482 3007 656 3052 Episcopi,
683 3010 738 3052 qui
765 3010 916 3044 Comites
937 3021 993 3045 aut
1018 3011 1152 3052 Duces,

267 3068 365 3100 quam
387 3056 542 3101 Episcopi
566 3058 723 3092 intitulari
755 3059 903 3101 malunt,
932 3060 965 3093 &
988 3061 1151 3097 Ducalem

267 3106 376 3150 potius
397 3116 451 3141 aut
475 3107 670 3143 Comitilem
691 3119 870 3148 coronam,
892 3122 991 3154 quam
1019 3111 1151 3156 Episco-

270 3158 376 3201 palem
389 3158 533 3200 galerum
548 3167 603 3191 aut
616 3158 745 3196 mitram
759 3160 824 3193 suis
834 3159 1014 3205 insignibus
1027 3162 1150 3206 adfigu-

267 3218 354 3240 tare.
391 3205 501 3241 Etiam
536 3207 689 3241 Sanctum
716 3208 932 3244 Athanasium
956 3209 1040 3253 apud
1063 3212 1150 3245 Con-

268 3256 427 3291 stantium
443 3256 634 3302 Augustum
645 3260 835 3292 accusarunt
848 3259 1022 3294 Eusebiani
1038 3285 1047 3299 ,
1060 3262 1148 3303 quod

267 3306 425 3341 frumenti
436 3318 537 3342 naves
547 3307 733 3342 detinuisset
745 3331 755 3347 ,
772 3310 915 3352 gloriatus
940 3311 1004 3350 ejus
1015 3311 1150 3351 deporta-

266 3363 374 3389 tionem
394 3368 433 3390 ex
457 3359 642 3391 Alexandria
664 3357 943 3400 Constantinopolim
960 3360 1035 3401 posse
1060 3366 1148 3401 impe-

266 3406 330 3440 dire
341 3431 348 3439 .
376 3405 420 3440 Et
432 3406 510 3442 cum
528 3408 582 3443 ille
595 3406 635 3443 ad
647 3418 751 3443 tantas
764 3408 942 3444 calumnias
962 3410 1150 3453 ingemisce-

1921 92 2009 128 261

1209 173 1277 202 ret,
1300 161 1472 198 adfirmans
1482 164 1549 197 fieri
1564 176 1629 198 non
1655 166 1741 209 poffe
1763 175 1800 199 ut
1825 164 1925 199 homo
1948 166 2089 210 privatus

1208 215 1240 248 ὃς
1252 225 1369 259 pauper
1380 213 1507 247 tantum
1519 215 1671 257 potentiae
1685 213 1815 249 haberet
1827 241 1837 255 ,
1858 217 2017 250 Eusebius
2028 215 2088 249 Ni·

1213 263 1423 299 comedienfis
1432 262 1609 307 Episcopus
1621 266 1769 300 factionis
1779 276 1874 310 caput
1887 290 1897 304 ,
1921 266 2024 308 palam
2035 268 2090 300 de-

1209 316 1321 357 jeravit
1334 314 1387 358 ipfi
1399 312 1541 348 omnino
1561 313 1623 347 esse
1645 325 1750 350 tantas
1773 316 1808 350 &
1829 327 1907 357 opes
1926 316 1960 348 &
1983 316 2064 349 vires
2078 340 2085 347 .

1209 365 1262 399 De
1275 365 1353 403 illo,
1370 363 1461 409 quod
1481 361 1682 397 adfestabant
1704 366 1758 407 ipsi
1773 390 1783 405 ,
1804 362 2019 398 Athanasium
2041 376 2089 398 ac-

1209 414 1366 450 cusabant
1376 440 1383 448 .
1407 414 1542 449 Etenim
1552 412 1592 446 de
1611 412 1771 458 Gregorio
1783 439 1792 453 ,
1805 415 1844 448 ab
1855 415 1926 458 ipsis
1938 414 1973 448 in
1988 412 2090 448 Atha-

1211 466 1286 500 nafii
1298 465 1386 508 ejeffi
1400 465 1511 499 locum
1522 462 1592 507 post
1606 462 1787 507 Georgium
1802 462 2031 508 Cappadocem
2042 464 2090 498 in-

1210 517 1318 555 truso,
1339 514 1446 548 scribit
1473 514 1627 549 Hermias
1649 513 1875 547 Zozomenus:
1913 514 2088 549 Habebatur

1208 567 1310 599 odium
1321 575 1384 598 tum
1394 566 1414 597 ἃ
1427 569 1505 598 viris
1519 563 1708 605 Principibus
1720 587 1730 602 ,
1754 567 1912 604 propterea
1922 566 2001 606 quod
2010 562 2088 606 ipfhs

1208 624 1421 654 contemneret,
1443 612 1902 657 &Magfiratibusimperare13
1925 620 2089 647 nemetiam

1207 667 1227 698 ἃ
1233 664 1339 706 plebe,
1361 665 1443 708 quod
1451 671 1569 702 tyranni
1581 670 1661 697 vices
1685 672 1784 707 ageret
1798 686 1808 702 ,
1831 663 1973 695 &omnes
1990 672 2093 704 poten-

1208 713 1401 757 tiasuperare
1412 712 1495 757 visus
1508 714 1574 758 effet
1589 739 1596 745 .
1621 713 1748 747 Grandi
1773 713 1897 755 semper
1912 711 2090 745 multitudi-

1211 775 1250 798 ne
1262 763 1415 808 stipatum
1439 763 1616 807 processisse
1636 763 1748 799 scribit
1771 761 1872 797 etiam
1895 761 2091 795 Ammianus

1211 814 1442 854 Marcellinus,
1462 812 1618 856 additque
1629 814 1756 847 causam
1770 837 1781 853 ,
1802 823 1843 845 ex
1855 823 1918 856 qua
1930 811 2093 845 Constan-

1210 866 1274 899 tius
1289 864 1458 910 Augustus
1469 863 1619 898 videatur
1631 862 1853 896 dissimulasse:
1881 865 2038 906 Gregorius
2050 867 2094 894 in-

1210 924 1254 949 ter
1263 923 1370 949 caetera
1382 914 1534 948 dicebatur
1554 914 1590 946 id
1598 925 1710 956 quoque
1734 913 1862 956 maligne
1883 912 2003 955 docuisse
2020 915 2093 945 Con-

1205 964 1370 1005 stantium,
1393 965 1471 1007 quod
1481 969 1513 996 in
1524 964 1595 997 urbe
1609 964 1818 997 Alexandrina
1840 963 1968 1005 ‘edificia
1989 961 2093 995 cunc¹7a

1205 1013 1267 1060 solo
1289 1014 1486 1054 cohaerentia,
1504 1016 1524 1046 ἃ
1546 1015 1692 1047 conditore
1715 1014 1890 1046 Alexandro
1914 1014 2094 1056 magnitudi-

1213 1076 1249 1097 ne
1269 1063 1468 1107 impensarum
1489 1064 1679 1106 publicarum
1700 1062 1867 1105 exstruitis,
1892 1064 2095 1095 emolumentis

1213 1120 1315 1147 aerarii
1323 1114 1462 1156 proficere
1475 1115 1614 1149 deberent
1624 1126 1660 1147 ex
1665 1116 1756 1154 jure.
1779 1113 1969 1156 Tamquam
1991 1113 2096 1155 supre-

1214 1174 1284 1199 mus
1299 1163 1457 1208 AEgyptii
1470 1165 1638 1198 Dominus
1648 1164 1778 1198 vexavit
1798 1163 1968 1207 praesertim
1994 1164 2095 1207 genti-

1214 1215 1280 1255 les,
1300 1224 1397 1257 atque
1409 1214 1453 1248 ita
1466 1212 1507 1247 ab
1520 1213 1585 1248 illis
1597 1212 1783 1258 subJuliani
1797 1214 1935 1256 irnperio
1949 1213 1995 1246 est
2019 1211 2093 1247 hor-

1215 1264 1311 1298 rende
1323 1263 1517 1299 trucidatus.
1541 1263 1650 1297 Etiam
1675 1263 1718 1297 de
1739 1261 1936 1307 Theophilo
1958 1263 2098 1297 Patriar-

1214 1311 1275 1347 cha
1296 1313 1522 1350 Alexandrino
1534 1313 1644 1347 scribit
1657 1314 1804 1347 Socrates
1818 1326 1825 1345 :
1838 1318 1939 1347 Vitam
1966 1319 1997 1345 in
2006 1321 2091 1355 pecu.

1214 1369 1266 1397 nia
1278 1363 1427 1405 facienda
1437 1362 1603 1397 conterebat
1617 1388 1628 1404 ,
1649 1365 1683 1397 Θ
1695 1372 1753 1396 toto
1769 1363 1886 1404 pedore
1907 1369 1939 1396 in
1962 1374 1997 1395 ea
2020 1375 2099 1404 que·

1213 1413 1488 1449 rendalaborabat.
1520 1412 1562 1446 Et
1573 1413 1614 1446 de
1626 1413 1695 1455 ejus
1716 1411 1893 1446 successore
1918 1424 1955 1446 ac
1981 1423 2099 1455 nepote

1216 1464 1335 1499 Sansto
1360 1462 1513 1508 Cyrillo:
1549 1464 1677 1503 cyrillus
1708 1460 1890 1506 Episcopatu
1905 1468 2019 1503 potitus
2040 1462 2076 1501 est
2090 1487 2099 1502 ‚

1215 1516 1413 1555 majoremque
1435 1515 1660 1555 Principatum,
1683 1524 1774 1554 quam
1797 1523 1929 1554 unquam
1952 1512 2102 1555 Theophi-

1214 1565 1259 1596 lus
1282 1562 1445 1606 habuiffet,
1475 1568 1592 1604 pariter
1610 1562 1667 1606 fibi
1690 1561 1868 1606 adsumpsit.
1903 1565 2029 1595 Etenim
2061 1574 2099 1594 ex

1215 1615 1263 1647 illo
1286 1621 1410 1655 tempore
1432 1610 1598 1656 Episcopus
1633 1613 1860 1646 Alexandrinus
1890 1620 2004 1653 praeter
2019 1611 2099 1655 sacri

1215 1665 1297 1697 Cleri
1308 1664 1511 1703 dominatum,
1534 1664 1631 1698 rerum
1637 1664 1790 1704 praeterea
1809 1660 1996 1705 J‘aecularium
2016 1669 2100 1703 prin-

1214 1721 1345 1756 cipatum
1364 1713 1533 1756 acquifivit.
1567 1713 1646 1756 Ejus
1666 1724 1741 1746 cum
1764 1711 1901 1752 oreste,
1925 1710 2099 1756 Augustali

1214 1763 1391 1804 Praefefto,
1412 1764 1454 1798 de
1466 1764 1548 1798 laica
1560 1762 1779 1807 jurisdistione
1803 1762 1947 1796 turbidas
1971 1763 2043 1795 lites
2054 1773 2101 1797 re-

1214 1816 1275 1849 fert
1294 1815 1382 1848 idem
1394 1815 1560 1857 Scriptor,
1586 1825 1627 1848 ex
1652 1813 1769 1859 quibus
1795 1811 1849 1845 ille
1871 1813 2047 1846 invasionis
2067 1813 2100 1846 ὃς

1214 1865 1400 1907 tyrannidis
1431 1865 1604 1900 infamiam
1635 1863 1723 1908 apud
1757 1861 1886 1906 plebem
1907 1886 1917 1902 ,
1952 1863 1987 1896 &
2013 1864 2099 1905 apud

1215 1914 1402 1958 Principem
1424 1914 1458 1946 &
1480 1913 1593 1957 Regiae
1618 1912 1761 1946 civitatis
1780 1912 1935 1945 Senatum
1961 1912 2100 1945 incurrit

1214 1964 1316 1998 varias
1328 1963 1592 2003 criminationes,
1612 1961 1781 2005 dequibus
1794 1962 1823 1994 se
1845 1970 1962 2005 purgat
1982 1962 2016 1996 in
2041 1962 2102 2004 pri-

1215 2026 1267 2048 ma
1279 2012 1320 2049 ad
1331 2013 1523 2048 Nestorium
1535 2013 1680 2056 Epistola
1695 2036 1706 2052 ,
1727 2012 1872 2046 exstante
1906 2012 1991 2046 inter
2018 2012 2102 2046 Asia

1214 2063 1341 2107 Synodi
1355 2061 1520 2106 Ephesinae
1533 2088 1540 2098 .
1568 2063 1611 2095 Et
1624 2061 1691 2097 haec
1703 2062 1746 2096 est
1759 2072 1824 2095 una
1847 2062 2013 2095 causarum
2033 2087 2043 2102 ‚
2063 2074 2104 2095 ex

1214 2113 1331 2158 quibus
1354 2111 1563 2147 Theodosius
1582 2111 1750 2156 Augustus
1776 2111 1870 2146 illum
1895 2112 1957 2155 fuit
1980 2113 2101 2146 aversa-

1215 2174 1284 2198 tus,
1310 2163 1390 2206 Ejus
1413 2161 1544 2206 vestigia
1565 2164 1692 2198 secutus
1712 2161 1756 2194 est
1771 2186 1781 2202 ‚
1814 2172 1911 2206 atque
1935 2162 2104 2205 ampliavit

1216 2214 1416 2252 Dioscorus,
1446 2214 1479 2246 &
1501 2214 1545 2246 ita
1572 2213 1730 2246 Romano
1759 2212 1947 2254 Imperatori
1978 2212 2101 2246 nullam

1215 2265 1248 2297 in
1288 2263 1445 2309 AEgypto
1466 2262 1661 2308 potestatem
1685 2261 1859 2305 agnoscere
1881 2262 2008 2303 voluit,
2043 2274 2102 2296 nec

1215 2314 1285 2347 eius
1302 2314 1443 2356 recipere
1455 2314 1541 2347 sacra
1555 2313 1713 2348 Laureata
1727 2336 1733 2345 .
1757 2311 1870 2346 Fastus
1890 2312 2030 2346 radicem
2042 2323 2105 2346 cre·

1214 2363 1353 2399 diderim
1375 2362 1468 2397 fuisse
1502 2363 1692 2398 Romanam
1720 2373 1796 2395 cum
1821 2362 1945 2395 vicinia
1968 2362 2104 2396 Provin-

1215 2415 1264 2448 cia
1298 2412 1411 2448 urbem
1452 2414 1471 2446 a
1511 2412 1735 2448 Constantino
1757 2410 1910 2456 Augusto
1943 2412 2103 2446 donatam

1216 2464 1365 2498 Ecclefiae
1381 2463 1561 2503 Romanae,
1585 2461 1675 2504 cujus
1688 2463 1720 2495 in
1737 2461 1955 2505 spiritualibus
1978 2474 2014 2496 ac
2027 2474 2103 2497 tem-

1216 2512 1381 2558 poralibus
1404 2511 1471 2546 filia
1485 2537 1496 2552 ,
1531 2511 1687 2556 discipula
1702 2536 1712 2551 ‚
1732 2523 1771 2546 ac
1794 2512 1952 2545 imitatrix
1981 2513 2102 2554 semper

1216 2565 1280 2598 fuit
1303 2562 1547 2598 Alexandrina:
1578 2562 1683 2609 Qod
1706 2561 1760 2594 illa
1780 2572 1821 2595 ex
1844 2561 1996 2605 legitimo
2010 2561 2101 2595 Prin·

1216 2614 1297 2659 cipis
1308 2614 1399 2647 dono
1411 2611 1547 2653 habuit,
1568 2612 1684 2646 invasit
1708 2610 1775 2644 haec
1799 2623 1853 2654 per
1883 2612 2029 2655 rapinam
2043 2638 2050 2645 .

1265 2662 1396 2709 Qibus
1410 2662 1565 2696 omnibus
1576 2660 1616 2696 ad
1627 2661 1798 2704 synodum
1823 2661 1911 2694 lestis
1928 2685 1938 2701 ,
1962 2663 2098 2696 Sanetus

1217 2713 1429 2747 Paschasinus
1453 2712 1598 2746 Ecclefiae
1619 2712 1778 2746 Romana:
1798 2711 1950 2745 Vicarius
1973 2724 2011 2746 ac
2039 2714 2099 2746 Le-

1214 2773 1307 2807 gatus
1318 2761 1358 2796 ad
1383 2762 1543 2796 Florentii
1571 2761 1732 2797 Sardensis
1755 2761 1978 2805 Metropolitae
2002 2763 2104 2797 inter-

1217 2813 1421 2847 locutionem
1432 2812 1575 2846 decrevit
1587 2812 1752 2847 Dioscoro
1775 2811 1903 2846 tertiam
1917 2822 1955 2846 ac
1979 2823 2099 2856 perem-

1216 2863 1357 2907 ptoriam
1383 2863 1599 2903 citationem,
1625 2861 1713 2897 &ad
1739 2861 1832 2895 illum
1859 2861 1978 2906 legavit
2002 2864 2101 2898 Fran·

1214 2914 1349 2948 cionem
1370 2911 1716 2956 Philippopolitanum
1753 2911 1905 2946 Thraciae
1927 2913 2097 2957 Metropo-

1215 2964 1307 2997 litam
1326 2987 1336 3003 ,
1372 2962 1559 2998 Lucianum
1582 2963 1617 2996 in
1640 2963 1773 3006 Europa
1806 2962 1986 3005 Byzensetn
2013 2987 2024 3003 ‚
2060 2975 2098 2996 ac

1215 3015 1375 3057 Joannem
1400 3012 1745 3047 Germaniciensemin
1770 3011 1946 3048 Eufratefia
1960 3012 2098 3047 Provin-

1214 3065 1263 3097 cia
1291 3063 1490 3107 Episcopum
1511 3086 1525 3103 ,
1559 3073 1690 3105 unaque
1712 3061 1896 3097 Palladium
1915 3088 1927 3104 ‚
1959 3061 2105 3110 Patricii*

1214 3124 1269 3156 per
1282 3112 1456 3147 secundam
1478 3111 1725 3156 Cappadociam
1739 3112 1959 3158 Metropolitae
1979 3111 2098 3154 Thya-

1214 3163 1318 3196 nenfis
1342 3186 1353 3202 ,
1379 3161 1571 3196 Diaconum
1595 3163 1629 3196 &
1651 3162 1826 3197 Notarium
1849 3187 1859 3203 ‚
1887 3161 2096 3196 mandaturos

1213 3222 1399 3255 comparere
1421 3213 1648 3254 responsurum
1660 3236 1670 3252 ,
1699 3223 1768 3245 non
1795 3213 1870 3246 solis
1884 3210 1985 3245 modo
1998 3211 2097 3245 Euse-

1214 3262 1259 3296 bii
1271 3260 1530 3296 accusationibus
1541 3285 1552 3301 ,
1577 3262 1629 3296 sed
1655 3263 1689 3296 &
1704 3261 1872 3296 Athanasii
1888 3261 2070 3304 Presbyteri
2086 3285 2097 3300 ,

1212 3310 1432 3345 Theodori&
1454 3311 1655 3356 ischyrionis
1678 3313 1903 3346 Diaconorum
1919 3335 1929 3352 ,
1956 3311 2035 3344 item
2060 3312 2094 3345 ὃς

1213 3360 1389 3404 Sophronii
1402 3360 1507 3397 fidelis
1519 3361 1591 3397 laici
1605 3360 1843 3396 Alexandrini.
1870 3359 2000 3408 Qiibus
2014 3361 2068 3394 ille
2083 3374 2094 3394 .-

1215 3412 1389 3454 Sufficienter
1417 3412 1500 3446 docui
1531 3411 1661 3453 vestram
1694 3408 1916 3455 Religiqfimtem
1945 3436 1956 3452 ,
1990 3410 2095 3453 quibus

1933 3462 2047 3495 addere

2109 547 2167 582 L·4·
2177 553 2201 574 c.
2217 547 2264 580 292'

2115 892 2143 918 l..
2206 900 2251 918 22.

2112 940 2183 967 027.
2219 934 2262 959 28.

2120 1295 2258 1326 neem

2121 1677 2149 1704 l·
2170 1684 2217 1713 13·

2119 1725 2197 1753 ι’·ις.

2131 1989 2157 2016 L.
2173 2002 2193 2021 ι.
2208 2000 2235 2023 c.
2246 2000 2271 2032 8,
