2340 3736
500 186 574 232 Da
609 197 789 229 vocnus
824 183 1111 242 SuBsrANrm,
1149 182 1384 237 Essmm,
1420 180 1741 241 Prusoua,&e.

233 272 361 306 tatione
370 279 484 306 contra
495 268 664 303 Comitem
678 269 887 303 Pascentium
905 269 991 303 dixit
1003 269 1031 302 S.
1045 267 1114 307 Au-

60 306 214 345 Epium&
234 322 387 366 gustinus
398 335 410 355 .·
434 318 512 360 Abfit
522 328 555 352 ut
565 318 763 362 erubescamus
774 319 921 352 Catholici
932 325 964 351 in
975 317 1112 361 universi)

59 574 99 606 C.
126 578 175 611 36.

58 840 193 879 Epist.67.

233 382 390 405 manentes
402 381 454 402 nos
465 370 610 411 appellari·
626 377 749 411 propter
761 368 851 410 fidem
874 381 977 402 veram
999 375 1088 401 unius
1102 393 1112 408 ,

231 421 417 464 eiusdemque
432 419 604 462 substantiae
624 421 645 451 ἆ
667 419 816 452 nonnullis
827 419 948 452 verbum
974 422 1111 451 Graecum

232 483 291 505 non
299 470 529 513 intelligentibus
543 494 553 509 ‚
580 468 782 510 Homoufianos
794 492 806 508 ,
830 475 882 510 qui
899 480 949 500 nor
962 468 1111 509 appellari

212 546 215 548 -
225 522 392 565 gaudemus
405 522 440 552 de
452 524 553 553 Graeco
574 518 682 558 christi
698 525 814 551 nomine
831 517 1014 557 Christianos
1028 543 1034 549 .
1068 517 1110 551 Et

229 571 266 604 in
279 570 363 604 libro
373 571 487 604 contra
498 571 688 604 Sermonem
697 568 897 602 Arianotum
909 581 916 600 :
944 571 1061 607 Ariani,
1078 569 1112 601 (ν

232 621 447 653 Eunomim’am'
458 632 509 653 nos
521 624 655 652 vocitant
667 617 871 658 Homoulr'anos
884 641 894 657 ‚
919 624 991 659 quia
1009 619 1111 650 contra

229 681 329 704 eorum
339 681 465 704 errorem
477 672 580 702 Graeco
593 667 729 701 vocabulo
742 667 910 709 Homoufion
925 668 1111 709 defendimus

230 723 357 754 Patrem
367 743 378 759 ,
401 721 436 753 Θ
454 720 587 757 Filium,
613 719 647 751 &⁸
671 719 817 759 Spiritum
839 718 981 751 Sanc‘lum
1004 742 1015 757 ‚
1041 716 1112 758 idest

228 776 318 804 unius
331 795 342 811 ,
365 767 552 813 ejusdemque
562 765 736 811 substantiae
750 792 757 799 .
785 768 829 801 Et
840 768 881 802 ad
908 768 982 801 suos
993 767 1115 801 Mona-

228 819 312 854 chos
321 818 589 862 scribitMagnus
604 816 759 851 Basilius:
786 816 900 851 Ariani
913 817 1112 859 Nicaenamfi·

230 870 301 903 dem
309 870 531 903 calumniamur
542 891 552 908 ,
569 868 603 901 e>-
614 879 668 900 nos
681 867 890 910 Homoufiastas
904 891 915 907 ,
934 866 999 908 five
1013 870 1114 900 Homo-

231 917 488 961 ufianosprobrose*
497 926 606 951 vocant
618 941 629 957 ,
636 920 803 960 propterea
814 919 894 961 quod
902 923 933 949 in
944 928 978 949 ea
984 917 1047 959 fide
1062 922 1115 951 Fi'-

234 971 309 1003 lium
321 971 378 1002 Dei
390 973 573 1011 unigenitum
583 978 648 1000 cam
661 971 723 1002 Deo
735 991 745 1007 ‚
772 969 806 1001 <⁹¹
818 970 911 1001 Patre
930 965 1092 1008 Homoufion
1103 991 1112 1006 ,

233 1019 287 1052 boc
305 1018 343 1057 est
364 1017 496 1061 ejusdem
520 1018 660 1061 Effemiae
681 1017 849 1059 confitemur
858 1043 866 1051 .
894 1017 938 1050 Et
949 1018 982 1050 in
1009 1019 1114 1060 primo

218 1068 342 1105 sancti
363 1066 521 1111 MartyrIS
531 1091 542 1108 ,
566 1079 605 1102 ac
626 1065 768 1101 Abbatis
794 1067 938 1102 Maximi
967 1067 1115 1112 Dialogo

231 1117 416 1154 Anomaeus
424 1118 505 1153 dicit
515 1115 556 1152 ad
568 1115 782 1152 Catholicum
791 1131 802 1152 .·
830 1120 945 1151 Parum
957 1116 1035 1157 abest
1043 1123 1116 1159 quin

232 1167 309 1203 mibi
314 1167 497 1212 persuadeas
507 1177 541 1201 ut
547 1169 623 1210 fiam
633 1166 944 1211 Conficbstantialista.
972 1167 1015 1200 Et
1032 1167 1115 1200 infra

219 1218 320 1253 a‘stud
340 1218 447 1262 ipsum
468 1218 583 1262 repetit
593 1242 601 1251 .
627 1218 666 1251 In
691 1218 806 1253 Graeco
827 1218 872 1252 est
886 1217 1097 1252 Homousion
1110 1240 1117 1246 .

231 1268 280 1303 Et
292 1268 327 1301 in
339 1268 437 1301 tertio
450 1268 600 1313 Dialogo
612 1267 696 1302 dicit
707 1268 808 1302 etiam
824 1266 1061 1302 Macedonius:
1087 1268 1119 1298 si

216 1344 220 1347 .
233 1317 289 1351 vel
294 1327 386 1351 unum
398 1316 513 1357 istorum
523 1316 688 1357 ostendetis,
693 1317 770 1358 fiam
781 1316 987 1358 Homoustaefies.
1014 1315 1118 1362 Qiod

232 1365 448 1403 Hunnetieus
459 1366 604 1401 Arianus
614 1364 854 1400 Wandalorum
879 1367 956 1400 Rex
971 1388 982 1405 ,
1006 1363 1121 1400 eodem

232 1427 298 1452 rios
317 1416 432 1462 elogio
443 1417 567 1451 vexarit
600 1416 731 1450 testatur
742 1416 776 1449 in
790 1414 881 1450 libris
891 1415 931 1449 de
943 1415 1121 1449 Wandalo-

231 1478 308 1502 rum
319 1467 544 1511 persecutione
558 1467 587 1501 S.
599 1465 713 1501 Victor
730 1464 898 1500 Uticensis
916 1465 1097 1508 Episcopus
1113 1490 1120 1497 .

216 1516 279 1551 -Et
293 1517 394 1551 nostri
405 1516 471 1551 tam
481 1516 515 1550 in
529 1515 737 1550 Occidentali
749 1540 760 1556 ,
786 1515 885 1561 quam
898 1514 933 1548 in
956 1514 1119 1549 Orientali

229 1565 378 1601 Ecclesia
389 1566 533 1608 Maiores
549 1565 706 1610 Elogium
731 1576 798 1598 non
824 1564 1019 1599 erubuerunt
1032 1590 1039 1598 .
1068 1564 1119 1597 Ex

231 1615 353 1660 quibus
367 1616 456 1650 lucet
481 1626 595 1650 vocem
633 1613 791 1656 Homoufios
813 1615 946 1649 Arianis
970 1615 1120 1649 odiosissi-

230 1677 323 1701 mam
334 1690 345 1706 ,
369 1663 467 1700 nobis
480 1662 675 1701 orthodoxis
687 1666 809 1710 semper
821 1665 914 1700 fuiffe
940 1675 995 1709 per
1007 1665 1120 1699 omnia

236 1715 475 1751 dilectissimam
487 1742 494 1749 .

282 1766 315 1799 S.
328 1765 524 1800 Athanasius
537 1765 663 1800 inlibro
673 1766 714 1801 de
727 1765 940 1806 Ariminensi,
960 1776 998 1799 ac
1013 1764 1121 1800 Seleu-

229 1815 330 1848 ciensi
341 1816 483 1857 Synodis
494 1816 693 1850 demonstrat
707 1816 763 1850 has
775 1828 871 1850 voces
883 1841 894 1856 ,
906 1828 943 1849 ex
951 1814 1120 1858 substantia

231 1866 353 1905 Patris,
366 1865 399 1897 Θ
410 1863 689 1907 consubstantialem
701 1867 791 1898 Patri
803 1890 814 1904 ‚
825 1867 887 1899 esse
901 1867 966 1900 fere
979 1865 1130 1907 ejusdem„

231 1914 364 1948 virtutis
374 1938 385 1954 ,
396 1912 506 1958 ideoq,
521 1914 777 1949 ambas-insertas
792 1915 829 1949 in
840 1915 1014 1950 Nicaenum
1027 1915 1120 1957 Sym-

227 1963 460 2008 'bolum,atque
471 1953 854 2007 prosequitur:[dversom
862 1976 910 1998 eos
928 1970 980 2007 qui
994 1976 1030 1998 ex
1043 1971 1120 1997 omni

225 2022 322 2058 parte
332 2015 476 2053 synodum
484 2019 625 2047 convitiis
635 2022 763 2056 carpunt
779 2014 833 2054 ista
839 2024 940 2057 pauca
952 2015 995 2048 ad
1006 2013 1121 2056 refuta-

231 2068 343 2097 tionem
348 2062 527 2106 suffecerint.
538 2063 690 2106 Adversus
702 2072 801 2098 autem
809 2070 918 2107 eos,qui'
930 2070 1028 2098 omnia
1036 2066 1120 2102 syno-

230 2111 389 2156 discripta
399 2115 557 2156 recipiunt,
569 2114 606 2147 de
613 2112 674 2156 fi’l0
682 2123 781 2147 autem
797 2118 861 2148 Con
859 2113 1045 2158 substantiali
1056 2125 1118 2147 am-

231 2163 364 2207 bigunt,
388 2174 447 2197 non
468 2173 502 2196 ut
523 2164 689 2197 adversum
698 2168 831 2197 inimicos
858 2166 935 2206 affici
946 2175 997 2197 nos
1018 2166 1127 2205 decet3'

223 2224 328 2255 ¹neque
338 2219 417 2247 enim
429 2215 524 2247 veluti
544 2215 695 2247 adversus
708 2217 750 2247 Ar
755 2220 917 2247 inmanitas
928 2238 939 2255 ‚
964 2222 1020 2247 aut
1038 2212 1125 2256 quast

234 2263 356 2296 Bellum
371 2262 480 2307 gesturi
503 2263 649 2297 Patribus
671 2266 926 2304 contradicimus,
947 2262 1004 2307 sed
1021 2263 1118 2297 veluti

227 2312 350 2354 fratres
361 2312 586 2355 cumfratribus
596 2312 793 2357 disceptamus
807 2338 818 2355 ,
828 2324 863 2347 ut
873 2325 938 2347 cum
951 2314 1057 2357 quibus
1069 2325 1115 2347 no·

223 2363 283 2396 iiis
298 2364 401 2396 eadem
409 2362 448 2404 fit
454 2362 618 2406 sententia,
627 2362 819 2409 controverssa
831 2374 930 2398 autem
942 2365 980 2398 de
990 2363 1092 2398 verbis
1108 2388 1115 2395 .

234 2416 322 2445 Nam
333 2423 398 2446 cum
404 2411 598 2454 profiteantur
606 2413 704 2454 filium
716 2425 754 2447 ex
767 2417 872 2448 Patris
881 2413 1050 2457 substantiet
1060 2438 1071 2455 ,
1082 2415 1117 2447 ὦ*

235 2473 294 2494 non
307 2460 564 2503 aliafiibstinentia
593 2459 644 2505 effe
653 2488 664 2502 ,
690 2474 741 2496 nec
754 2466 932 2497 creaturam
950 2476 1015 2496 eum
1029 2488 1040 2503 ,
1066 2474 1116 2497 nec

233 2519 307 2552 opus
330 2509 451 2550 existere
466 2534 476 2550 ‚
498 2508 554 2553 sed
559 2517 722 2553 genuinum
734 2536 746 2552 ,
774 2514 808 2547 Θ·
830 2514 999 2547 naturalem
1013 2516 1116 2546 Patris

228 2560 338 2602 foetum
349 2585 359 2601 ‚
384 2561 419 2593 (5
430 2561 611 2594 aeternaliter
620 2572 686 2593 cum
696 2563 790 2594 Pam
814 2563 866 2604 esse
881 2587 892 2603 ,
916 2574 980 2596 cum
992 2565 1059 2603 ejus
1082 2564 1117 2597 δ’

226 2616 311 2643 ratio
322 2635 332 2650 ,
359 2611 392 2644 (ii
398 2608 591 2652 sapientiafit
603 2634 612 2649 ‚
640 2621 697 2643 non
706 2611 789 2655 longe*
799 2610 908 2654 absunt
933 2615 954 2644 ἃ
978 2618 1117 2654 recipien-

235 2661 279 2692 da
291 2660 346 2692 hac
356 2670 423 2692 voce
435 2683 446 2699 ,
471 2659 752 2702 consubstantialis.
785 2662 868 2694 Talis
879 2671 979 2695 autem
998 2662 1036 2702 est
1052 2664 1116 2695 Ba-

228 2708 311 2751 filius
334 2721 371 2743 ex
385 2714 497 2754 Ancyra
518 2715 551 2742 in
569 2708 692 2753 scriptis
715 2709 780 2754 suis
802 2712 839 2748 de¹
843 2712 905 2754 fide
916 2736 925 2744 .
953 2711 1116 2746 Adfirmat

235 2759 289 2794 isti
299 2760 375 2794 voci
392 2759 454 2792 esse
462 2758 608 2803 duplices
620 2760 828 2796 Adversarios
845 2775 852 2794 :
877 2760 1020 2795 Atianos
1042 2761 1116 2795 Hae-

233 2810 352 2843 reticos
364 2820 499 2849 omnes,
525 2810 558 2845 &
569 2811 726 2853 quosdam
738 2810 931 2846 Catholicos
944 2836 951 2843 .
980 2812 1029 2845 Hi
1043 2811 1118 2846 licet

233 2870 304 2894 rem
314 2857 524 2894 admitterent
536 2884 547 2900 ,
555 2860 735 2895 censebant
747 2872 861 2896 vocem
872 2863 933 2896 effe
946 2862 1118 2895 inconcin-

234 2920 315 2943 nam
327 2933 336 2949 ‚
365 2907 504 2952 ideoque
517 2909 777 2951 proscribeiidam
795 2936 802 2942 .
830 2912 872 2945 Et
884 2913 929 2945 ita
939 2911 957 2944 ὲ
969 2910 1117 2945 Catholi-

234 2960 282 2994 cis
308 2958 408 2992 etiam
432 2959 602 3003 Episcopis
621 2962 796 3003 proscripta
809 2985 818 3000 ,
847 2972 903 2995 aut
928 2962 1037 3004 potius
1050 2973 1118 3004 pro-

236 3009 331 3043 scribi
345 3009 490 3052 permissa
503 3009 564 3042 fuit
578 3011 611 3043 in
625 3009 767 3054 synodis
788 3011 961 3054 Syrmienli
975 3036 986 3051 ‚
1012 3012 1119 3045 Seleu-

234 3059 332 3093 ciensi
347 3083 357 3100 ,
383 3070 421 3092 ac
432 3057 632 3093 Ariminensi
645 3085 652 3092 .
683 3063 730 3094 At
744 3060 845 3098 male.
874 3061 918 3095 Et
944 3065 999 3105 per
1023 3061 1118 3095 dolos

236 3107 439 3143 Arianorum
455 3133 463 3140 .
489 3109 584 3143 Hinc
597 3121 712 3144 omnes
724 3110 943 3154 istiEpiscopi
966 3113 1040 3146 sunt
1063 3111 1118 3145 ha·
1140 3111 1143 3119 “

237 3158 299 3193 biti
313 3170 369 3201 pro
383 3158 476 3201 lapsis
490 3183 501 3199 ,
527 3158 625 3203 digni*
635 3171 827 3204 perpetuum·
835 3161 940 3203 redigi
954 3162 985 3195 in
1001 3162 1118 3196 laicam

231 3208 523 3253 *Communionem
534 3228 541 3241 a
572 3210 668 3244 Hinc
679 3210 713 3244 in
727 3211 800 3254 ipsis
810 3212 1027 3256 ingemiscens
1037 3212 1119 3246 Tet-

236 3269 345 3292 ratum
356 3257 452 3294 Orbis
467 3258 512 3292 est
526 3260 556 3292 se
567 3259 703 3294 miratus
715 3259 875 3295 Arianum
888 3286 895 3293 .
923 3261 1025 3294 Porro
1049 3261 1118 3295 An-

236 3319 376 3350 cyranus
398 3307 454 3342 iste
477 3308 613 3342 Basilius
638 3321 706 3343 non
729 3311 792 3344 fuit
803 3311 985 3345 ortodoxus
996 3335 1003 3343 .
1031 3311 1119 3346 Eum

237 3368 315 3393 cum
327 3358 519 3400 Laodicensi
530 3360 692 3404 Gregorio
702 3361 835 3395 sanstus
847 3359 1051 3406 Epiphanius
1061 3373 1121 3397 nu-

340 3407 448 3447 Cbrist.
465 3412 543 3452 Lupi
554 3414 642 3453 oper.
655 3412 734 3445 Tom.
746 3414 786 3443 11.

1888 202 1977 243 321

1173 277 1274 301 merat
1289 266 1383 301 ,inter
1404 265 1571 308 Principes
1581 264 1897 313 Semi-Admotum
1925 272 1959 305 δι’.
1982 272 2050 312 ille,

1171 329 1267 361 quem
1291 316 1471 351 Eusebiana
1497 317 1594 349 factio
1606 319 1730 352 intrusit
1753 320 1786 352 in
1802 319 1913 354 locum
1936 322 2048 354 famosi

1173 366 1321 401 Marcelli
1337 393 1343 399 .
1372 366 1505 408 Exipso
1517 390 1527 406 ,
1554 377 1591 399 ac
1603 366 1667 408 ejus
1678 369 1945 413 Congerronibus
1968 371 2052 413 post-

1172 416 1272 451 modo
1285 415 1413 450 ebulliis
1424 416 1559 450 Haerefis
1571 416 1810 452 Macedoniana
1820 445 1829 460 ‚
1849 431 1924 453 narn
1938 421 1972 453 ὅ(
1986 419 2051 453 haec

1172 467 1216 500 est
1228 465 1469 501 Semi-Ariana.
1498 466 1630 500 Interim
1645 466 1741 500 istum
1759 469 1914 503 Basilium
1926 481 1993 503 non
2005 470 2053 502 so-

1172 518 1240 552 lum
1250 515 1444 551 Athanasius
1454 517 1564 560 magni
1581 517 1654 549 fecit
1669 540 1679 555 ,
1705 516 1757 550 sed
1769 519 1801 551 ἀ
1812 520 1957 564 Magnus
1969 519 2053 553 Basi-

1173 568 1252 601 lius.
1280 568 1366 601 Cum
1388 568 1458 610 ipso
1475 567 1619 600 exercuit
1643 565 1848 610 Dogmatum
1871 569 2053 611 Epistolare

1174 617 1400 650 Comercium.
1430 616 1559 660 Nempe
1569 627 1643 649 cum
1658 616 1762 649 filium
1776 617 1974 658 profiteretur
1990 619 2053 652 esse

1173 667 1281 708 ejusde
1292 667 1430 700 essentiae
1441 678 1516 701 cum
1530 666 1636 705 Patre,
1651 667 1738 699 suam
1752 666 1792 699 de
1805 666 1925 709 Spiritu
1937 659 2052 702 Sansto

1174 715 1413 759 Blasphemiam
1426 715 1609 760 obtegebat.
1628 717 1722 749 Hinc
1734 715 1932 750 Athanasius
1943 717 2054 751 scribit

1172 763 1230 809 >ipsi
1244 766 1344 799 solam
1357 778 1470 800 vocem
1484 766 1684 809 displicuiffe.
1697 766 1798 813 Qod
1811 766 1913 809 ipshm
1925 767 2053 810 profeffi

1175 817 1249 850 sunt
1261 827 1379 850 omnes
1391 816 1457 858 ejus
1470 817 1665 859 Symmistae.
1693 816 1781 849 lnter
1804 817 1924 859 primos
1945 814 2054 849 autem

1175 867 1327 909 potiores,
1336 866 1391 909 qui
1406 867 1471 899 sine
1484 868 1593 900 fronte
1602 867 1707 909 palam
1719 875 1885 908 coeperunt
1897 866 2055 909 Spiritum

1176 917 1329 949 Sandium
1345 916 1563 959 blasphemare
1576 940 1586 955 ‚
1609 916 1673 950 fuit
1689 914 1909 950 Macedonius
1922 929 1932 948 .·
1946 915 2054 951 μΙ-Ιὶηο

1176 966 1266 1000 dedit
1280 978 1400 999 nornen
1417 966 1534 999 Haeress
1548 991 1555 998 .

1226 1016 1307 1058 Ejus
1321 1016 1414 1050 factio
1430 1040 1440 1055 ,
1450 1016 1526 1050 licet
1537 1017 1621 1050 circa
1633 1016 1761 1051 Patrem
1773 1042 1783 1059 ,
1793 1017 1826 1050 ὅ(
1838 1016 1960 1050 Filium
1972 1017 2055 1050 resta

1179 1067 1309 1099 sentiret
1319 1088 1329 1104 ,
1355 1065 1496 1100 nostram
1507 1068 1692 1109 praesentem
1706 1078 1822 1102 vocem
1835 1067 1897 1100 fuit
1907 1067 2053 1104 aversata,

1179 1115 1283 1148 immo
1292 1115 1326 1148 δε
1339 1115 1525 1150 abominata
1540 1142 1546 1148 .
1574 1116 1668 1150 Hinc
1677 1117 1719 1152 de
1730 1118 1796 1160 ipsa
1806 1116 1847 1151 ab
1859 1117 2051 1160 Imperatore

1179 1164 1323 1199 Valente
1333 1188 1344 1204 ‚
1368 1177 1406 1199 ac
1420 1166 1564 1200 Eudofio
1576 1166 1952 1211 Constantinopolitano
1966 1166 2051 1201 Aria-

1183 1226 1300 1249 norum
1309 1215 1475 1258 Episcopo
1485 1217 1722 1259 persecutiones
1731 1218 1871 1260 patiente
1882 1216 1993 1250 scribit
2001 1216 2051 1249 So-

1180 1275 1298 1298 crates:
1325 1264 1514 1306 Eustachium
1524 1266 1661 1306 Sebastiae
1675 1266 1847 1310 Episcopum
1862 1284 1872 1306 5
1899 1267 2057 1299 silvanum

1180 1314 1266 1355 Tarfi
1274 1315 1432 1354 Ciliciae‚&
1444 1315 1633 1357 Theophilum
1644 1316 1837 1356 Castabalorii
1850 1320 1974 1349 Romam
1985 1322 2054 1348 mit·

1181 1362 1355 1406 tunt‚i‘llisq;
1368 1370 1399 1397 in
1410 1367 1564 1397 mandatis
1576 1367 1698 1406 dant,ut
1707 1378 1773 1399 cum
1784 1367 1903 1399 Liberio
1915 1366 2059 1407 Pontifici·

1181 1420 1353 1456 neutiquam
1363 1415 1401 1447 de
1408 1414 1470 1456 fide
1481 1416 1651 1458 dissentiant
1664 1439 1674 1454 ,
1696 1415 1755 1458 sed
1773 1421 1982 1448 communicent
1993 1426 2061 1447 cum

1184 1467 1319 1496 Romana
1331 1464 1458 1505 Ecclesia
1470 1488 1481 1504 ‚
1494 1467 1528 1499 (⁸5
1539 1463 1790 1508 consubstantialis
1796 1465 1888 1507 fidem
1898 1474 2000 1498 ratam
2006 1464 2060 1506 sa-

1181 1513 1314 1547 ciant.Et
1326 1513 1368 1547 sic
1380 1513 1522 1549 feceruut
1535 1513 1707 1547 Nicaenum
1721 1514 1918 1558 Symbolum
1929 1527 1970 1548 ex
1982 1515 2061 1548 inte—

1181 1574 1241 1607 gro
1253 1563 1337 1607 apud
1350 1563 1516 1597 Liberium
1529 1564 1673 1605 profesti.
1688 1565 1736 1598 lta
1749 1577 1804 1608 per
1815 1564 1985 1599 Liberium
1997 1567 2063 1607 spe-

1183 1624 1330 1647 raverunt
1342 1613 1424 1648 inite
1436 1613 1642 1656 Imperatoris
1656 1613 1885 1649 Valentiniani
1900 1615 2040 1659 gratiam
2051 1639 2062 1655 ,

1181 1672 1279 1705 atque
1292 1664 1336 1697 ita
1347 1663 1614 1698 statrisValentis
1628 1665 1708 1697 iram
1730 1665 1881 1699 evadere.
1914 1664 2041 1698 Dolose
2053 1690 2061 1696 .

1182 1713 1274 1747 Hinc
1285 1715 1431 1748 Socrates
1445 1714 1548 1758 pergit
1560 1727 1567 1746 :
1596 1716 1804 1748 Macedoniani
1814 1725 1994 1757 quamquam
1999 1713 2062 1755 post

1181 1766 1353 1807 legationem
1363 1765 1410 1796 ad
1420 1764 1572 1797 Liberium
1584 1764 1698 1807 missam
1709 1766 1885 1807 aliquandiu
1898 1776 1961 1798 cum
1977 1766 2038 1797 illis
2050 1790 2060 1803 ‚

1181 1819 1230 1855 qui
1237 1814 1329 1855 fidem
1342 1820 1374 1846 in
1385 1817 1420 1846 N
1422 1820 1512 1847 icaeno
1526 1816 1653 1847 Concilio
1665 1816 1812 1848 decretam
1831 1817 1976 1857 perpetuo
2001 1826 2064 1846 am-

1175 1865 1296 1904 plexati·
1311 1862 1478 1907 fuissent‚i'n
1491 1863 1622 1906 Eccleffis
1646 1864 1782 1907 cujusque
1793 1869 1941 1898 Civitatis
1951 1863 2063 1907 absque

1180 1911 1347 1956 disbrimine
1357 1915 1610 1946 communicabant
1618 1937 1627 1952 ‚
1646 1924 1746 1947 tamen
1758 1920 1802 1946 uti
1815 1918 1960 1947 Gratiani
1973 1918 2067 1955 Impe-

1179 1968 1284 1995 ratoris
1297 1964 1345 1996 lex
1356 1963 1525 1997 libertatem
1534 1962 1654 2007 fingulis
1660 1963 1750 2006 sellis
1762 1968 1935 1997 Conventus
1954 1965 2064 2008 agendi

1179 2014 1289 2054 largita
1294 2012 1414 2053 fuerat,
1421 2011 1534 2056 rursum
1539 2011 1573 2055 se
1582 2013 1619 2045 ab
1636 2012 1761 2055 Ecclefia
1766 2013 1910 2057 separare
1920 2013 2067 2053 constitue-

1179 2071 1250 2095 runt
1263 2087 1270 2093 .
1298 2063 1408 2095 Idcirco
1421 2063 1582 2096 Antiochia*
1600 2069 1631 2095 in
1642 2074 1734 2096 unum
1745 2065 1835 2097 coac‘li
1845 2065 1881 2096 de
1893 2070 2006 2107 integro
2015 2065 2067 2096 de·

1178 2122 1334 2146 creverunt
1345 2123 1460 2153 vocm,
1488 2111 1738 2155 Confiibstantiale
1751 2139 1760 2153 ,
1785 2114 1837 2156 effe
1848 2112 2065 2156 aversandam.

1180 2162 1224 2195 Et
1236 2162 1365 2205 Magno
1389 2161 1577 2206 Imperatori
1590 2163 1626 2196 T
1629 2162 1782 2196 heodofio
1794 2176 1905 2198 coram
1930 2162 2064 2197 Liberio

1181 2212 1339 2246 Astorum
1362 2213 1555 2246 memoriam
1577 2213 1741 2247 refricanti
1768 2237 1779 2253 ,
1805 2214 1946 2258 ideoque
1968 2214 2065 2247 since·
2081 2229 2116 2257 ς,
2133 2230 2165 2258 8,

1180 2272 1253 2296 rum
1272 2272 1314 2295 ex
1337 2263 1450 2296 animo
1467 2262 1609 2297 reditum
1632 2261 1673 2296 ad
1684 2263 1904 2298 orthodoxam
1920 2263 2066 2297 Ecclefiae

1180 2322 1291 2356 pacem
1310 2311 1483 2352 suadenti,
1510 2313 1749 2347 contumaciter
1769 2314 1804 2347 in
1827 2313 2067 2348 Constantino-

1179 2362 1324 2406 politana
1348 2363 1486 2405 Synodo
1510 2363 1717 2406 reposuerunt
1742 2366 1774 2398 se
1795 2363 1893 2398 malle
1906 2362 2065 2397 Atianam

1179 2412 1372 2455 opinionem
1387 2414 1560 2451 asservare,
1584 2425 1681 2456 quam
1695 2412 1990 2448 Consubstantialis
2013 2418 2067 2446 Fi-

1178 2463 1226 2496 dei
1246 2461 1410 2505 adsintiri.
1437 2463 1518 2509 Qae
1529 2463 1644 2497 omnia
1669 2463 1778 2498 scribit
1798 2464 1898 2498 etiam
1913 2464 2066 2498 Hermias

1179 2514 1405 2547 Zozomenus.
1433 2513 1476 2546 Et
1503 2513 1581 2546 hinc
1603 2514 1687 2556 apud
1701 2513 1855 2547 Saneium
1873 2513 2066 2548 Maximum

1181 2574 1248 2596 non
1261 2562 1348 2596 solus
1361 2562 1533 2598 Anomeus
1547 2587 1557 2602 ,
1570 2563 1621 2595 stu
1640 2563 1689 2596 Eu
1696 2563 1867 2596 nomianus
1879 2586 1890 2602 ,
1902 2561 1953 2596 sed
1965 2562 2067 2598 etiam

1179 2612 1440 2647 Macedonianus
1459 2611 1688 2648 orthodoxum
1700 2623 1755 2656 per
1766 2612 2002 2649 contumeliam
2013 2624 2067 2657 ap-

1181 2662 1277 2705 pellat
1302 2662 1571 2696 Homoufiasten.

1228 2711 1320 2746 Istius
1354 2714 1446 2746 vocis
1469 2712 1538 2755 post
1563 2713 1681 2747 Atium
1713 2725 1751 2748 ac
1772 2714 1839 2757 ejus
1872 2713 2065 2748 primitivos

1180 2762 1412 2807 Congerrones
1423 2761 1573 2805 palmatis
1587 2787 1596 2802 ,
1622 2764 1655 2797 &
1667 2763 1827 2806 Capitalis
1840 2764 1874 2797 in
1888 2764 1953 2807 ipsa
1965 2764 2067 2798 etiam

1180 2812 1317 2846 Nicaena
1341 2810 1479 2854 synodo
1506 2811 1608 2847 hosiis
1636 2814 1699 2847 fuit
1720 2814 1881 2848 Eusebius
1907 2814 2067 2853 Nicome-

1179 2862 1294 2896 diensis
1318 2862 1514 2905 Episcopus.
1543 2863 1622 2905 Ejus
1634 2863 1772 2908 Collega
1787 2863 1946 2898 Eusebius
1965 2864 2068 2900 Caesa—

1181 2913 1294 2946 reensis
1309 2911 1487 2956 Episcopus
1498 2937 1508 2952 ‚
1535 2913 1635 2956 ipsam
1648 2914 1724 2949 licet
1736 2914 1805 2957 post
1818 2913 1963 2958 aliquam
1974 2913 2072 2958 tergi-

1182 2962 1396 2996 versationem
1417 2963 1543 2996 admisit
1567 2963 1600 2996 in
1628 2963 1757 2998 laudata
1782 2962 1947 3006 synodo,
1971 2962 2004 2996 &
2026 2963 2069 2996 de

1181 3012 1246 3056 ipsa
1260 3012 1378 3055 scripsit
1389 3013 1430 3047 ad
1443 3014 1530 3046 suam
1545 3013 1723 3048 Ecclesiam
1737 3026 1744 3046 z
1760 3014 1872 3048 Eodem
1884 3015 1966 3046 modo
1976 3019 2066 3049 etiam

1184 3063 1277 3101 illud,
1305 3065 1419 3095 Filium
1444 3066 1531 3095 Patri
1551 3061 1828 3105 consubstantialem,
1845 3064 1897 3107 esse
1914 3088 1926 3104 ‚
1953 3070 2066 3102 ratione

1183 3115 1216 3146 <y-
1237 3110 1409 3154 exquisitum
1431 3111 1467 3146 eff
1493 3116 1527 3147 ό·
1544 3113 1704 3154 probatum
1722 3136 1732 3151 ‚
1752 3125 1811 3147 non
1835 3124 1912 3147 more
1934 3121 2066 3155 corpore?

1184 3162 1287 3195 debere
1308 3161 1459 3204 intelligi,
1485 3173 1576 3204 neque
1587 3164 1751 3205 quidquam
1773 3162 1982 3205 baberefimile
2001 3173 2066 3195 cum

1183 3211 1351 3245 mortalibus
1371 3212 1597 3245 animantibus:
1619 3217 1706 3247 Nam
1727 3224 1818 3256 neque
1843 3211 1981 3253 divisione
1997 3210 2068 3255 sub-

1184 3262 1318 3302 Hantiae,
1345 3272 1437 3303 neque
1460 3260 1640 3304 desec‘lione,
1666 3275 1758 3307 neque
1779 3267 1939 3297 mutatione
1960 3264 2068 3303 Pater-

1184 3324 1231 3346 nae
1243 3311 1384 3354 Essentiae
1405 3314 1438 3344 (w
1447 3311 1607 3353 facultans
1626 3314 1702 3356 poffe
1722 3312 1847 3352 constare
1860 3326 1871 3346 :
1897 3316 2069 3355 Ingenuam

1185 3368 1263 3397 enim
1275 3364 1377 3396 Patris
1388 3371 1549 3404 naturam,
1575 3363 1613 3396 ab
1624 3362 1672 3395 hir
1697 3362 1829 3398 omnibus
1846 3360 1971 3406 prorsus
1994 3364 2068 3399 alie·

1634 3413 1655 3447 S
1682 3413 1701 3447 s
1946 3424 2018 3448 nam
