2340 3736
524 181 630 227 D!
696 174 1164 225 CoNcltio
1234 175 1714 223 Ep'l-IESINO.

211 270 274 297 cum
293 264 446 299 hareticis‘
451 265 581 308 fuerant
603 264 778 308 reprehensa
789 289 799 303 ,
825 270 894 307 quia
906 265 1029 306 quidam
1048 263 1080 296 il-

210 315 271 349 lam
282 316 461 358 Ephefinam
476 322 609 357 primam
619 317 761 353 synodum
778 322 810 347 in
821 317 923 348 eadem
941 314 1013 346 urbe
1022 319 1081 346 exi-

203 362 329 403 stimunt
352 390 363 405 ‚
387 375 456 408 quae
478 366 626 408 quondam
649 366 687 397 ab
710 365 854 398 haereticis
879 364 1012 395 traditur
1032 363 1082 405 effe

208 414 381 456 composita,
406 418 522 449 omnini
546 416 645 458 neceffe
663 414 701 455 est
723 439 733 455 ,
760 423 795 447 ut
815 412 962 445 Charitas
985 411 1081 452 vestra

208 466 332 497 eandem
347 467 487 504 synodum
505 468 592 506 apud
611 465 751 498 sanatam
772 463 1011 495 Alexandrinam
1034 472 1067 494 at

207 524 265 555 que
276 515 487 549 Antiochenam
510 514 664 554 Ecclefiam
685 518 818 554 requirat
830 537 840 552 ‚
867 514 1037 554 &qualiter
1051 518 1083 544 in

206 569 337 597 veritate
356 565 522 605 habeatur,
546 567 702 598 inveniat.
726 563 800 602 Vel,
820 560 852 603 fi
863 562 962 603 placet
978 586 988 602 ,
1014 561 1083 594 binc

206 612 367 657 dirigemus
384 637 395 653 ,
421 627 488 657 quae
506 613 546 646 ab
565 618 744 654 antiquitate
763 610 892 655 servata
914 618 948 644 in
960 611 1081 655 J‘t'riniis

207 661 347 697 habemus
357 688 364 696 .
391 666 448 697 Illa
457 669 536 696 enim
546 663 672 701 synodus
683 687 693 702 ,
719 674 786 704 quae
795 660 852 705 sub
860 669 968 703 primae
980 661 1082 703 Ephe-

199 711 275 754 finae
297 719 424 757 imagine
435 712 528 754 fadia
546 711 605 751 est,
629 713 770 754 quaedam
782 718 814 744 in
832 710 1006 755 Jecapttula
1014 712 1081 754 affe-

207 767 248 795 rit
265 763 449 805 approbata,
476 761 620 804 qua-sunt
643 762 757 801 celestii
768 770 855 804 atque
875 762 990 806 Pelagii
998 770 1082 804 prae-

207 814 389 845 dicamenta.
416 815 463 844 Et
485 813 549 844 cum
560 811 698 850 celestius
722 820 809 854 atque
821 813 961 856 Pelagius
986 817 1018 844 in
1044 824 1080 844 ea

207 863 314 901 synodo
325 860 387 902 fint
396 862 536 894 damnati
547 887 557 902 ,
585 864 725 903 quomoda
732 870 873 904 poterant
885 863 941 894 illa
955 865 1079 902 Capitu-

210 912 242 943 la
251 916 362 952 recipi,
373 922 496 953 quorum
507 912 731 945 damnabantur
741 912 874 945 auam-es
886 912 900 945 ἓ
926 906 1082 958 ’(ζιιοιῃο-

205 958 252 994 do
262 961 395 994 Sanetus
417 960 623 1006 Augustinus
646 961 731 996 inter
742 972 848 995 veram
858 961 1079 996 Sardicensem

206 1008 379 1052 Synodum
401 1011 436 1044 &
459 1012 726 1046 conventiculum
738 1011 1080 1055 philippopolitanum

205 1058 320 1093 nesciit
341 1060 563 1105 distinguere,
588 1060 727 1106 ideoque
748 1070 921 1105 utrumque
940 1072 1081 1095 conven-

204 1118 276 1143 tum
298 1110 422 1154 putavit
441 1112 505 1145 effe
526 1109 747 1154 Arianorum3
773 1111 818 1144 ita
844 1113 984 1156 Joannes
1005 1110 1081 1154 jeju-

204 1170 300 1194 nator
322 1159 545 1195 orthodoxam
567 1160 759 1204 Ephesinam
781 1172 858 1195 cum
879 1160 1081 1195 schismatica

204 1207 342 1252 synodo
352 1209 504 1244 confudit
517 1236 527 1251 ,
553 1210 691 1255 ideoque
707 1210 959 1257 pelagianorum
975 1212 1080 1245 decre-

205 1271 238 1292 ta
256 1257 394 1293 credidit
414 1262 475 1294 efl'e
489 1259 736 1295 Catholicorum
751 1286 758 1293 .
783 1261 822 1294 In
835 1271 932 1296 tantae
943 1260 1081 1295 civitatis

203 1307 370 1352 Episcopo
382 1309 568 1353 ignorantia
585 1311 725 1345 nimium
738 1311 833 1345 crassa
847 1336 854 1343 .

254 1360 303 1392 At
313 1359 462 1402 quaeritur
472 1384 483 1400 ,
509 1358 566 1393 An
586 1360 643 1394 illa
655 1361 832 1404 Pelagiana
847 1360 928 1394 Asta
940 1361 1081 1405 Joannes

204 1405 438 1445 Antiochenus
453 1410 488 1444 in
510 1411 568 1444 suo
592 1411 828 1445 conventiculo
851 1411 956 1444 revera
976 1410 1079 1443 edide-

203 1459 247 1492 rit
264 1482 275 1499 ‚
302 1468 359 1493 aut
381 1458 464 1493 certe
483 1460 627 1504 probarit
651 1463 664 1494 ?
691 1461 794 1495 Ratio
814 1459 988 1495 dubitandi
1012 1459 1057 1494 est
1071 1485 1079 1499 ,

202 1507 292 1550 quod
307 1520 379 1542 vera
403 1510 581 1552 Synodus‚
606 1511 646 1545 de
658 1510 912 1555 Pelagianorum
935 1521 1079 1545 commu-

203 1559 611 1595 nione&satellitioillum
635 1561 760 1595 assidue
770 1571 926 1605 arguenS,
951 1561 1081 1605 ejusque

203 1607 414 1652 expugnandi
438 1620 572 1644 omnem
595 1611 682 1644 viam
695 1622 838 1654 quaerens
852 1635 862 1650 ,
889 1610 1018 1654 penitus
1035 1619 1079 1644 ta-

203 1666 274 1690 ceat
288 1658 433 1692 deeditis
441 1670 496 1693 aut
510 1659 650 1702 probatis
671 1659 827 1702 ejusmodi
845 1660 956 1693 Auis.
985 1658 1082 1693 Certe

204 1705 413 1742 Theodosius
425 1707 613 1753 Augustus,
642 1710 800 1744 Romanae
809 1709 956 1743 Ecclefiae
979 1710 1083 1744 decre-

203 1766 235 1789 ta
258 1757 476 1796 confirmans,
502 1769 603 1801 nuper
613 1757 808 1802 Pelagianos
830 1766 987 1803 tanquam
1006 1759 1082 1793 defi·

201 1804 304 1838 nitive
312 1803 485 1840 damnatos
503 1817 591 1841 extra
607 1807 737 1851 Imperii
758 1810 840 1842 fines
853 1809 1082 1851 proscipserat,

201 1852 343 1899 ideoque
364 1857 397 1890 &
409 1856 492 1899 apud
505 1856 593 1892 hunc
605 1881 616 1897 ‚
642 1858 676 1891 ὃς
689 1858 772 1902 apud
786 1857 948 1892 laudatam
962 1858 1081 1891 Roma-

202 1913 322 1938 norum
355 1905 532 1941 Ecclesiam
555 1920 623 1942 non
654 1917 777 1950 poterat
798 1908 961 1942 efficacius
981 1908 1081 1941 everti

204 1954 366 1997 Joannes,
392 1967 490 2000 quam
514 1968 566 2000 per
589 1957 757 2001 probatam
779 1957 916 1992 haerefim
938 1957 1080 2002 Pelagia-

202 2015 280 2038 nam
294 2029 301 2035 .
330 2007 462 2041 Deinde
482 2008 571 2041 lateri
596 2009 654 2042 suo
676 2007 871 2042 adhaerentes
886 2007 1082 2053 Pelagianos

204 2054 450 2098 Ex·Episcopos
462 2069 504 2091 ne
517 2058 648 2101 quidem
661 2058 787 2093 admisit
798 2058 840 2091 ad
853 2058 916 2092 suis
928 2058 960 2092 in
975 2058 1081 2101 Cyril·

205 2102 228 2133 li
251 2103 404 2145 Capitula
426 2105 561 2139 decretis
582 2107 849 2142 subscibendum.
878 2109 922 2142 Et
949 2109 1082 2142 Sanetus

204 2151 374 2193 Cyrillus,
399 2153 479 2187 dum
493 2165 605 2197 pacem
626 2166 702 2188 cum
717 2156 881 2196 illoiniit,
907 2157 992 2190 nihil
1006 2157 1081 2200 legi-

203 2209 257 2233 tur
267 2201 437 2243 possulasse
457 2202 499 2236 de
520 2203 664 2237 articulis
684 2203 886 2249 pelagianis.
916 2206 1081 2254 Quocirca

203 2249 383 2294 respondeo
395 2250 572 2297 Pelagiana
594 2252 721 2288 decreta
733 2255 826 2288 fuisse
843 2255 978 2289 istorum
990 2255 1084 2289 dum·

203 2310 295 2334 taxat
306 2300 607 2346 Ex-Episcoporum
619 2313 807 2338 commenta
816 2328 828 2343 ,
855 2303 965 2338 oblata
978 2306 1083 2348 Syno-

204 2350 249 2384 do
262 2348 490 2392 schismaticae,
515 2364 548 2386 at
566 2352 719 2396 perillam
742 2363 810 2387 non
835 2354 989 2397 probata,
1015 2354 1081 2396 qui-

204 2399 263 2434 bus
281 2410 391 2435 tamen
412 2403 460 2435 sui
482 2404 626 2437 austeres
638 2401 804 2446 Ephefinae
815 2404 943 2446 synodi
967 2405 1080 2438 fucum

204 2449 289 2493 apud
301 2451 483 2494 imperitam
496 2452 620 2495 plebem
631 2454 663 2487 ὃς
674 2455 749 2487 suos
762 2454 918 2498 Gregales
938 2453 1081 2488 adfinxe-

204 2511 254 2534 re.
283 2501 370 2549 Qis
379 2501 490 2536 credat
503 2502 660 2546 Ioannem
674 2501 923 2549 Antiochequm
935 2529 946 2544 ‚
969 2502 1081 2539 Theo·

204 2549 356 2584 doretum
379 2575 390 2591 ,
414 2563 452 2585 ac
475 2562 588 2586 eorum
610 2553 765 2597 Collegas
787 2556 916 2598 negasse
942 2554 1081 2599 originis

205 2610 374 2642 peccatum
396 2625 407 2641 ,
433 2602 473 2636 de
493 2613 560 2645 quo
592 2614 652 2636 nec
686 2602 855 2637 Nestorius
887 2604 1083 2638 dubitavit?

207 2648 338 2693 Agente
349 2651 463 2684 Sansso
474 2651 635 2697 Gregorio
647 2653 807 2696 perierunt
831 2653 976 2689 scabiosa
987 2656 1055 2689 asta
1071 2679 1082 2695 ‚

206 2697 344 2743 ideoque
354 2700 442 2735 aliud
455 2712 582 2745 nequeo
593 2702 741 2738 divinare
754 2728 761 2734 .

940 2828 1060 2837 ἦ*

298 2918 551 2966 CAPUT
587 2919 984 2987 QJINTUM.

205 3038 422 3102 Exponitur
434 3042 588 3089 Joanm's
601 3036 815 3086 Antiocheia·
839 3044 898 3086 <²9⁸
912 3040 1083 3106 Ecclesia

301 3102 512 3152 orthodoxae
530 3107 710 3174 judicium
735 3108 777 3156 de
802 3109 987 3159 duodecim

392 3175 576 3242 Capitulis
591 3183 621 3224 S
621 3178 720 3226 antii
733 3179 893 3243 cyrilli.

268 3290 367 3327 Antii
403 3294 522 3337 Cyrilli
548 3295 723 3332 duodecim
758 3299 912 3343 Capitula
938 3302 999 3335 effe
1038 3312 1078 3335 ex

292 3341 375 3377 Ario
387 3367 398 3383 ,
412 3345 579 3379 Eunomio
590 3370 600 3386 ,
621 3357 715 3389 atque
727 3347 935 3391 Apollinario
947 3375 958 3390 ,
985 3349 1077 3383 Chri-

205 3392 243 3424 sti
269 3393 411 3427 Domini
445 3405 573 3428 naturas
599 3395 877 3433 confundentibus
899 3425 910 3440 ,
937 3399 1079 3433 scabiosa

206 3440 325 3483 primus
337 3444 538 3488 excogitavit
551 3445 721 3479 Nestorius
735 3471 746 3486 ‚
767 3449 978 3492 persuasitque
990 3449 1079 3482 Prin-

205 3490 270 3531 cipi
291 3490 506 3535 Theodofio,
532 3495 643 3529 multis
663 3495 820 3545 Palatinis
841 3521 852 3537 ,
880 3498 996 3540 Joanni
1020 3498 1079 3532 Pa·

205 3538 350 3575 triarchae
360 3540 571 3581 Antiocheno
582 3571 594 3588 ‚
620 3547 777 3589 omnique
787 3547 856 3592 ejus
875 3548 974 3584 ferme
989 3548 1081 3583 Dioe-

1893 194 1910 223 1
1928 191 1946 235 5

1144 261 1202 294 celi
1227 284 1238 300 ,
1264 258 1380 294 affidu&
1399 259 1615 296 clamantibus
1635 260 1801 296 haereticos
1822 260 1855 294 &
1878 260 2014 296 stolidos

1143 309 1204 345 esse
1217 309 1294 343 istos
1303 309 1592 344 anathematismos
1601 334 1611 349 ‚
1624 314 1751 355 seseque
1764 310 1872 354 potius
1884 334 1894 350 ,
1915 311 2017 354 quarn*

1143 361 1184 395 ad
1195 372 1309 395 eorum
1322 372 1423 394 unum
1436 385 1447 401 ,
1473 360 1513 394 ad
1524 361 1613 393 mille
1628 362 1712 396 necis
1727 371 1846 406 genera
1865 372 1992 403 paratos
2006 385 2013 392 .

1144 411 1188 445 Et
1208 411 1250 444 de
1273 410 1341 454 ipso
1353 410 1506 454 Principe
1531 408 1640 443 scribit
1660 411 1859 445 schismatica
1882 410 2014 453 Joannis

1145 459 1349 495 Antiocheni
1363 462 1462 494 factio
1480 460 1520 494 ad
1535 460 1661 493 Rufum
1674 460 1871 505 Episcopum
1879 459 2018 494 Thessa-

1144 510 1360 544 lonicensem.
1389 511 1540 554 ,Quintum
1546 512 1617 551 jam
1627 521 1679 542 nos
1702 511 1819 552 &ipsias
1834 537 1842 550 ,
1869 522 1946 544 verae
1956 512 2014 554 Sy-

1145 559 1222 594 nodi
1235 561 1361 604 legatos
1372 559 1552 604 Episcopos
1563 585 1573 601 ,
1598 558 1711 599 affatus
1724 583 1733 598 ‚
1760 561 1818 591 illis
1830 563 1991 594 mandavit
2002 586 2011 600 ,

1142 620 1175 642 ut
1198 612 1249 643 vel
1259 614 1371 652 Capita
1390 611 1492 649 Cyrillt
1508 620 1666 652 tamquam
1684 620 1747 641 cum
1763 609 1825 650 fide
1842 617 2012 652 pugnantia

1142 662 1279 701 rejiciant
1291 684 1301 699 ,
1327 662 1379 693 vel
1386 662 1464 694 certe
1475 686 1486 701 ,
1507 659 1640 703 suftepto
1657 665 1689 692 in
1709 671 1804 698 eorum
1823 659 2013 699 defensionem

1142 715 1319 748 certamine,
1345 709 1514 751 sandlorum
1535 713 1664 744 Patrum
1683 708 1842 750 confeffloai
1865 709 2015 750 consenta-

1142 771 1199 792 nea
1211 760 1263 802 esse
1270 759 1518 800 palamfaciant.
1548 765 1584 792 In
1592 768 1733 801 promptu
1758 765 1837 792 enim
1863 771 2014 802 argumen-

1141 819 1174 842 ta
1186 809 1325 842 babemus
1339 833 1349 848 ‚
1371 818 1426 850 per
1435 822 1502 851 quae
1514 809 1649 852 ostensuri
1658 821 1775 842 eramus
1792 835 1801 849 ‚
1829 811 1909 852 quod
1922 809 2015 842 ortho-

1141 862 1228 893 doxae
1241 859 1314 902 fidei
1339 859 1509 892 Dot‘ioribus
1532 859 1685 900 manifeste³
1707 858 1929 902 adversantur.
1959 861 2015 894 Ab

1142 910 1206 942 illis
1217 909 1327 943 doceri
1350 908 1442 952 ajtlnt
1464 908 1561 952 ipsam
1574 913 1628 942 Dei
1640 909 1728 941 Verbi
1741 913 1941 942 Divinitatem
1962 912 2015 953 esse

1136 961 1252 1002 paffam
1261 970 1295 992 ac
1305 958 1541 1002 transmutatam
1553 966 1585 1005 in
1597 971 1716 992 carnem
1727 984 1738 999 ,
1747 971 1786 992 ex
1797 964 1970 993 Divinitate
1982 963 2016 994 δ’

1140 1008 1326 1042 humanitate
1342 1009 1461 1050 fabiam
1483 1021 1575 1043 unam
1606 1020 1767 1050 naturam,
1793 1013 1916 1043 Domini
1945 1012 2017 1043 idio-

1140 1068 1225 1091 mata
1235 1058 1357 1100 diverfis
1369 1065 1488 1092 naturis
1499 1072 1556 1092 non
1567 1059 1752 1104 adsignanda
1765 1084 1775 1099 ‚
1801 1061 1928 1104 aliaque
1948 1061 2018 1103 plu-

1142 1121 1173 1142 ra
1183 1119 1220 1142 ea
1233 1108 1298 1151 ipsa
1312 1133 1322 1149 ‚
1348 1108 1393 1142 ob
1405 1121 1475 1152 quae
1485 1109 1602 1143 Ariani
1620 1113 1654 1144 ὅ(
1667 1110 1870 1143 Eunomiani
1884 1111 1900 1143 a
1913 1112 2018 1153 syno-

1142 1156 1186 1192 do
1207 1157 1341 1191 Nicaena
1363 1158 1396 1192 δε
1418 1159 1785 1202 constantinopolitana
1808 1172 1816 1201 ;
1847 1159 2018 1203 Apollina-

1145 1209 1208 1242 rius
1219 1218 1327 1241 autern
1341 1231 1351 1248 ,
1379 1208 1499 1242 Vitalis
1519 1208 1553 1241 ὃ(
1566 1207 1768 1242 Timotheus
1781 1210 1867 1242 fuere
1887 1209 2019 1245 damna-

1146 1259 1169 1291 ti
1180 1259 1199 1292 a
1210 1259 1356 1293 Damaso
1368 1257 1454 1301 Papa
1468 1282 1475 1290 .
1503 1258 1540 1291 In
1552 1258 1724 1301 Capitibus
1733 1258 1799 1291 illis
1810 1259 1900 1300 ajunt
1912 1269 2019 1302 aperta

1146 1309 1252 1343 fronte
1269 1308 1469 1351 impietatem
1494 1308 1653 1353 praedicari
1666 1333 1677 1349 ,
1703 1317 1799 1351 atque
1818 1308 1862 1341 ita
1874 1309 1995 1343 Rufum
2008 1335 2020 1351 ,

1147 1359 1275 1403 unaque
1296 1358 1499 1392 vastiffimam
1518 1358 1850 1402 IllyriciDioecelim,
1876 1359 1968 1402 cujus
1981 1360 2020 1393 il-

1148 1409 1176 1442 le
1197 1408 1596 1451 ApostoficusVicadus,
1626 1418 1755 1443 tentant
1776 1409 2021 1443 circumscibere

1148 1460 1179 1491 in
1191 1459 1283 1492 suum
1294 1469 1434 1492 errorem
1451 1459 1484 1493 &
1495 1470 1627 1503 gregem
1641 1484 1647 1491 .
1675 1459 1757 1492 Haec
1768 1459 1812 1492 est
1826 1459 1879 1492 illa
1893 1459 2020 1502 Episto-

1149 1510 1199 1549 la,
1224 1507 1265 1542 de
1287 1520 1349 1551 qua
1370 1507 1560 1543 subnotatio
1580 1508 1621 1543 ad
1645 1508 1839 1553 Encyclicas
1854 1509 2019 1543 Fastionis

1149 1558 1286 1592 litteras:
1316 1561 1374 1591 Per
1385 1558 1570 1600 Epistolam,
1596 1570 1663 1601 quae
1670 1557 1880 1603 subjungitur,
1906 1559 2020 1600 Rufum

1144 1606 1333 1652 Episcopum,
1345 1617 1377 1641 ut
1388 1614 1431 1641 eis
1443 1610 1651 1649 auxiliaretur,
1662 1618 1803 1652 rogarunt
1815 1634 1822 1641 .
1849 1609 1892 1642 Et
1905 1607 2019 1643 Theo-

1145 1658 1275 1692 doretus
1287 1679 1297 1695 ‚
1316 1657 1398 1701 Cyri
1414 1658 1591 1701 Episcopus
1601 1683 1610 1697 ‚
1622 1659 1655 1691 ἀ
1668 1659 1834 1692 Fastionis
1845 1660 1882 1693 ad
1895 1659 2021 1693 Princi-

1146 1717 1219 1750 pem
1232 1707 1394 1753 Legamsst,
1420 1707 1531 1741 scribit
1552 1708 1745 1742 Alexandro
1767 1709 2019 1752 Hierapolitano

1149 1757 1309 1800 Episcopo
1331 1782 1342 1798 ,
1368 1756 1426 1790 suo
1447 1757 1670 1801 Metropolitae
1689 1783 1695 1789 .
1724 1760 1898 1798 Pientiffimo
1928 1758 2020 1799 nostro

1143 1810 1239 1852 Regi,
1264 1807 1328 1850 jam
1349 1805 1389 1840 ad
1411 1807 1579 1842 meliorem
1601 1809 1728 1842 sensum
1745 1807 1904 1847 dedueto,
1932 1820 2021 1843 man-

1142 1856 1301 1898 dantique
1323 1857 1390 1890 fieri
1414 1867 1525 1899 pacem
1546 1882 1556 1898 ,
1581 1867 1646 1890 cum
1662 1859 1834 1898 juramento
1852 1856 2018 1901 suasimus,

1144 1907 1225 1949 quod
1234 1907 1398 1948 impoffibile
1408 1906 1444 1946 sit
1454 1907 1536 1940 nobis
1546 1908 1685 1946 Cyrillum
1708 1909 1933 1942 &Memnonem
1954 1919 2020 1941 con-

1142 1957 1260 1995 ciliari,
1285 1957 1410 1998 &quod
1419 1957 1487 1999 fieri
1510 1964 1654 1999 nequeat,
1679 1965 1713 1990 ut
1724 1958 1796 1992 aliis
1820 1969 1933 1992 eorum
1944 1958 2022 1992 Col-

1145 2006 1227 2051 legis
1236 2012 1499 2046 communicemus,
1525 2013 1644 2049 quinon
1656 2010 1747 2041 anteri
1770 2010 1907 2049 eiecerint
1927 2007 2021 2041 haere·

1143 2063 1202 2089 tica
1214 2057 1358 2101 Capitula
1368 2081 1375 2087 .
1405 2057 1563 2092 Lucidius
1576 2057 1720 2100 loquitur
1739 2058 1779 2093 ad
1791 2060 1864 2092 suos
1876 2059 2020 2102 gregales

1144 2103 1260 2149 Ephesi
1272 2116 1406 2150 agentes
1419 2130 1427 2138 .
1456 2109 1574 2150 ,Quinta
1584 2107 1704 2148 accessus
1716 2108 1755 2140 ad
1768 2107 1953 2150 Principem
1973 2119 2021 2139 no-

1144 2156 1189 2189 bis
1211 2161 1350 2197 contigit.
1377 2158 1423 2187 Et
1435 2156 1559 2188 multum
1582 2157 1620 2188 de
1640 2155 1788 2189 haereticis
1801 2159 1953 2198 Capitulis
1974 2159 2019 2189 a'i-

1140 2204 1343 2248 sceptavt'mus
1355 2227 1366 2243 ,
1380 2203 1608 2247 juravimusque
1622 2203 1735 2248 sapius
1749 2231 1759 2247 ,
1784 2207 2020 2249 quodimpoffibt-

1143 2256 1170 2288 le
1173 2253 1212 2295 fit
1225 2253 1308 2287 nobis
1329 2259 1540 2289 communicare
1550 2253 1597 2286 bis
1611 2279 1621 2294 ‚
1647 2262 1699 2298 qui
1721 2255 1845 2300 diversa
1863 2255 2017 2299 sentiunt,

1142 2303 1302 2343 [inondum
1322 2301 1498 2346 exploserint
1521 2306 1684 2348 Capitula3
1711 2306 1745 2341 ὠ*
1766 2308 1847 2350 quod
1864 2308 1991 2345 cyrillus
2008 2331 2019 2347 ,

1143 2351 1258 2394 etiamst
1278 2353 1411 2393 rejecerit
1423 2354 1566 2395 Capitula
1577 2377 1587 2394 ,
1614 2356 1632 2386 ἃ
1645 2355 1726 2387 nobis
1733 2354 1939 2399 suscipiendus
1962 2368 2020 2389 non

1135 2401 1175 2444 fit
1188 2427 1199 2442 ‚
1225 2406 1257 2436 εὸ
1270 2403 1348 2445 quod
1355 2400 1416 2446 ipse
1427 2412 1490 2438 tam
1500 2409 1601 2446 impiae
1611 2404 1751 2447 baereseos
1766 2405 1966 2449 Haerefiarcha
1980 2406 2021 2448 fit

1136 2453 1243 2495 salius
1279 2478 1286 2485 .
1314 2452 1408 2497 Juxta
1440 2454 1614 2497 antiquum
1645 2454 1792 2489 Ecclefiae
1825 2456 1999 2491 Canonem
2011 2480 2022 2496 ,

1142 2501 1316 2546 datamque
1350 2514 1391 2537 ex
1417 2502 1478 2538 illo
1509 2504 1702 2538 sententiam
1727 2505 1950 2541 damnationis
1984 2507 2020 2539 in

1142 2553 1360 2587 Memnonem
1384 2553 1612 2597 &Cyrillum.
1641 2554 1842 2589 Sententiam
1859 2555 2022 2591 Theodo-

1142 2602 1204 2636 fius
1217 2601 1385 2647 Augustus
1397 2614 1437 2636 ex
1451 2603 1561 2636 Acacii
1574 2603 1774 2637 Berrheensis
1786 2604 1938 2649 Episcopi
1952 2607 2019 2639 sua-

1142 2653 1176 2686 su
1187 2652 1413 2691 confirmavit,
1439 2653 1472 2686 &
1484 2654 1625 2696 Ioannes
1637 2654 1758 2688 Comes
1779 2655 1936 2690 sacrarum
1959 2656 2020 2688 lar-

1141 2702 1330 2747 gitionum,
1358 2701 1525 2746 Ephesum
1538 2704 1669 2744 missus,
1689 2705 1823 2745 ambos,
1850 2715 2019 2750 tamquam

1142 2749 1361 2786 haerefiarchas
1375 2776 1385 2792 ,
1411 2752 1456 2788 ob
1466 2754 1606 2797 capitula
1620 2754 1800 2789 carceribus
1811 2755 2017 2798 mancipavit.

1143 2802 1312 2844 Antiquus
1333 2802 1415 2836 item
1438 2803 1576 2842 Canon,
1602 2804 1793 2848 superiorem
1816 2804 1856 2838 ab
1869 2805 2018 2841 inferiori

1142 2852 1276 2895 judicari
1289 2862 1399 2887 vetans
1410 2876 1420 2892 ‚
1446 2864 1488 2887 ex
1500 2852 1620 2889 hareszs
1632 2857 1725 2890 causa
1749 2855 1906 2900 permittit
1916 2855 2018 2889 etiam

1142 2902 1310 2936 damnari:
1337 2902 1454 2937 Hocce
1475 2904 1615 2938 Canone
1637 2915 1744 2938 tutum
1768 2906 1844 2939 sein
1856 2904 2020 2949 Cyrillurn

1142 2951 1345 2987 existimabat
1366 2953 1507 2997 joannes
1530 2953 1759 2989 Antiochenus
1783 2979 1794 2995 ‚
1820 2955 1854 2989 &
1874 2956 2019 2999 capitula

1142 3002 1204 3036 effe
1233 3002 1358 3036 nodum
1386 3014 1555 3048 nunquam
1587 3005 1627 3040 ab
1648 3005 1710 3039 illo
1731 3005 1923 3040 solvendum
1960 3015 2018 3040 aut

1142 3053 1375 3096 rumpendum.

1192 3101 1230 3136 ln
1257 3100 1393 3136 adducta
1406 3101 1446 3135 ad
1458 3103 1585 3139 Rufum
1610 3103 1931 3140 Thessalonicensem
1943 3106 2017 3148 Epi-

1143 3151 1222 3184 stola
1244 3153 1335 3186 addit
1349 3177 1359 3192 ,
1386 3163 1453 3185 non
1476 3153 1565 3187 suam
1587 3155 1795 3190 solummodo
1818 3156 1990 3190 Dioecefim
2004 3178 2015 3194 ‚

1143 3201 1193 3234 sed
1212 3201 1246 3233 ὅ(
1274 3201 1467 3244 Bythiniam
1488 3226 1498 3241 ,
1532 3203 1819 3250 Paphlagoniam,
1847 3204 2018 3248 Cappado-

1141 3252 1225 3284 ciam
1248 3251 1418 3285 secundam
1440 3277 1450 3292 ,
1476 3251 1648 3294 Pisidiam,
1677 3253 1879 3288 Thessaliam
1902 3278 1913 3293 ‚
1938 3254 2017 3286 Maeae

1141 3301 1216 3334 fiam
1230 3323 1240 3338 ‚
1265 3299 1450 3343 Rhodopen
1461 3325 1471 3342 ,
1492 3302 1619 3347 aliosque
1630 3305 1870 3346 quamplurimos
1882 3302 2017 3347 diversa-

1140 3362 1207 3383 rum
1230 3353 1454 3384 Provinciarum
1474 3352 1634 3396 Capitulis
1646 3353 1798 3386 adversati
1811 3378 1818 3385 .
1846 3354 1936 3386 Italos
1946 3366 2015 3396 quo-

1141 3411 1193 3441 que
1205 3409 1314 3433 certum
1327 3400 1363 3441 est
1373 3407 1535 3435 novitatem
1545 3403 1629 3442 istam
1651 3414 1838 3446 nequaquam
1851 3404 1963 3436 laturos
1975 3400 2018 3446 es-

1140 3449 1169 3491 se
1182 3475 1189 3481 .
1218 3454 1302 3482 Nam
1311 3455 1461 3484 Martinus
1470 3450 1663 3494 sachifflmus
1673 3452 1929 3496 Mediolanenfium
1941 3457 2016 3495 Epi·

1143 3498 1240 3541 sbapus
1261 3501 1306 3533 ad
1314 3513 1365 3534 nos
1380 3500 1513 3543 scripsit,
1540 3502 1704 3545 librumque
1715 3503 1796 3536 beati
1821 3502 1965 3543 Ambrosii·
1978 3504 2016 3535 de

1145 3553 1294 3585 Dominica
1325 3555 1531 3587 incarnatione
1555 3553 1600 3586 ad
1623 3554 1780 3595 piiffimum
1804 3557 2015 3595 Imperatorem

1917 3607 1969 3635 mi.

2034 415 2058 441 F.
2082 421 2144 448 450.

2033 458 2098 490 463.
