2340 3736
442 153 537 206 154
830 134 1060 205 QIN'TI
1093 145 1775 198 oanRAL15.CONCI1.11·

326 225 435 276 ficut
468 226 644 282 illorum
676 225 969 296 vunusquisque
1004 244 1057 274 ex
1091 222 1298 286 dogmate
1330 261 1345 285 ,,
1377 227 1501 292 quod
1536 231 1703 285 invenit
1736 270 1751 298 9
1785 233 1885 284 suos
1918 234 2155 309 discipulos

325 298 433 354 fecit
467 301 616 349 vocari
650 299 927 356 Platonic08‚
961 300 1005 344 δε
1040 294 1305 350 Manichaeos
1321 332 1335 356 ,
1370 299 1413 344 &
1438 300 1708 365 EpicuraeOS,
1743 308 1786 355 &
1822 309 2148 369 Marcionist233

323 370 453 420 fimili
487 367 620 418 modo
654 373 697 418 δε
732 369 833 418 cum
867 365 1062 420 Christus
1096 365 1259 428 dogma
1294 365 1520 422 invenisset
1538 405 1552 428 ,
1586 374 1631 419 &
1663 389 1718 420 ex
1753 374 1845 445 ipso
1879 378 2162 433 Christianos,

323 441 500 495 vocari.
536 441 581 494 Si
613 442 714 507 quis
749 441 882 502 igitur
911 434 1112 508 ‘defendit
1146 435 1407 509 praedirstum‘
1424 441 1608 514 impium
1642 440 1950 511 ''I‘heodormn²
1987 466 2032 501 et
2068 454 2151 502 im-

322 513 399 578 pia
432 505 522 574 ejus'
555 509 823 582 conscripta,
859 510 905 557 in
938 506 1100 575 quibus
1137 522 1228 562 tam
1263 507 1511 580 praedistaS,
1548 529 1681 578 quam
1718 513 1824 564 alias
1860 516 2149 572 in'n‘umerabi-

323 582 385 629 les
419 579 725 649 blasphemias
750 577 902 635 effudit
948 592 1103 632 contra
1150 594 1356 640 magnum
1404 584 1552 634 Deum
1597 599 1644 633 et
1693 585 1960 638 Salvatorem
1996 589 2148 657 jesum

322 650 544 706 Christum
578 689 592 712 ‚
625 668 671 700 et
706 667 794 699 non
830 649 1176 703 anathematizat
1211 665 1310 702 eum
1344 684 1358 710 ,
1396 665 1441 702 et
1476 653 1611 720 impia
1645 658 1736 720 ejus
1771 654 2017 725 conscripta
2049 697 2064 721 ,
2099 678 2148 711 et
2204 702 2208 705 .

323 738 472 771 omnes
509 724 588 787 qui
621 719 859 787 suscipiunt
885 753 900 781 5
937 719 1007 774 vel
1042 716 1284 773 defendunt
1318 736 1418 773 eum
1454 757 1466 781 ‚
1502 737 1548 771 et
1580 723 1734 778 dicunt
1768 725 2012 780 orthodoxe
2049 748 2148 780 eum

318 788 556 858 exposuisse
589 827 603 852 ‚
640 806 688 846 et
722 792 803 858 qui
838 788 1093 858 scripserunt
1128 807 1210 856 pro
1243 806 1299 837 eo
1330 826 1344 850 ,
1380 807 1426 839 et
1461 791 1614 842 eadem
1648 795 1714 848 illi
1748 793 1975 864 sapuerunt
2010 836 2023 859 ‚
2073 802 2147 850 vel

318 860 512 915 scribunt
548 878 629 929 pro
664 879 718 910 eo
753 897 766 923 ,
811 861 882 916 vel
918 861 1064 928 ‚impiis
1098 864 1190 925 ejus
1224 858 1478 930 ,conscriptis
1514 899 1528 923 ‚
1574 879 1620 913 et
1655 882 1729 914 eos
1764 869 1842 933 qui
1890 868 2044 918 fimilia
2080 870 2147 919 illi

318 931 517 1000 sapiunt,
554 932 625 986 vel
659 929 906 997 aliquando
941 929 1194 997 sapuerunt,
1233 945 1279 980 et
1317 930 1449 998 usque
1483 932 1540 981 ad
1575 950 1761 986 mortem
1791 937 2141 1010 permanserumr,

318 1001 392 1052 vel
425 1006 686 1069 permanent
722 1003 769 1056 in
804 1001 884 1055 tali
920 1001 1176 1076 impietate,
1212 1001 1314 1056 talis
1349 1002 1585 1059 anathema
1619 1005 1700 1060 fit.
1807 1005 1809 1008 ’

550 1354 1452 1435 CAPITULUM
1589 1353 1904 1438 XIII„

384 1537 406 1580 I
439 1536 539 1601 quis
568 1533 768 1584 defendit
798 1535 935 1601 impia
974 1533 1243 1584 Theodoreti
1282 1534 1550 1603 conscripta,
1590 1555 1688 1603 quae
1723 1554 1875 1587 contra
1911 1545 2070 1590 rectam
2093 1539 2143 1589 fi.

310 1541 382 1658 S
420 1603 547 1667 dem,
585 1621 631 1654 et
659 1620 812 1654 contra
838 1607 1023 1677 primam
1062 1605 1322 1673 Ephefinam
1359 1605 1544 1658 sanctam
1579 1606 1801 1675 Synodum
1823 1644 1836 1669 ,
1873 1624 1919 1658 et
1944 1615 2142 1661 Sanctum

308 1675 558 1744 Cyrillum‚
595 1690 640 1723 et
664 1674 898 1729 duodecim
926 1679 1017 1740 ejus
1042 1678 1252 1743 Capitula
1293 1674 1487 1747 exposuit
1520 1713 1534 1737 ,
1570 1692 1616 1725 et
1643 1680 1795 1726 omnia
1823 1695 1919 1744 quae
1954 1679 2144 1730 conscri-

306 1747 390 1814 psit
429 1764 510 1812 pro
540 1745 777 1800 Theodoro
799 1761 844 1799 et
869 1745 1076 1798 Nestorio
1102 1748 1250 1812 impiis
1273 1781 1287 1809 9
1331 1761 1376 1795 et
1400 1763 1481 1812 pro
1515 1747 1611 1798 aliis
1634 1782 1648 1810 ,
1686 1747 1944 1813 ςαίεεάεη]
1989 1749 2143 1820 praedi-

304 1819 386 1865 &is
414 1817 650 1867 Theodoro
677 1832 724 1866 et
750 1816 959 1869 Nestorio
986 1814 1214 1885 sapuerunt
1232 1854 1246 1881 ,
1288 1813 1522 1868 defendens
1547 1833 1646 1876 eos,
1682 1832 1727 1867 et
1755 1835 1902 1869 eorum
1938 1821 2142 1887 impieta-

306 1901 397 1937 tem
424 1924 437 1947 ,
476 1903 522 1936 et
561 1902 738 1960 propter
778 1887 862 1934 hoc
890 1887 1049 1952 impios
1086 1903 1250 1939 vocans
1282 1889 1496 1938 Dochores
1537 1885 1735 1939 Ecclefiae
1758 1924 1772 1949 ,
1812 1890 1892 1954 qui
1924 1892 2143 1956 unitatem

305 1955 542 2010 secundum
582 1955 1005 2017 subsistentiam-Dei
1029 1955 1166 2005 Verbi
1203 1955 1261 2015 ad
1292 1973 1465 2005 carnem
1490 1955 1756 2010 confitentur
1780 1995 1794 2019 ,
1831 1974 1877 2011 et
1913 1976 2003 2008 non
2038 1964 2142 2012 ana-

305 2027 569 2078 thematizat
593 2027 672 2087 ea,
704 2041 751 2074 et
777 2043 856 2074 eos
875 2025 1132 2091 qui'fimilia
1156 2028 1220 2075 eis
1245 2025 1498 2094 sapuerunt5
1535 2027 1607 2075 vel
1632 2024 1801 2098 sapiunt
1820 2063 1833 2088 ‚
1870 2027 2040 2096 insuper
2063 2047 2138 2079 au.

305 2114 397 2149 tem
441 2113 487 2146 et
510 2114 661 2148 omnes
684 2133 698 2156 ,
740 2098 820 2162 qui
866 2093 1119 2165 scripserunt
1154 2112 1307 2146 contra
1342 2102 1500 2149 rectam
1535 2095 1666 2145 fidem
1693 2133 1706 2157 ,
1742 2113 1788 2146 et
1810 2101 2007 2150 Sanctum
2044 2104 2139 2168 Cy,

305 2169 450 2217 rillum
467 2205 479 2228 ,
524 2183 568 2216 et
592 2165 840 2219 duodecim
865 2168 959 2230 ejus
984 2166 1222 2233 Capitula,
1258 2181 1302 2215 et
1347 2165 1481 2237 usque
1507 2165 1563 2217 ad
1589 2183 1778 2220 mortem
1812 2170 1859 2219 in
1879 2169 1959 2217 tali
1983 2171 2142 2241 impie-

303 2254 398 2291 tate
430 2237 751 2304 permanserunt
782 2272 796 2300 ,
826 2236 1313 2291 talis'anathemafit.

624 2510 1458 2663 CAPITULUM
1541 2536 1816 2629 XIV*

376 2761 399 2807 1
432 2756 533 2822 quis
568 2751 768 2802 defendit
803 2752 1043 2819 Epistolam
1074 2785 1093 2815 -,
1145 2771 1277 2820 quam
1315 2753 1497 2803 dicitur,
1529 2752 1627 2803 Ibas
1664 2753 1720 2804 ad
1769 2757 1930 2804 Marim
1965 2753 2144 2808 Persam?

304 2760 379 2876 S
413 2825 660 2876 haereticum
695 2821 893 2893 scripfiffe
918 2860 931 2884 ‚
969 2841 1066 2890 quae
1101 2823 1289 2887 abnegat
1325 2823 1506 2891 quidem
1542 2827 1690 2873 Deum
1726 2825 1918 2876 Verbum
1954 2826 2011 2875 de
2045 2824 2145 2877 sanm,

308 2899 376 2942 &a
410 2897 500 2945 Dei
533 2894 759 2945 Genitrice
796 2891 959 2962 semper
993 2896 1175 2956 Virgine
1211 2896 1354 2946 Maria
1389 2897 1683 2957 incarnatum,
1719 2895 1942 2947 hominem
1979 2896 2138 2947 faaum

308 2962 390 3012 effe
424 3001 437 3024 ,
486 2964 598 3013 dicit
634 2970 791 3015 autem'
817 2980 974 3031 purum
1012 2964 1239 3015 hominem
1278 2983 1331 3013 ex
1368 2963 1457 3036 ipsa
1493 2979 1643 3014 natum
1679 2963 1760 3014 effe
1793 3003 1807 3027 ,
1856 2985 1988 3034 quem
2025 2982 2136 3016 tem-

309 3034 432 3103 plum
467 3051 598 3086 vocat
624 3071 637 3096 ‚
674 3050 724 3085 ut
761 3034 870 3084 alius
904 3033 956 3084 fit
993 3037 1117 3086 Deus
1153 3034 1347 3085 Verbum
1374 3071 1387 3097 ‚
1418 3039 1461 3084 &
1498 3035 1609 3085 alius
1644 3036 1780 3086 homo
1805 3074 1819 3097 ,
1855 3053 1900 3087 et
1937 3041 2139 3087 Sanetum

309 3103 531 3176 Cyrillum
554 3140 568 3164 ,
602 3107 682 3170 qui
718 3108 873 3152 rea-am
910 3102 1037 3154 fidem
1073 3104 1422 3157 Christianorum
1458 3104 1714 3173 praedicavit
1738 3143 1751 3167 ‚
1788 3122 2014 3175 tamquam
2049 3106 2133 3155 hae-

311 3176 495 3226 ,reticum
517 3210 529 3233 ,
565 3188 611 3220 et
645 3174 838 3225 {imiliter
873 3175 1150 3241 Apollinario
1184 3177 1323 3242 impio
1350 3173 1554 3242 >scripsisse
1589 3178 1844 3228 criminatur
1868 3215 1882 3238 ,
1917 3192 1961 3226 et
1996 3176 2134 3225 incul-

311 3261 388 3313 pat
424 3246 609 3310 primam
645 3243 904 3308 Ephesmam
940 3242 1124 3295 sanctam
1159 3244 1383 3316 Synodum
1419 3261 1646 3311 tamquam
1681 3247 1767 3297 fine
1801 3247 2134 3306 examinatione,

313 3329 360 3363 et
395 3313 638 3378 quaestione
667 3312 922 3364 Nestorium
957 3314 1321 3367 condemnantem-
1354 3353 1368 3377 ,
1405 3331 1451 3364 et
1486 3314 1718 3366 duodecim
1737 3316 1961 3382 capitula
1996 3319 2134 3366 Sancti

312 3383 476 3448 Cyrilli
511 3385 674 3449 impia,
709 3397 754 3430 et
789 3387 1004 3432 contraria
1039 3390 1159 3441 redtae
1194 3385 1294 3436 fidei
1330 3401 1465 3435 vocat
1501 3386 1652 3436 eadem
1677 3388 1811 3452 impia
1846 3384 2053 3454 epistola,
2089 3401 2134 3434 et

312 3450 510 3505 defendit
545 3450 848 3517 Theodorum,
885 3468 934 3506 et„
965 3456 1215 3507 Nestorium
1259 3472 1305 3507 et
1334 3459 1477 3527 ‘impia
1503 3474 1653 3508 eorum
1679 3454 1910 3521 dogmata,
1948 3471 1992 3504 et
2027 3473 2134 3511 con.

1953 3526 2083 3572 scripta.
