2340 3736
3 1408 6 1410 v
52 1420 117 1454 cap.
130 1422 173 1444 n.

58 1648 122 1683 cap.
128 1653 139 1674 1
145 1644 173 1674 6.'

57 1762 123 1796 cap.
135 1767 162 1786 ι.

69 3255 136 3284 cap.

635 126 951 184 Senotrrs,
986 138 1051 171 ετ
1084 134 1264 172 norst
1295 135 1673 193 utus-raath

1931 145 1997 184 99

680 307 1159 377 CANON
1265 304 1615 383 XXII*

389 490 467 537 On
500 485 629 534 licere
664 482 848 538 Clericis
882 478 978 547 post
1011 478 1184 528 obitum
1220 476 1281 527 sui
1316 477 1521 546 Episcopi
1546 492 1612 526 res
1636 475 1693 526 ad
1717 493 1814 528 eum
1874 480 2062 546 ertinen-

415 572 480 607 tes
513 554 703 622 diripere
727 587 742 612 ,
777 551 893 600 sicut‘
921 551 1116 617 antiquis
1152 565 1330 616 quoque
1366 548 1427 597 est
1462 546 1717 606 Canonibus
1751 565 1836 597 con
1874 553 2060 613 iturum,

232 627 371 695 Qod
416 626 469 681 fi·
497 626 582 678 hoc
629 621 770 671 facere
819 622 1086 680 tentaverint
1119 655 1135 688 ‚
1176 616 1397 693 'graduum
1440 616 1610 677 suorum
1643 619 1841 696 periculo
1874 619 2062 695 subjace,

231 697 345 750 bunt
355 734 369 748 .

455 865 889 938 SCHQKLION.

231 1014 319 1103 C
333 1013 437 1052 Anon
449 1016 619 1065 vigesimus
630 1019 752 1064 primus
767 1018 814 1055 est
826 1018 909 1055 sexti
929 1017 1118 1055 Constanti·

345 1068 532 1113 nopolitani
543 1069 716 1106 innovatio
726 1094 738 1111 ‚
762 1071 844 1105 faeta
855 1070 935 1106 item
949 1081 1004 1115 per
1014 1068 1120 1114 plures

231 1118 387 1161 Synodos
397 1118 689 1164 Carthaginenses;
705 1144 707 1147 -
716 1118 890 1165 vigesimus
899 1118 1059 1156 secundus
1072 1119 1120 1153 in-

231 1178 335 1203 novat
345 1169 448 1204 alium
459 1170 631 1214 antiquum
642 1168 727 1205 mihi
744 1171 900 1215 ignotum
909 1196 922 1212 ,
947 1169 1120 1206 vetustam-

231 1229 296 1262 que
316 1217 468 1254 Ecclefiae
486 1220 762 1255 consuetudinem
782 1244 795 1261 ,
829 1219 1042 1255 mandantem
1063 1219 1117 1254 de-

231 1268 338 1302 runai
357 1268 514 1312 Episcopi
525 1279 563 1302 ac
578 1267 718 1304 viduatae
733 1270 882 1305 Ecclesia:
892 1281 943 1305 res
953 1279 1069 1304 omnes
1078 1269 1123 1305 es-

228 1317 266 1351 se
285 1317 519 1360 sacrostnstas,
545 1319 564 1352 a
587 1319 682 1354 nullo
701 1318 909 1354 Clerieorum
931 1318 1045 1355 invadi
1067 1327 1124 1354 aut

231 1365 327 1408 lzdi,
352 1366 406 1403 sed
427 1368 598 1404 successori
619 1369 752 1405 intastas
761 1370 934 1404 reservari.
959 1368 1123 1404 Eamdem

230 1418 372 1452 innovat
391 1418 494 1462 prima
513 1417 668 1461 synodus
689 1418 946 1454 Terraconensis
969 1443 981 1460 ,
1006 1418 1124 1462 jubens

232 1467 391 1512 Episcopi
411 1468 477 1503 fine
493 1468 688 1504 testamento
707 1468 852 1504 defunsti
862 1480 913 1504 res
921 1469 957 1504 in
970 1469 1124 1512 scriptum

232 1517 374 1553 Brevem
395 1518 450 1553 seu
472 1518 695 1554 inventarium
726 1518 832 1564 redigi
851 1529 909 1562 per
933 1518 1085 1554 Clericos
1103 1519 1123 1553 a

231 1567 371 1603 minima
390 1569 491 1612 usque
512 1568 555 1603 ad
576 1570 756 1604 maximam
783 1594 797 1611 ‚
833 1579 1010 1611 earumque
1037 1567 1126 1603 nihil

232 1619 380 1661 praesumi
396 1617 455 1652 sub
473 1629 563 1653 reatu
582 1619 681 1653 furti.
708 1618 877 1654 Ilerdensts
887 1618 1041 1662 Synodus
1050 1630 1126 1663 que·

231 1668 315 1701 titur
335 1668 533 1702 sanctionem
555 1667 641 1703 hanc
664 1668 779 1702 violari
795 1669 907 1711 passim
931 1669 951 1703 ὲ
970 1667 1129 1708 clericis,

232 1728 272 1753 ac
282 1716 426 1752 defuncti
446 1717 599 1762 Episcopi
618 1717 832 1752 substantiam
849 1718 1037 1755 immaniter
1050 1718 1128 1753 dila·

231 1767 354 1808 cerari,
380 1767 522 1811 ideoque
533 1765 650 1801 definit
658 1777 764 1801 certos
773 1766 822 1801 illi
840 1767 859 1802 ὲ
871 1768 971 1803 Clero
980 1767 1128 1812 deputari

232 1816 387 1852 custodes
397 1841 405 1850 .
425 1815 579 1862 Synodus
588 1816 756 1860 Hispaniae
766 1816 948 1852 Valentina
957 1815 1057 1853 hosce
1066 1818 1130 1852 Ca·

233 1877 340 1902 nones
349 1865 497 1902 extendit
505 1865 547 1901 ad
559 1866 713 1910 Episcopi
723 1866 864 1902 defuncti
877 1867 1106 1912 supellectilem
1117 1891 1128 1908 ,

235 1916 361 1958 libros,
388 1916 529 1961 species,
555 1916 721 1958 utensilia,
748 1917 885 1959 vascula,
905 1918 1035 1963 fruges,
1059 1927 1129 1962 gre-

235 1978 314 2012 ges,
340 1967 494 2002 animalia
506 1990 516 2006 ‚
541 1978 720 2011 eorumque
737 1978 878 2012 raptores
897 1967 1045 2004 Clericos
1059 1966 1128 2002 vult

234 2028 293 2062 per
304 2017 553 2060 Metropolitam
564 2028 618 2052 aut
637 2017 820 2053 Provincia:
830 2018 1005 2062 Synodum
1016 2017 1125 2063 puniri

235 2067 273 2100 ἀ
293 2066 371 2111 cogi
390 2067 432 2101 ad
447 2067 578 2110 plenam
601 2068 855 2102 restitutionem.
883 2068 991 2103 Addit
1015 2068 1125 2104 inven-

235 2115 360 2150 tarium
380 2116 465 2150 intra
486 2115 629 2150 defuncti
652 2117 779 2151 octavas
799 2117 841 2152 ab
864 2118 934 2160 ipso
953 2117 1127 2152 Visitatore

237 2165 406 2208 Episcopo
423 2166 579 2209 deinceps
596 2165 781 2200 faciendum
793 2191 804 2208 ,
828 2167 1129 2202 transmittendum·

237 2225 303 2258 que
313 2214 559 2258 Metropolitae,
583 2216 817 2260 quijamipse,
842 2216 876 2250 ἀ
896 2227 965 2250 non
987 2216 1126 2260 amplius

234 2262 389 2300 Ecclefiae
408 2265 524 2299 Clerus
536 2265 628 2299 dabit
648 2265 763 2299 domui
781 2265 922 2300 viduatae
933 2276 1128 2301 oeconomos

235 2314 272 2348 δε
285 2313 434 2350 custodes
445 2335 460 2355 ,ι
482 2314 649 2360 cogendos
672 2315 727 2359 ipsi
748 2314 789 2349 ad
813 2315 956 2350 rationes
974 2317 1034 2350 suo
1046 2326 1126 2355 tem-

234 2374 335 2408 pore:
363 2364 590 2409 Extenditque
612 2363 699 2399 hanc
716 2376 851 2400 ornnem
864 2366 1009 2410 regulam
1021 2365 1062 2400 ad
1075 2365 1127 2400 de-

234 2414 341 2449 funsti
361 2425 507 2459 parentes
525 2416 560 2449 ἀ
582 2416 867 2459 consanguineos,
892 2414 950 2450 sub
962 2417 1020 2450 suae
1029 2413 1126 2449 haere-

235 2464 350 2499 ditatis
370 2465 551 2510 separanda:
572 2466 648 2500 suco
670 2465 844 2500 consuetos
863 2465 897 2499 &
910 2466 1060 2500 Ecclefiae
1078 2476 1125 2499 res

235 2526 397 2559 occupare
413 2540 423 2556 ,
450 2516 626 2559 statuitque
648 2515 882 2559 separationem
904 2515 994 2550 illam
1017 2515 1036 2549 a
1060 2516 1125 2549 suc-

235 2565 358 2599 cessore
377 2565 541 2609 Episcopo
562 2564 630 2599 fieri
645 2587 656 2603 ,
680 2575 738 2599 aut
748 2564 855 2607 certe,
882 2563 962 2600 dum
975 2565 1042 2609 ejus
1053 2576 1127 2610 pro·

235 2615 423 2649 motionem
445 2614 622 2658 contigerit
644 2614 765 2649 differri
786 2614 931 2655 diutius,
956 2616 976 2650 a
1002 2616 1127 2650 Metro-

235 2663 342 2707 polita
368 2689 376 2695 .
413 2665 496 2698 Haec
520 2664 635 2699 omnia
660 2666 832 2699 confirmat
856 2676 945 2699 nona
971 2665 1126 2708 synodus

236 2713 407 2749 Toletana
426 2737 437 2753 ‚
469 2713 592 2748 addens
613 2714 654 2748 de
676 2715 841 2759 Episcopo
863 2714 1038 2750 Vifitatore
1058 2740 1066 2747 .
1095 2716 1125 2748 si

238 2764 369 2806 locuplex
395 2765 563 2798 decedentis
589 2763 716 2805 Ecclesia
743 2763 840 2805 fuerit
863 2789 874 2806 ,
911 2777 969 2798 non
993 2765 1123 2807 amplios

236 2815 332 2858 quim
346 2813 456 2847 libram
477 2820 544 2849 auri
554 2819 729 2859 cumgratia
739 2815 919 2855 offerentium
931 2814 1050 2857 auferre
1055 2822 1126 2857 per-

237 2871 356 2906 tentet3
376 2861 407 2905 fi
426 2867 498 2897 verb
519 2870 614 2897 minor
628 2864 717 2899 rebus
731 2864 895 2906 exstiterit,
922 2866 1081 2898 dimidiam
1091 2866 1126 2898 li-

240 2913 330 2948 &ram
343 2912 398 2955 fibi
419 2915 539 2947 licenter
550 2912 669 2957 uficrpet
681 2939 688 2946 .
713 2914 818 2962 Qod
830 2915 874 2949 ita
885 2920 1053 2957 antiquitas
1064 2913 1124 2957 ser-

238 2969 345 2998 varit.
375 2963 418 2998 Et
439 2962 480 2997 de
500 2963 713 3008 Metropolim
737 2988 744 2995 .
771 2967 826 2997 Ex
848 2966 952 2999 eadem
975 2970 1124 2998 morientis

239 3011 371 3054 Ecclesia
384 3013 592 3055 nibilprorss'cs
604 3015 722 3056 auferre
728 3012 897 3057 praesumat
909 3039 920 3056 ,
941 3014 1000 3059 sed
1010 3013 1105 3058 solam
1114 3040 1124 3056 ‚

240 3074 309 3106 quae
331 3064 377 3096 ad
394 3075 460 3097 eum
474 3069 627 3105 pertinet,
649 3063 830 3107 salvationis
840 3076 941 3099 curam
953 3066 1125 3108 impendat.

240 3112 287 3148 Et
309 3112 468 3148 Visitator
487 3113 569 3157 ergo
589 3113 623 3146 &
645 3114 924 3158 Metropolitanus
948 3114 1127 3159 Episcopus

240 3173 285 3199 ex
303 3173 385 3198 tunc
404 3172 572 3207 coeperunt
593 3162 651 3196 fibi
669 3164 845 3207 spoliorum
856 3164 907 3209 jus
916 3165 1128 3209 praetendere,

241 3212 397 3252 adversus
417 3213 508 3256 quod
526 3212 638 3246 statuit
660 3214 759 3248 etiam
778 3214 932 3257 synodus
945 3216 1109 3250 Trullana
1121 3241 1128 3248 .

150 3254 195 3284 35'
242 3264 334 3297 Nulli
353 3269 486 3296 omnium
505 3262 759 3304 Metropolitarum
782 3264 869 3298 liceat
879 3274 989 3299 mortuo
1012 3263 1132 3308 Episco-

239 3320 302 3355 po,
328 3318 381 3356 qui
405 3315 471 3354 eJ‘us
493 3311 597 3346 throno
610 3310 636 3354 s
636 3311 731 3352 ubest,
757 3324 804 3346 res
828 3312 910 3356 ipffias
933 3317 985 3349 vel
997 3314 1130 3356 Ecclesia

244 3364 311 3403 ejus
330 3361 450 3406 auferre
469 3363 524 3398 vel
533 3361 588 3404 fibi
611 3363 789 3404 vindicare,
811 3361 994 3410 sedfinesub
1003 3363 1128 3405 custodia

345 3511 452 3553 christ.
470 3514 549 3556 Lupi
561 3516 648 3556 oper.
662 3517 784 3548 TomJi.

1186 866 1267 906 Cleri
1288 866 1444 915 Ecclefiae,
1468 868 1514 905 eui
1532 864 1848 914 defunduspraefuit,
1873 864 1960 912 usque
1969 866 2069 901 adat-

1184 927 1276 956 terius
1297 920 1438 964 Episcopi
1453 926 1689 964 promotionem.-
1717 921 1927 962 Praeterquam
1941 916 1972 960 fi
1977 922 2010 950 in
2019 928 2068 950 ea-

1172 973 1251 1017 ,dem
1271 970 1396 1013 Ecclefia
1416 981 1474 1005 non
1487 970 1548 1013 fint
1559 971 1654 1004 relidi
1666 971 1774 1004 Clerici
1786 994 1794 1002 .
1821 972 1904 1003 Tunc
1915 973 1993 1003 enim
2007 969 2070 999 Me·

1183 1023 1377 1064 tropolitanus
1398 1033 1436 1055 ea
1458 1033 1517 1054 non
1538 1022 1693 1054 diminuta
1707 1018 1845 1064 servabit
1865 1043 1878 1060 ‚
1902 1017 2071 1052 ordinando

1183 1070 1327 1114 Episcopo
1336 1077 1436 1105 omnia
1444 1071 1576 1106 reddens
1586 1096 1594 1104 .
1617 1070 1781 1115 Loquitur
1801 1068 1952 1104 adversus
1966 1067 2071 1103 solum

1182 1119 1458 1165 Metropolitam‚
1483 1132 1553 1156 non
1564 1119 1714 1156 adversus
1725 1119 1955 1157 Vifitatorem,
1982 1115 2072 1160 quod

1184 1170 1233 1205 illi
1253 1170 1401 1215 permista
1421 1170 1530 1205 media
1549 1180 1607 1205 aut
1629 1171 1756 1214 integra
1773 1169 1845 1204 auri
1860 1167 1942 1202 libra
1953 1167 2074 1203 fitnon

1184 1230 1253 1255 tam
1277 1220 1420 1265 spolium
1448 1244 1461 1261 ,
1491 1218 1592 1266 quam
1618 1219 1738 1254 laboris
1762 1218 1976 1254 honorarium
2008 1215 2077 1249 Xe·

1187 1270 1302 1311 nium,
1328 1269 1504 1315 probatum
1525 1271 1626 1305 etiam
1648 1268 1667 1302 a
1688 1270 1805 1304 Sancto
1826 1267 1990 1312 Gregorio
2001 1265 2076 1299 Ma·
2093 1262 2249 1306 1⁴·4‚·EP·¹²

1185 1332 1256 1366 gno
1276 1321 1311 1354 in
1335 1320 1454 1356 litteris
1470 1319 1512 1356 ad
1534 1318 1671 1357 Petrum
1684 1319 1889 1363 Episcopum
1900 1315 2075 1351 Tricalita·
2095 1300 2182 1341 Epist.
2199 1311 2250 1338 ⁴²·

1186 1382 1266 1405 num
1286 1394 1298 1411 ,
1323 1370 1357 1405 δε
1382 1370 1418 1405 in
1445 1369 1562 1405 litteris
1587 1368 1628 1404 ad
1654 1368 1836 1404 Leontium
1862 1367 2075 1403 visitatorem

1189 1421 1390 1465 Episcopum
1411 1420 1564 1456 Ecclesiae
1590 1418 1809 1455 Ariminensis
1835 1443 1843 1450 .
1884 1415 1992 1452 Porro
2012 1415 2078 1452 Xe·

1190 1471 1282 1506 nium
1294 1470 1376 1505 illud
1388 1468 1475 1514 apud
1485 1470 1592 1505 varios
1603 1471 1666 1505 suit
1679 1469 1805 1504 varium
1816 1492 1823 1501 .

1237 1519 1364 1556 Eadem
1386 1520 1452 1555 fuit
1476 1520 1615 1564 antiqua
1636 1520 1688 1554 lex
1711 1519 1860 1554 Ecclesiae
1876 1517 2076 1553 Gallicanae.
2093 1539 2196 1576 cap-73

1191 1570 1322 1605 Etenim
1345 1569 1460 1615 quinta
1480 1567 1635 1613 synodus
1656 1569 1840 1604 Parifienfis
1861 1568 1973 1603 statuit
1991 1592 2002 1610 ‚
2041 1577 2078 1601 ut

1190 1620 1336 1655 defunsti
1361 1620 1516 1664 Episcopi
1539 1643 1551 1660 ,
1577 1619 1788 1663 Presbyteri,
1814 1618 1962 1654 Diaconi
1985 1641 1997 1658 ,
2022 1628 2079 1652 aut

1191 1670 1331 1713 cujusvis
1352 1670 1515 1705 inferioris
1524 1669 1665 1704 Ordinis
1675 1668 1796 1704 Clerici
1807 1680 1858 1702 res
1866 1668 1885 1702 a
1898 1667 1991 1702 nullo
2000 1676 2079 1702 ante

1191 1729 1338 1766 apertum
1359 1720 1590 1755 testamentum
1611 1720 1725 1763 quavis
1745 1719 1937 1753 auctoritate
1947 1717 2081 1753 contin-

1190 1780 1334 1815 gantur,
1360 1769 1415 1804 sed
1434 1769 1476 1805 ab
1493 1768 1773 1804 Archi—Diacono
1796 1778 1851 1803 aut
1873 1768 2007 1803 Clerico
2025 1767 2081 1802 de-

1191 1821 1356 1857 fensentur
1374 1820 1407 1854 &
1426 1821 1674 1855 conserventur.
1701 1817 1809 1853 Addit
1825 1817 1996 1853 adversum
2009 1818 2081 1862 spo·

1192 1871 1311 1906 liorum
1330 1870 1382 1913 jus
1399 1869 1442 1905 ab
1461 1869 1627 1913 Episcopo
1638 1878 1694 1905 aut
1708 1867 1982 1903 Archi-Diacono
1995 1869 2081 1901 usur·

1195 1921 1262 1964 pari
1283 1930 1445 1963 coeptum.
1471 1923 1676 1961 Comperimus
1688 1942 1698 1958 ,
1722 1918 1899 1959 cupiditatis
1920 1916 2055 1957 instincqu
2068 1941 2080 1957 ,

1190 1971 1342 2014 deficiente
1358 1969 1493 2011 Abbate,
1521 1969 1713 2009 Presbytero,
1739 1967 1792 2001 vel
1809 1967 1857 2001 his
1871 1992 1882 2007 ‚
1908 1973 1961 2011 qui
1976 1975 2033 2009 per
2044 1973 2082 2000 ti-

1191 2022 1267 2055 tulos
1287 2017 1465 2064 deserviunt
1476 2042 1488 2060 ,
1510 2018 1681 2061 praesidium
1702 2019 1901 2060 quodcumque
1922 2023 1954 2050 in
1975 2023 2080 2051 mortis

1193 2078 1321 2113 tempore
1340 2070 1572 2111 dereliquerint,
1598 2068 1637 2101 ab
1657 2066 1801 2109 Episcopo
1824 2069 1879 2101 vel
1904 2067 2082 2100 Archi-Dia·
2129 2075 2131 2077 ’

1192 2132 1260 2155 cono
1280 2120 1393 2160 diripi,
1420 2119 1454 2152 &
1475 2117 1559 2160 quafi
1569 2116 1627 2160 sub
1650 2127 1836 2160 augmentum
1845 2115 1979 2158 Ecclefiae
1997 2128 2083 2150 revo-

1191 2175 1275 2209 cari,
1300 2170 1335 2202 ἐν·
1355 2166 1514 2209 Ecclesiam
1538 2168 1595 2200 Dei
1613 2174 1671 2208 per
1687 2174 1809 2208 pravas
1831 2167 2012 2208 cupiditates
2031 2178 2082 2200 ex-

1191 2218 1353 2263 spoliatam
1375 2218 1501 2259 relinqui
1528 2241 1536 2249 .
1566 2218 1731 2249 statuimus
1753 2214 1971 2259 observandum
1997 2240 2008 2256 ,
2046 2225 2082 2250 ut

1192 2280 1284 2311 neque
1304 2265 1490 2310 Episcopus,
1517 2276 1612 2308 neque
1632 2265 1881 2299 Archi-Diaconus
1901 2267 2012 2300 exinde*
2024 2267 2081 2299 ali-

1191 2319 1268 2361 quid
1289 2316 1408 2359 auferre
1425 2315 1611 2360 praesumat‚
1629 2314 1688 2359 sed
1710 2320 1741 2348 in
1763 2317 1820 2349 loco
1843 2340 1854 2356 ,
1880 2315 1931 2349 ubi
1950 2321 2080 2349 moriens

1190 2368 1241 2402 hoc
1261 2368 1448 2409 dereliquerit
1466 2391 1477 2408 ‚
1515 2366 1731 2408 perpetualiter
1753 2366 1860 2400 debeat
1884 2374 2078 2408 permanere.

1190 2418 1294 2467 Qod
1324 2406 1436 2458 ”ipsum
1468 2415 1613 2450 statuunt
1645 2416 1748 2460 prima
1771 2415 1926 2459 Synodus
1948 2416 2080 2451 Cabilo-
2095 2420 2196 2450 ca127·

1191 2468 1295 2503 nensis
1306 2490 1317 2506 ,
1343 2466 1510 2500 Remensis
1522 2466 1579 2500 sub
1597 2466 1760 2500 Sonnatio
1771 2464 2054 2510 Archi-Episcopo
2068 2491 2079 2507 ,

1191 2516 1449 2562 Pontigonenfis
1462 2539 1473 2555 ,
1497 2527 1559 2551 nec
1570 2528 1638 2550 non
1651 2517 1844 2550 sacrosancta
1855 2514 2055 2550 Tridentina
2068 2541 2075 2548 .

1191 2568 1350 2603 Attamen
1362 2565 1559 2601 Patriarchis
1571 2591 1580 2606 ‚
1607 2565 1835 2608 Metropolitis
1845 2588 1856 2604 ,
1881 2565 2052 2609 Episcopis
2066 2590 2077 2606 ,

1191 2615 1509 2660 Archi-presbyteris
1526 2639 1537 2655 ,
1561 2615 1595 2648 &
1608 2614 1887 2649 Archi-Diaconis
1906 2626 2077 2659 nunquam

1191 2667 1286 2712 plene
1309 2667 1418 2710 potuit
1437 2665 1605 2701 efestucari
1628 2665 1808 2711 spoliorum
1827 2665 1877 2708 jus
1890 2687 1900 2703 ,
1926 2664 2003 2699 alibi
2021 2677 2077 2700 ex-

1193 2715 1381 2763 ponendum
1394 2741 1404 2749 .

1239 2766 1345 2801 Porro
1356 2766 1532 2801 Laicorum
1543 2767 1577 2800 in
1590 2764 1819 2800 defunctorum
1835 2764 2075 2809 Episcoporutn

1191 2817 1403 2852 substantiam
1425 2817 1599 2852 violentias
1608 2828 1646 2850 ac
1668 2819 1795 2859 rapinas
1806 2816 1969 2860 ignoravit
1992 2815 2076 2850 olim

1192 2867 1354 2907 Ecclesia,
1382 2865 1519 2910 ideoque
1541 2866 1662 2901 Canon
1686 2868 1795 2901 noster
1807 2865 1922 2900 definit
1945 2866 1979 2899 in
1994 2866 2076 2900 solas

1192 2917 1317 2962 rapinas
1339 2916 1545 2952 Clericorum
1565 2942 1571 2948 .
1610 2916 1711 2950 Reste
1732 2926 1841 2950 tamen
1876 2915 1911 2949 in
1936 2914 2075 2959 synodo
2092 2915 2199 2954 Cap.5.⁴

1192 2967 1397 3002 Lateranensi
1435 2966 1650 3001 Innocentius
1672 2965 1831 3000 secundus
1850 2977 1892 3000 ex
1912 2977 1953 2999 eo
1974 2966 2074 3000 etiam

1193 3018 1267 3052 istas
1285 3016 1422 3051 damnat
1435 3041 1446 3058 ‚
1473 3015 1630 3051 mandans
1651 3014 1880 3050 decedentium
1898 3015 2074 3059 Episcopo-

1192 3079 1263 3102 rum
1284 3066 1401 3102 bonna
1428 3067 1522 3102 nullo
1533 3065 1662 3110 penitus
1687 3064 1861 3099 hominum
1872 3065 1991 3108 diripi,
2018 3065 2072 3099 sed

1192 3117 1232 3151 ad
1246 3116 1395 3150 Ecclefiae
1405 3117 1439 3150 &
1449 3115 1634 3150 successoris
1643 3126 1725 3159 opus
1737 3116 1771 3149 in
1784 3114 1884 3149 libera
1897 3112 2069 3150 OEconomi

1193 3167 1225 3201 ὅ(
1238 3165 1445 3200 Clericorum
1458 3166 1615 3209 potestate
1641 3175 1825 3210 permanere
1837 3190 1848 3205 ,
1873 3165 1971 3207 idque
1981 3165 2072 3207 juxta

1195 3215 1283 3250 hunc
1295 3213 1442 3249 nostrum
1457 3215 1631 3250 Canonem
1657 3214 1977 3250 Chalcedonensem.
2005 3214 2073 3247 Mi·

1194 3264 1357 3300 fetandam
1371 3275 1450 3299 tunc
1463 3265 1481 3299 a
1492 3264 1600 3301 Laicis
1613 3264 1817 3308 Principibus
1830 3274 1868 3297 ac
1879 3263 2008 3307 populis
2020 3274 2071 3307 pa-

1193 3314 1332 3350 tiebatur
1362 3315 1505 3351 Ecclesia
1527 3315 1738 3359 tyrannidem
1763 3338 1776 3355 ‚
1807 3314 1865 3348 suo
1886 3312 1963 3350 loco
1981 3323 2071 3348 enar·

1195 3365 1347 3403 randam.
1537 3360 1540 3368 '

2093 2501 2156 2530 cap.
2172 2498 2212 2524 16.

1943 3513 2020 3551 CA·
