2340 3736
101 2923 168 2970 1⁰4·
179 2926 238 2961 c.3.v

667 121 752 168 An
787 121 1077 167 Suionum
1112 121 1728 173 Cnatctnoueuseu.

1941 143 2038 191 245

281 195 423 249 firmaret
436 230 448 247 ‚
472 204 624 251 atqueita
646 216 779 251 cogeret
790 203 1025 241 Constantium
1036 203 1078 239 ad
1102 214 1178 248 per-¹
1214 205 1225 243 l
1281 198 1361 248 Ejus
1381 203 1553 245 libellum,
1581 208 1616 242 &
1637 210 1982 254 conformem-sacram
2008 213 2110 248 Diva.

282 255 479 294 mittendam
502 255 703 301 &Augusto
723 255 858 291 brachio
878 255 1054 298 juvandam
1074 255 1169 290 illius

275 307 510 342 executionem
535 332 543 340 .
579 306 630 342 Ita
656 305 811 350 Ephesini
850 306 1014 341 latrocinii
1040 316 1165 340 carcere

281 356 405 402 elapsus
416 355 594 397 Eusebius,
623 358 714 391 suam
732 358 766 392 ὅ(
779 358 887 392 sancti
900 356 1048 391 Flaviani
1060 355 1168 398 appel-

279 406 444 447 iationem
464 409 688 450 prosecuturus
711 408 798 453 fugit
819 406 961 441 Romam
991 430 1003 446 ,
1038 406 1167 448 fuitque

278 460 339 502 sper
350 458 504 492 Sanfium
516 458 666 492 Leonem
679 458 802 501 Papam
812 456 980 490 absolutus
1001 455 1035 488 &
1046 455 1170 489 restitu-

282 517 338 541 tus
346 533 354 541 .
381 507 507 542 Verum
518 508 684 543 sententiae
695 504 894 541 rebellabant
907 515 1023 539 omnes
1034 504 1172 539 Diosco-

281 561 358 592 kum
379 559 549 601 sequentes
571 558 746 602 Episcopi,
773 567 833 590 nec
856 566 926 589 non
949 557 984 590 ὃς
1007 555 1169 589 latrocinii

281 608 500 643 confirmator
510 633 521 649 ,
535 607 746 642 Theodosius
756 606 926 650 Augustus
938 630 948 646 ,
975 603 1117 649 ideoque
1128 605 1169 640 ad

274 657 456 693 meliorem
477 658 546 700 ejus
564 658 775 692 successorem
786 657 995 690 Marcianum
1017 667 1099 690 mox
1121 666 1170 689 ac-

278 706 371 742 cessit
390 706 547 742 Eusebius
563 730 574 746 ‚
598 705 804 750 expostulans
826 706 970 750 permitti
992 731 1003 747 ,
1029 717 1128 749 quam
1150 705 1169 740 a

282 756 479 792 Theodosio
504 757 602 791 toties
614 756 729 791 frustra
750 757 887 800 petierat
913 758 1047 791 sanetus
1068 757 1142 791 Leo
1155 766 1182 796 ,⁴

281 818 409 842 novam
422 805 612 850 Synodum,
628 816 697 849 quae
708 806 901 841 Romanum
913 806 954 841 de
965 808 996 840 se
1007 805 1167 849 judicium

284 857 494 891 confirmaret
506 867 605 900 atque
616 868 827 899 exequeretur
836 883 843 890 .
872 857 1093 900 Nequaquam
1107 856 1167 900 igi-

280 918 337 942 tur
355 907 398 941 ab
419 905 572 950 Ephefini
590 905 757 941 latrocinii
778 907 880 941 abusu
905 907 947 942 ad
973 906 1163 951 Principem

280 956 489 1000 appellabat,
518 968 575 992 aut
605 957 772 1001 synodalis
790 957 906 1002 judicii
927 957 1164 991 correfiionem

282 1008 325 1040 ab
336 1006 408 1050 ipso
419 1006 589 1052 flagitabat
600 1007 757 1042 Eusebius
767 1031 779 1048 ,
806 1007 858 1041 sed
873 1018 994 1041 meram
1006 1007 1166 1041 Theodo-

281 1057 549 1092 sianaeviolentiae
572 1058 797 1099 amotionem,
822 1057 858 1092 &
879 1057 1023 1102 Augusti
1041 1055 1165 1092 brachii

283 1119 344 1151 pro
367 1107 526 1142 Romano
547 1107 672 1152 judicio
692 1109 813 1143 laicum
842 1108 1003 1142 auxilium
1026 1124 1056 1148 ‚·
1076 1105 1166 1150 quod

282 1158 365 1192 dum
377 1157 418 1192 ab
439 1159 583 1193 Ecclesia
594 1168 728 1204 rogatus
748 1157 914 1202 autjussus
937 1157 1094 1201 Princeps
1107 1158 1168 1192 im-

284 1205 423 1251 pendit,
449 1208 678 1243 remotiffimus
691 1209 735 1243 est
747 1208 789 1243 ab
812 1210 891 1243 Ozae
911 1208 1116 1242 temeritate.

334 1257 469 1291 Eusebii
491 1257 621 1292 libellus
641 1257 784 1299 habebat
806 1259 874 1293 duo
886 1258 1057 1302 presertim
1081 1256 1167 1300 capi-

282 1314 336 1340 ta.
364 1305 499 1348 Primo,
523 1306 605 1342 dicit
615 1308 656 1342 ab
680 1308 847 1352 Ephesino
857 1308 1010 1343 Dioscori
1037 1307 1169 1342 latroci-

282 1358 344 1391 nio
362 1368 499 1392 omnem
530 1356 692 1392 mundum
714 1359 778 1393 esse
802 1356 1101 1402 perturbationibus
1135 1357 1168 1391 δι

281 1407 444 1442 scandalis
463 1408 645 1451 repletum.-
674 1408 872 1443 Dioscorum
898 1408 1074 1451 antiquum
1097 1433 1109 1450 ‚
1134 1416 1168 1441 at

277 1457 451 1492 occultum
474 1458 691 1503 Eutychianae
713 1458 890 1503 impietatis
914 1460 1081 1493 fautorem
1100 1458 1167 1502 jam

280 1508 346 1542 effe
366 1507 553 1549 detectum,
581 1508 698 1553 Ephesi
722 1520 775 1553 per
789 1509 930 1552 pecunia
950 1517 1075 1552 emptas
1091 1508 1172 1543 sedi-

281 1557 443 1591 tiosorum
466 1570 588 1593 turmas
598 1558 697 1604 egisse
718 1561 831 1593 omnia
845 1583 856 1599 ‚
881 1559 1047 1594 damnasse
1069 1558 1169 1592 fidem

282 1605 494 1642 Catholicam
516 1634 527 1650 ,
556 1611 621 1643 sese
639 1633 651 1650 ,
686 1621 725 1643 ac
759 1611 913 1644 sancium
950 1609 1170 1648 Flavianum,

282 1657 422 1692 firmaffe
446 1656 643 1702 Eutychetis
668 1658 885 1703 blasphemias
907 1683 918 1700 ‚
954 1660 1020 1703 jam
1041 1659 1167 1702 pridem

282 1706 463 1744 {Patribus
483 1710 672 1743 damnatas.
699 1709 874 1750 Secundo,
901 1708 969 1744 haec
990 1710 1102 1744 omnia
1117 1720 1170 1752 pa·

282 1767 351 1791 tere
372 1760 475 1792 asserit
497 1770 539 1792 ex
571 1760 645 1802 ipsis
667 1758 829 1793 latrocinii
866 1758 957 1793 Aciis
978 1784 988 1800 ,
1027 1758 1167 1802 ideoque

281 1805 391 1841 illaad
413 1808 586 1849 synodum
598 1809 663 1852 legi
687 1809 867 1852 supplicat,
894 1809 1013 1843 exiliis
1033 1807 1166 1850 judicari

281 1856 484 1892 Dioscorum
508 1883 519 1899 ‚
545 1859 578 1892 δε
600 1858 771 1893 concludit
793 1872 801 1892 :
836 1860 990 1892 Provoluti
1006 1866 1167 1900 precamur

282 1905 414 1947 vestram
435 1909 634 1942 Clementiam
657 1931 670 1947 ,
700 1919 735 1942 ut
752 1914 938 1951 praecipiatis
965 1910 1167 1949 reverendiffl-

282 1967 365 1991 mum
375 1956 555 2001 Episcopum
579 1957 745 2002 Dioscorum
756 1958 928 2002 respondete
940 1959 977 1992 de
1001 1959 1072 1998 his,
1096 1970 1165 2002 quae

282 2008 306 2040 ἃ
318 2005 401 2038 nobis
422 2013 596 2051 ingeruntur
609 2033 620 2048 ,
643 2008 763 2052 sacrum
782 2011 816 2044 Θ·
841 2009 1011 2043 venerabile
1036 2009 1166 2050 vestrum

284 2057 463 2090 mandatum
486 2059 647 2102 dirigentes
666 2057 783 2100 sameae
809 2061 843 2092 Θ·
863 2057 1026 2102 universali
1058 2060 1166 2098 synodo

283 2105 548 2149 religiofiffimorum
569 2105 779 2151 Episitoporum
796 2131 807 2147 ‚
832 2112 889 2151 quo
909 2110 991 2151 poffit
1013 2115 1093 2142 inter
1114 2120 1165 2142 nos

283 2157 321 2190 Θ
340 2156 506 2198 praefatum
536 2156 704 2200 Blascorum
727 2160 832 2193 audire
853 2183 862 2191 .
900 2157 1098 2202 Ephesinum
1125 2158 1166 2192 de

283 2205 446 2241 Flaviano
465 2209 499 2241 δι
527 2207 667 2242 Eusebio
694 2207 1019 2252 Pseudo-judicium,
1045 2209 1170 2243 Leonis
1189 2220 1191 2222 ’

283 2255 462 2291 Pontificis
470 2258 650 2293 cassatione
660 2260 761 2302 spreta
773 2284 783 2300 ,
809 2258 1019 2293 confirmarat
1030 2260 1048 2293 a
1061 2258 1166 2300 Chry-

283 2303 399 2349 saphin
421 2307 588 2342 Eunucho
609 2308 847 2343 circumductus
859 2308 1027 2354 Augustus
1050 2307 1167 2343 Theo·

283 2355 411 2398 dolius,
438 2357 473 2390 &
494 2358 535 2391 ad
555 2361 844 2394 confirmationem
869 2360 961 2393 istam
986 2358 1167 2403 pertinacis

284 2404 363 2440 sime
375 2406 595 2450 proclamabat
615 2410 818 2449 Dioscorus,
845 2408 1031 2444 Eusebiano
1052 2410 1165 2453 spiritu

282 2454 446 2491 blaterans
466 2458 636 2500 synodalia
657 2460 837 2494 Orientalis
871 2460 1021 2493 Ecclesiae
1046 2458 1167 2501 iudicia

284 2504 420 2546 ca‘ssari,
447 2506 596 2541 immo&
618 2510 778 2543 retraetari
791 2520 860 2543 non
882 2510 996 2553 possea
1012 2510 1167 2547 Romana

284 2556 430 2590 Ecclesia
452 2569 462 2598 3
497 2557 578 2598 quin
600 2558 635 2592 &
655 2559 690 2592 in
715 2559 870 2592 Sanstum
898 2561 1046 2594 Leonem
1070 2585 1081 2601 ,
1118 2561 1168 2594 uti

283 2603 378 2638 istius
387 2605 537 2640 Canonis
560 2607 852 2650 praevaricatorem,
884 2610 994 2653 postea
1006 2611 1165 2649 aususest

285 2654 403 2689 latrare
434 2656 624 2691 convicium
660 2658 1039 2693 excommunicationis.
1074 2661 1168 2694 Hinc

284 2703 406 2748 igitur,
433 2707 529 2741 nona
544 2707 676 2743 laudato
688 2709 871 2748 Pontis-icc,
896 2709 979 2743 seda
993 2709 1167 2745 Marciano

284 2754 439 2800 Augusto
467 2757 658 2800 supplicavit
681 2759 844 2794 Eusebius
865 2771 1095 2794 contumacem
1129 2773 1166 2794 ac

282 2805 440 2840 rebellem
463 2806 661 2843 Dioscorum
688 2809 752 2843 sisti
773 2809 912 2853 Synodo
934 2833 946 2850 ,
970 2810 1005 2843 δε
1027 2811 1103 2856 cogi
1125 2811 1165 2845 ad

283 2855 563 2899 respondendum.
591 2859 758 2906 roirca
770 2861 898 2895 rursum
910 2859 1029 2895 labitur
1048 2861 1169 2895 Domi—

283 2916 347 2938 nus
372 2906 488 2941 Petrus
499 2908 540 2941 de
561 2909 694 2944 Marca:
722 2915 919 2952 Imperatores
932 2915 1060 2944 Romam·
1081 2914 1163 2945 ‹35⁸-

282 2956 447 2990 cerdotibus
479 2959 662 3001 interpellati
683 2962 755 2993 dare
772 2963 890 3001 judices
898 2970 1040 3003 poterant
1066 2986 1077 3002 ,
1108 2960 1165 3004 sed

283 3007 414 3040 clericos
436 3031 446 3047 ,
485 3013 536 3050 qui
555 3011 593 3042 de
615 3018 741 3054 negotiis
753 3010 956 3052 Ecclestasticis
982 3011 1164 3056 sententiam

275 3055 421 3098 ferrent.
449 3056 598 3093 Adducit
620 3062 805 3104 praesentem
829 3061 963 3097 Eusebii
984 3062 1160 3096 conclusio-

282 3116 362 3140 nem
376 3130 386 3146 ,
411 3107 560 3152 &pergit
573 3122 584 3141 .·
612 3111 683 3143 Inde
692 3116 782 3144 etiam
804 3119 947 3146 manavit
962 3138 972 3154 ‚
999 3114 1078 3156 quod
1098 3117 1160 3146 Eu·

280 3154 379 3199 sebius
392 3159 517 3196 Dorylaei
529 3158 693 3202 Epifiopus
717 3172 774 3193 non
787 3163 857 3195 ante
867 3174 932 3196 cum
956 3163 1091 3207 Dioscoro
1099 3174 1161 3197 con-

280 3207 371 3251 gredi
393 3207 519 3241 voluerit
530 3215 562 3242 in
584 3212 713 3244 Concilio
735 3211 977 3255 chalcedonensi,
1007 3215 1160 3248 &adver-

285 3257 339 3290 sias
350 3268 416 3291 eum
426 3257 574 3298 instituere
583 3259 794 3303 accusationem
806 3285 817 3301 ,
842 3273 932 3304 quam
943 3263 1036 3297 libello
1047 3266 1066 3295 ἃ
1083 3267 1159 3296 Mar·

286 3313 371 3340 ciano
389 3309 596 3352 contendisset,
619 3316 849 3354 utcognitionem
870 3314 954 3346 illam
966 3314 1092 3346 Concilio
1115 3315 1161 3347 de·

286 3359 461 3392 mandaret.
489 3358 579 3394 Luce
591 3361 771 3396 meridiana
792 3361 912 3396 clarius
923 3363 969 3398 est
982 3362 1160 3398 Eusebium

286 3406 330 3442 de
339 3407 394 3443 tali
403 3408 531 3455 imperii
544 3410 614 3455 jure
627 3422 667 3446 ne
678 3411 729 3447 vel
741 3411 910 3447 somniasse
919 3437 929 3446 .

1231 254 1295 290 lem
1327 256 1429 290 secuti
1454 255 1676 301 gloriofiffimi
1697 257 1822 304 judices
1853 256 2009 305 jusserunt
2031 271 2110 299 ante

1230 306 1343 340 omnia
1364 305 1492 341 recitari
1511 305 1594 341 Atia
1618 307 1772 351 Ephefini
1795 310 1959 351 latrocinii
1982 337 1991 344 .
2018 313 2110 348 Nam

1230 356 1263 390 ἀ
1275 355 1360 390 istud
1371 357 1476 400 ipsum
1488 356 1667 392 Dioscorus
1678 359 1857 400 postulabat
1869 383 1878 392 .
1901 360 2028 397 Verum
2039 373 2110 396 non

1231 406 1370 450 perstitit
1381 433 1388 440 .
1417 407 1553 442 Etenim
1565 405 1624 442 sibi
1645 406 1687 440 de
1698 406 1788 443 Acus
1808 411 1878 444 istis
1890 410 2020 455 pessime
2031 423 2113 446 con·

1233 457 1316 491 scius
1325 456 1500 492 interceffit
1509 456 1720 501 postmodum
1734 457 1767 492 in
1779 459 1848 502 ipso
1860 460 2009 497 lectionis
2020 472 2112 496 exor-

1231 506 1311 547 dio,
1337 507 1541 552 proclamans
1562 506 1773 542 advetustam
1794 510 1994 552 generalium
2006 513 2114 554 Syno-

1232 557 1350 600 dorum
1362 557 1525 602 regulam:
1552 559 1686 600 supplico
1702 566 1759 599 per
1768 557 1894 592 vestram
1918 561 2113 604 Magnificen-
2147 602 2151 607 ι

1231 612 1330 646 tiam,
1356 613 1496 650 inprimis
1518 619 1588 651 quae
1609 610 1647 643 de
1654 608 1716 651 fide
1734 605 1807 651 fiant
1829 615 2017 644 examinarit
2048 611 2107 647 Est

1231 658 1448 699 antiquiffima
1457 657 1592 694 Patrum
1603 659 1715 703 regula
1727 682 1738 698 ‚
1748 656 1790 694 de
1802 669 1867 703 qua
1878 658 1920 694 ad
1934 660 2112 696 Eusebium

1232 707 1421 741 Constantii
1452 706 1595 753 Augusti
1628 706 1830 744 Eunuchum
1855 733 1866 750 ,
1902 709 1951 744 uti
1979 709 2112 745 Sanctus

1232 755 1429 793 Athanasius
1440 758 1535 793 refert
1550 759 1585 792 in
1598 758 1745 802 Epistola
1757 759 1798 794 ad
1811 758 1981 794 solitarios
1991 781 2003 797 ‚
2027 759 2113 794 dixit

1231 806 1383 843 Liberius
1409 807 1565 843 Pontifex
1589 820 1597 840 ε
1623 813 1699 848 Fiat
1726 807 1921 853 Ecclefiastica
1959 810 2114 851 synodus,

1230 858 1280 891 ubi
1290 867 1361 891 ante
1374 865 1472 892 omnia
1494 856 1691 902 Ecclefiastica
1696 859 1774 898 fides
1791 862 1933 902 afferatur
1947 884 1957 899 ,
1984 869 2019 892 ac
2031 860 2118 893 dein-

1230 909 1268 943 de
1282 910 1431 950 judiciam
1451 910 1489 942 de
1512 907 1671 950 Athanafio
1686 909 1764 951 fiat.
1790 913 1865 944 Non
1896 915 1976 943 enim
1990 908 2050 950 fas
2076 908 2116 949 est

1226 959 1314 1001 priris
1335 959 1520 1007 quaestionem
1547 960 1585 992 de
1592 958 1690 1001 faHis
1711 960 1857 1000 alicujus,
1886 971 1977 1002 quam
1998 960 2033 991 de
2051 958 2115 1001 fide

1230 1010 1375 1052 religionis
1400 1008 1523 1043 haberi.
1551 1010 1690 1045 Primam
1701 1014 1780 1044 enim
1802 1015 1899 1044 omnis
1911 1008 2063 1052 discordia
2079 1008 2120 1052 fi-

1231 1060 1280 1091 dei
1293 1057 1491 1101 rescindenda
1514 1058 1552 1094 est
1568 1085 1579 1101 ,
1607 1061 1642 1094 δ’
1653 1067 1718 1093 tum
1737 1058 1923 1102 quaestionem
1934 1061 1970 1093 de
1991 1064 2116 1103 negotiis

1229 1107 1296 1153 fieri
1307 1117 1420 1150 oportet
1432 1135 1439 1141 .
1467 1114 1554 1144 Nam
1565 1111 1600 1145 ὼ*
1611 1113 1757 1145 Dominus
1771 1109 1864 1152 noster
1869 1113 1902 1157 J
1903 1108 1969 1153 esus
1981 1109 2117 1149 cbristus

1233 1169 1290 1192 non
1304 1159 1394 1200 prii'cs
1411 1158 1547 1203 sanabat
1568 1169 1693 1205 aegrotos
1713 1184 1724 1200 ,
1750 1171 1844 1203 quam
1864 1160 1914 1193 ubi·
1936 1159 2118 1203 ostendiffent

1234 1210 1269 1243 Θ
1275 1209 1417 1251 prolocuti
1423 1208 1550 1252 fuiffent
1564 1233 1575 1249 ‚
1601 1221 1692 1254 quam
1700 1208 1791 1253 fidem
1801 1215 1833 1243 in
1848 1208 1945 1254 ipsum
1956 1209 2098 1242 haberent
2109 1234 2117 1241 .

1234 1263 1309 1292 Haee
1332 1260 1353 1291 ἃ
1365 1262 1490 1293 Domino
1509 1260 1671 1294 didicimus
1687 1284 1695 1291 .
1721 1257 1770 1294 At
1781 1261 1926 1304 reposuit
1952 1260 2119 1295 Dioscoro

1234 1308 1370 1343 Senatus
1385 1322 1396 1342 :
1423 1310 1582 1343 Adversas
1593 1308 1807 1353 accusationem
1817 1318 1846 1345 te
1856 1316 1992 1343 convenit
2001 1308 2119 1352 respon-

1234 1359 1303 1393 dere
1314 1383 1322 1390 .
1351 1362 1381 1391 E
1383 1361 1434 1404 rgo
1439 1359 1548 1403 sicsine
1572 1359 1709 1393 adoram
1720 1360 1869 1393 ledionem
1888 1358 1955 1402 fieri
1968 1360 2047 1402 quod
2058 1384 2070 1400 ,
2084 1361 2121 1394 ὢ*

1234 1407 1295 1452 ipfi·
1309 1408 1457 1452 postulasti
1469 1434 1477 1444 .
1503 1409 1623 1445 Hocce
1635 1410 1725 1445 enim
1746 1408 1908 1453 judicium
1920 1420 1989 1443 erat
2011 1408 2120 1452 appel·

1234 1459 1307 1493 latae
1329 1461 1433 1494 causae
1456 1461 1711 1495 retraaatorium
1739 1484 1751 1500 ,
1786 1459 1929 1503 ideoque
1948 1459 2017 1503 ipsa
2043 1468 2122 1493 ante

1234 1509 1371 1550 omnia,
1396 1510 1431 1545 ἀ
1455 1510 1591 1554 quidem
1603 1521 1644 1543 ex
1668 1510 1784 1549 Astis,
1809 1510 1979 1552 praesertim
1991 1510 2032 1544 de
2055 1520 2123 1552 par-

1235 1560 1320 1594 tium
1343 1569 1423 1594 voto
1444 1584 1455 1600 ,
1482 1570 1609 1604 poterat
1636 1559 1757 1594 discuti
1780 1560 1813 1594 ὅ(
1839 1558 1970 1593 definiri
1994 1585 2001 1592 .
2030 1559 2122 1594 Nam

1233 1609 1476 1644 &Sardicenfis
1486 1609 1640 1655 Synodus
1651 1609 1738 1653 prius
1760 1610 1869 1644 Samsti
1891 1608 2062 1644 Athanasii
2085 1610 2121 1643 δε

1233 1660 1374 1694 aliorum
1385 1659 1624 1705 Episcoporum
1637 1660 1834 1704 appellatam
1846 1660 1976 1695 causam
1987 1659 2096 1693 finivit
2105 1680 2121 1700 -,

1233 1709 1354 1743 exinde
1366 1710 1465 1744 fidem
1486 1709 1697 1744 confirmavit
1710 1734 1718 1742 .

1280 1760 1448 1807 Qiocirca
1483 1760 1723 1795 Constantinus
1756 1784 1768 1799 ,

1231 1811 1446 1851 Secretarius,
1473 1810 1579 1855 legere
1599 1810 1697 1853 coepit
1719 1809 1802 1845 Asta
1829 1810 2035 1845 latrocinalia
2050 1834 2061 1850 ,
2086 1811 2122 1845 ἃ

1231 1861 1310 1894 dum
1323 1861 1412 1894 venit
1425 1859 1465 1894 ad
1489 1861 1610 1895 sacram
1633 1861 1784 1894 Divalem
1797 1885 1808 1901 ‚
1835 1871 1900 1903 qua
1919 1859 2120 1895 Theodore-

1231 1920 1303 1944 tum
1315 1910 1494 1953 Cyrensem
1512 1911 1715 1953 Episcopum
1725 1908 1938 1945 Theodosius
1950 1910 2119 1955 Augustus

1230 1960 1358 2004 jusserat
1370 1962 1433 1995 esse
1457 1960 1524 1994 sola
1538 1961 1600 1994 suae
1614 1959 1761 1994 Ecclesiae
1780 1961 2020 1995 communione
2045 1972 2126 1995 con-

1230 2019 1359 2045 tentum
1370 2035 1381 2050 ‚
1407 2021 1468 2045 nec
1480 2010 1586 2044 adesse
1598 2008 1762 2054 Ephesino
1777 2010 1936 2045 Concilio
1947 2036 1958 2051 ‚
1984 2009 2121 2055 gloriosi

1230 2060 1354 2103 judices
1364 2059 1497 2094 dixere:
1522 2062 1713 2104 Ingrediatur
1725 2061 1975 2100 reverendiffimus
2000 2059 2123 2103 Episto-

1226 2118 1286 2152 pus
1307 2110 1528 2151 Theodoreus,
1553 2119 1587 2143 ut
1603 2109 1641 2151 fit
1665 2115 1820 2151 particeps
1847 2111 1971 2148 synodi,
1995 2112 2119 2152 quia&

1229 2159 1352 2200 restituit
1363 2166 1390 2193 ei
1405 2159 1621 2203 Epismpatum
1632 2158 1826 2202 sandiffimus
1848 2159 2123 2204 Archi-Episcopus

1233 2213 1291 2243 Leo
1303 2235 1314 2250 ‚
1339 2210 1520 2252 &piiffimus
1533 2214 1698 2252 Imperator
1704 2208 1812 2253 sanxit
1830 2221 1895 2243 eum
1903 2208 2123 2253 adeffesandae

1231 2260 1358 2299 synodo.
1387 2260 1443 2293 Ab
1470 2258 1630 2304 Ephesina
1653 2259 1855 2294 latrocinalis
1872 2260 1906 2293 in
1930 2261 1963 2294 se
1986 2260 2123 2294 damna-

1207 2349 1209 2353 Α
1231 2310 1331 2345 tionis
1345 2311 1503 2345 sententia
1517 2311 1663 2345 Romam
1675 2309 1849 2354 appellarat
1861 2335 1870 2350 ,
1898 2311 1933 2344 &
1946 2309 2028 2344 istuc
2041 2320 2120 2345 cum

1206 2365 1210 2389 ἑ
1230 2360 1474 2394 accusatoribus
1504 2372 1543 2395 ac
1564 2358 1811 2395 damnatoribus
1845 2359 1908 2394 suis
1940 2370 2122 2404 certaturus

1228 2411 1361 2445 evocari
1384 2411 1561 2454 postularat
1578 2410 1840 2450 Theodoretus,
1866 2412 2035 2454 fueratque
2063 2421 2120 2455 per

1212 2456 1384 2495 “Sanctum
1398 2460 1546 2495 Leonem
1563 2460 1764 2495 Pontificem
1778 2463 1836 2494 suo
1848 2461 2061 2504 Episcopatui
2077 2473 2116 2496 ac

1205 2533 1208 2539 ›
1234 2511 1333 2555 pleno
1345 2509 1465 2545 honori
1478 2511 1662 2546 restitutus.
1688 2510 1732 2544 Er
1746 2510 1905 2553 judicium
1919 2511 2003 2545 istud
2025 2522 2117 2545 man-

1805 1760 1886 1794 sacri
1924 1760 2121 1795 Consistorii

1204 2562 1208 2592 ἐ
1230 2561 1321 2595 davit
1342 2561 1731 2595 executioniMartianus
1760 2559 1947 2605 Augustus,
1973 2560 2116 2605 ideoque

1207 2648 1209 2650 ,
1229 2610 1486 2646 Th'eodoretum
1510 2634 1520 2650 ,
1546 2611 1596 2644 uti
1624 2610 1824 2644 canonicum
1848 2635 1859 2651 ,
1888 2611 1923 2645 ἀ
1948 2610 2117 2654 integrum

1230 2662 1433 2704 Episcopum
1444 2684 1457 2700 ‚
1480 2660 1610 2704 jusserat
1623 2661 1765 2703 praesenti
1778 2659 1914 2702 Synodo
1927 2670 2003 2694 cum
2015 2661 2118 2703 pleno

1229 2712 1384 2755 suffragio
1406 2711 1568 2746 adsidere.
1596 2709 1723 2746 Verum
1745 2710 1926 2755 AEgyptii‚
1954 2709 2119 2754 Illyricia-

1229 2762 1289 2802 ni,
1315 2773 1353 2795 ac
1365 2760 1528 2795 Palaestini
1551 2761 1708 2805 Episcopi
1735 2760 2000 2795 intercefferunt:
2026 2758 2116 2804 Mise-

1227 2816 1356 2845 remini.
1385 2812 1480 2845 Fides
1487 2817 1587 2853 perit.
1616 2811 1704 2852 Istum
1717 2817 1852 2845 canones
1862 2812 2000 2852 ejiciunt.
2024 2817 2117 2846 Hunc

1221 2861 1311 2904 foras
1324 2866 1452 2895 mittite:
1477 2861 1651 2906 Magistrum
1663 2860 1790 2900 Nestorii
1794 2860 1883 2903 foras
1892 2867 2023 2894 mittite.
2052 2861 2117 2895 Re-

1230 2913 1406 2955 posuerunt
1427 2913 1614 2948 orientales
1638 2937 1648 2953 ‚
1675 2912 1812 2946 Asiatici
1835 2935 1846 2952 ,
1874 2910 2010 2946 Pontici
2031 2935 2042 2952 ,
2080 2911 2115 2945 δε

1227 3011 1388 3056 Ephesino
1409 3012 1586 3047 latrocinio
1610 3018 1728 3054 inpura
1751 3010 1855 3044 charta
1872 3009 2114 3055 fiebscripstmus,

1225 3062 1289 3104 caess
1304 3062 1431 3106 sumus,
1459 3065 1493 3097 (9
1515 3068 1561 3095 ita
1577 3059 1793 3105 subscripsimus
1806 3068 1822 3094 .‘
1843 3061 1900 3095 Ex·
1919 3073 1986 3106 quo
2011 3061 2116 3104 liquet

1226 3113 1431 3146 latrocinales
1463 3112 1616 3146 Dioscori
1639 3111 1814 3146 violentias
1848 3113 1975 3146 nonin
2007 3111 2113 3145 solam

1226 3163 1328 3196 Sansti
1342 3161 1494 3196 Flaviani
1504 3162 1750 3197 damnationem
1777 3162 1955 3206 processisse
1966 3186 1973 3193 .
2001 3160 2113 3195 Etiam

1226 3213 1290 3256 ipse
1317 3212 1496 3246 Dioscorus
1526 3211 1571 3246 est
1606 3213 1822 3247 interlocutus
1855 3225 1862 3244 :
1899 3211 2024 3250 cyrillus
2059 3222 2112 3245 cur

1225 3266 1361 3304 ejicitur,
1388 3267 1439 3305 qui
1449 3261 1487 3295 ab
1509 3262 1558 3304 isto
1569 3262 1608 3305 est
1633 3262 1910 3296 anathematizatus
1925 3260 1941 3292 ἲ
1967 3261 2012 3296 Et
2026 3272 2114 3295 reve-

1227 3315 1257 3347 ra
1272 3324 1338 3346 non
1365 3312 1433 3346 sola
1454 3312 1632 3348 duodecim
1654 3314 1760 3347 Sancti
1787 3311 1908 3355 Cyrilli
1930 3310 2084 3354 Capitula
2098 3336 2111 3353 ‚

1228 3361 1278 3397 sed
1299 3361 1333 3395 <Sc
1369 3363 1538 3406 personam
1559 3362 1851 3398 anathematizarat
1874 3362 1908 3395 in
1944 3360 2110 3406 Ephesino

1228 3412 1383 3448 Concilio
1406 3412 1663 3452 Theodoram,
1688 3411 1809 3447 &licet
1833 3411 1983 3447 cumillo
1996 3423 2110 3454 pacem

1951 3461 2060 3506 poste&

1228 2961 1406 2997 Thraces:
1444 2966 1513 2996 Nos
1552 2961 1763 2996 Theodoreti
1795 2960 2046 2996 damnationem
2078 2960 2115 2995 in
2184 2992 2191 2997 Α
