2340 3736
100 3142 174 3179 (tp.
193 3138 239 3176 292

519 138 592 185 Da
627 145 810 182 voclnus
846 134 1134 187 Sum-murm,
1170 129 1408 192 EssENTta,
1446 137 1770 195 Pt1<soNA,&c.

1920 155 2018 198 3231·

272 225 473 270 Episcopus,
499 223 612 264 &ejus
632 222 776 255 Decreto
788 220 923 261 affignat
944 216 1042 250 aliam
1055 214 1149 248 ratio·
1205 212 1266 254 firm
1287 237 1297 254 ³
1324 214 1374 248 hoc
1390 213 1481 258 sensu
1501 215 1641 259 usurpare
1660 229 1752 262 atque
1778 222 1871 262 eloqut
1892 245 1901 261 ,
1928 231 2085 263 tamquam

269 285 347 312 nem
369 288 376 307 ι
404 274 534 309 Secundo
554 283 665 313 quoque
683 272 719 303 id
736 267 877 307 addidisti
901 289 911 307 ,
938 267 1016 309 quod
1038 267 1148 298 Patres

270 324 379 367 nostri,
402 335 470 358 cum
485 318 593 356 Paulus
618 318 823 364 Samosatenus
851 321 1013 351 Haereticus
1023 324 1149 358 pronun-

268 381 367 409 ciatus
384 373 424 414 cst
442 397 453 414 ,
480 378 569 406 etiam
596 369 763 412 Homoufion
790 370 1017 412 repudiaverint
1040 389 1052 406 ,
1077 371 1149 407 quia

263 432 322 466 per
342 422 420 456 hanc
441 428 529 455 unius
560 422 688 465 effentiae
710 424 954 461 nuncupationem
981 414 1147 458 solitarium

266 482 358 514 atque
379 478 495 506 unicum
500 471 555 514 fibi
564 471 616 515 effe
630 473 750 504 Patrem
762 472 796 505 (π
806 471 923 503 Filium
933 465 1147 508 praedicabat3

266 525 297 555 Ε
300 531 312 555 t
325 521 375 554 hot·
381 521 458 566 sane
471 533 548 561 nunc
568 532 681 564 quoque
686 519 945 562 prophaniffimum
969 513 1094 557 Ecclesia
1106 526 1150 547 re-

264 571 402 615 cognoscit
415 594 425 610 ,
451 575 575 605 Patrem
598 572 631 605 (a
647 571 759 603 Filium
771 576 803 602 in
815 569 864 602 bis
875 572 1023 607 nominum
1035 562 1151 606 Profes-

258 621 388 664 fionibus
407 624 451 654 ad
471 627 586 654 unionis
597 631 632 653 ac
635 619 796 663 singularis
813 654 816 658 ,
817 618 1011 662 solitudinem
1024 640 1034 655 ,
1062 625 1149 658 nega-

264 681 300 704 ta
315 670 511 715 Personarum
517 676 702 713 proprietate
717 695 727 710 ‚
755 679 910 702 revocare.
939 665 1151 708 Adloquitur

268 721 452 765 Episcopos
494 719 686 764 syrmiensis
720 718 868 753 Concilii
892 743 903 759 ‚
942 716 975 749 ὅ(
1004 713 1150 750 adfirmat

266 771 378 814 plura.
406 769 520 804 Primo
534 767 625 813 quod
647 770 706 802 ista
729 767 882 812 Synodus
904 768 996 800 suum
1008 761 1048 800 de
1073 763 1149 798 abo-

266 819 363 854 lenda
402 831 484 854 voce
505 843 516 859 ,
553 819 757 852 Homoufios
775 843 787 859 ,
825 819 1005 851 Decretum
1037 814 1152 849 funda-

267 869 364 904 ticin
387 867 601 903 Antiochena
624 867 766 910 Synodo
784 892 796 908 ,
822 879 894 911 quae
914 866 1054 900 Paulum
1083 876 1153 907 pro·

268 919 441 962 nunciavit
472 918 673 953 Haereticum
694 943 701 950 .
742 918 786 951 Et
810 915 979 951 manifeste
1011 913 1152 949 secunda

268 968 443 1011 synodus.
471 969 624 1003 Secundo
632 967 713 1003 dicit
723 991 734 1008 ,
745 966 833 1011 quod
845 967 966 1001 Paulus
977 963 1019 999 ab
1030 965 1087 999 ista
1099 975 1153 998 vo-

268 1031 307 1054 ce
317 1017 520 1063 praetenderit
533 1019 702 1063 importari
716 1028 783 1052 non
795 1016 898 1052 solam
909 1016 1051 1050 essentiae
1061 1039 1072 1055 ,
1098 1014 1152 1048 sed

268 1069 369 1104 etiam
380 1068 530 1104 Personae
558 1068 818 1113 singularitatem
827 1092 835 1107 ‚
864 1066 986 1100 Tertio
997 1064 1084 1109 quod
1095 1064 1154 1098 hac

268 1119 311 1152 de
321 1120 415 1153 causa
438 1119 538 1163 ipsam
553 1118 608 1152 illa
631 1118 783 1161 Synodus
804 1117 1042 1165 proscripserit.
1072 1115 1154 1148 Pau-

267 1168 319 1202 lus
329 1180 408 1214 ergo
420 1169 529 1202 voluit
542 1169 583 1202 ab
597 1168 654 1203 ista
668 1180 748 1202 voce
761 1166 930 1211 importari
941 1176 996 1199 aut
1006 1165 1154 1200 Persona:

266 1219 368 1252 etiam
389 1219 648 1263 singularitatem
663 1243 674 1258 ,
701 1228 756 1252 aut
779 1218 866 1252 certe
888 1216 1029 1260 ejusdem
1042 1215 1154 1249 Essen-

266 1268 366 1302 tiaein
378 1267 460 1302 duas
473 1268 630 1302 Personas
657 1268 873 1302 divisionem.
903 1266 947 1300 Et
968 1275 1101 1308 utraque
1112 1277 1154 1298 ra-

265 1317 318 1351 tio
332 1342 344 1358 ,
367 1317 391 1350 fi
406 1318 540 1361 quidem
553 1317 738 1351 substitisset
750 1341 760 1357 ‚
781 1315 960 1350 sufficiebat
972 1316 1012 1348 ad
1025 1314 1156 1357 proscri-

267 1368 419 1411 ptionem
432 1390 439 1398 .
467 1366 683 1401 posteriorem
705 1367 840 1400 Sanetus
861 1363 1057 1398 Athanasius
1078 1375 1153 1398 cum

267 1418 387 1453 Sancto
400 1416 543 1456 Basilio,
569 1416 717 1450 Priorem
741 1414 875 1450 adducit
900 1415 1035 1448 sanctus
1062 1413 1154 1447 Hila-

267 1467 333 1501 rius
356 1481 369 1508 ς
404 1465 449 1500 cb
477 1476 647 1510 utramque
679 1466 778 1500 etiam
806 1465 940 1498 Sanstus
975 1463 1155 1506 Dionyfius

268 1515 531 1556 Alexandrinus,
543 1515 622 1550 dum
634 1525 748 1549 contra
761 1514 941 1548 sabellium
952 1513 1020 1557 egit
1035 1538 1045 1552 ,
1060 1513 1154 1555 poffit

266 1561 386 1600 ⁴vocem
409 1565 656 1609 praetermififfe.
684 1565 795 1605 Dico,
821 1563 979 1607 fiquidem
1003 1562 1155 1597 substitis-

268 1617 316 1649 set
335 1640 343 1648 .
373 1616 508 1650 Etenim
532 1625 679 1651 neutram
714 1616 876 1649 rationem
898 1612 1069 1647 substitisse
1100 1612 1154 1647 de-

271 1666 432 1707 monstrat
443 1666 579 1700 Sanctus
591 1665 740 1699 Hilarius
749 1688 760 1705 ‚
785 1664 926 1707 ideoque
937 1662 971 1696 ὅ(
984 1662 1133 1707 adjungit
1146 1676 1152 1695 :

269 1717 351 1749 Male*
371 1716 546 1760 intelligitur
564 1713 747 1756 Homoufion.
774 1716 864 1758 ,Quid
871 1714 914 1747 ad
933 1712 1059 1746 mebene
1071 1712 1156 1746 intel-

269 1765 409 1809 ligentem
430 1767 443 1800 ?
479 1767 558 1799 male
579 1763 743 1807 Homoufion
776 1762 985 1807 samosatenus
1012 1762 1152 1806 confessus

267 1814 324 1854 est:
346 1812 402 1857 sed
409 1816 556 1856 numquid
577 1816 681 1848 melius
702 1819 808 1847 Ariani
830 1814 1043 1857 negaverunt?
1071 1813 1154 1845 050-

263 1859 354 1908 ginta
367 1861 509 1907 Episcopi
519 1864 589 1895 olim
611 1863 784 1906 respuerunt
796 1877 806 1897 .-
828 1862 853 1906 s
850 1864 890 1896 ed
908 1869 1032 1896 trecenti
1056 1864 1155 1896 decem

267 1914 375 1951 &odio
385 1921 479 1955 nuper
501 1921 667 1955 receperunt
680 1938 687 1945 .
714 1913 765 1946 Illi
779 1922 883 1946 contra
910 1917 1088 1945 Haereticum
1101 1917 1153 1945 im-

264 1963 473 2006 probaverunt
485 1986 492 1993 .
522 1964 685 2005 Numquid
697 1964 731 1997 <5
755 1962 799 2003 isti
816 1975 874 1996 non
894 1963 1039 1995 adversus
1057 1967 1155 1995 Haere·

268 2019 359 2047 ticum
366 2010 574 2054 probaverunt
588 2012 604 2044 ,ἲ
630 2015 744 2045 Gravis
757 2013 918 2045 auHoritas
939 2011 978 2051 est
1000 2020 1154 2054 veterum3

270 2063 477 2104 Numquid&
497 2061 600 2094 horum
624 2062 705 2095 levis
716 2061 753 2102 est
773 2061 948 2105 sanditas?
966 2060 998 2103 st
1004 2068 1153 2094 contraria

269 2117 401 2147 invicem
417 2109 595 2157 senserunt,
622 2111 759 2145 debemus
782 2111 865 2155 quast
874 2111 1004 2156 Judices
1025 2111 1153 2154 probare

270 2162 392 2195 meliora
402 2174 415 2203 ,-
441 2159 544 2205 fivero
563 2162 597 2195 Θ
615 2162 770 2204 probando
794 2164 828 2196 Θ·
849 2160 1042 2203 improbando
1061 2173 1153 2195 unum

270 2217 372 2255 utique
376 2211 544 2253 statuerunt
555 2234 566 2250 ,
591 2213 666 2252 quid
675 2212 746 2246 bene
758 2211 924 2253 constituta
937 2211 1127 2244 convellimus
1140 2213 1152 2245 ?

270 2262 317 2296 Et
330 2262 452 2297 rursum
465 2275 476 2295 .-
505 2264 585 2305 ,Quis
594 2259 752 2304 secundum
779 2259 1000 2303 Samosatenum
1013 2266 1045 2292 in
1065 2261 1154 2293 Chri-

264 2310 308 2352 sto
327 2321 469 2350 renatus,
495 2314 528 2352 φ
554 2311 666 2345 Filium
687 2311 824 2355 confeffus
847 2312 880 2344 (θ’
907 2314 1052 2350 Patrem,
1077 2313 1155 2352 quod

270 2361 405 2403 christus
417 2359 489 2404 inse
502 2359 556 2402 fibi
568 2362 602 2394 όν
617 2365 707 2394 Pater
727 2363 761 2396 (9⁸
774 2363 875 2394 Filius
881 2360 931 2402 fit,
944 2360 1124 2402 confitebitur
1137 2361 1152 2392 ,ἕ

271 2415 336 2445 Par
347 2417 447 2453 itaque
470 2416 503 2443 in
515 2411 745 2444 condemnandis
768 2411 974 2452 impietatibus
996 2415 1151 2444 Haeretico-

270 2472 339 2494 rum
361 2460 458 2500 nostra
462 2462 616 2505 sententia
639 2461 695 2502 est:
722 2464 766 2493 Et
776 2461 852 2494 hanc
875 2459 1019 2502 Homoufii
1043 2462 1151 2493 intelli-

270 2515 406 2554 gentiam
429 2520 486 2541 non
505 2510 589 2542 modo
611 2509 744 2552 respuit,
765 2510 823 2554 sed
845 2512 879 2544 (5
900 2510 979 2541 odit.
1008 2509 1149 2544 Rursum

271 2560 354 2594 dicit
378 2558 467 2603 plura
489 2584 495 2591 .
523 2557 638 2594 Primo
674 2559 763 2602 quod
788 2560 908 2593 Paulus
932 2559 1071 2593 voluerit
1095 2571 1150 2603 per

271 2610 369 2647 istam
381 2620 495 2643 vocem
513 2608 680 2652 importari
691 2609 789 2643 etiam
803 2608 950 2643 Personae
972 2609 1129 2643 unitatem
1144 2635 1151 2642 .

273 2658 425 2693 Secundo
435 2655 524 2702 quod
538 2657 626 2692 hunc
647 2660 775 2692 sensum
785 2657 937 2700 synodus
961 2658 1067 2697 oderit
1080 2681 1098 2697 ‚.
1115 2660 1149 2693 &

271 2708 434 2743 damnarit
459 2732 466 2740 .
503 2707 625 2742 Tertio
651 2709 741 2751 quod
770 2709 828 2742 ista
852 2708 957 2741 Causa
982 2708 1015 2742 &
1037 2720 1148 2742 vocem

272 2758 444 2801 abjecerit.
470 2757 623 2803 Qum,
650 2759 747 2791 istum
769 2759 895 2792 sensum
919 2757 1019 2791 etiam
1043 2758 1148 2792 oderit

273 2809 410 2842 Nicaena
431 2806 582 2852 Synodus
596 2833 603 2839 .
629 2808 761 2855 Quinto
771 2808 859 2852 quod
873 2807 913 2841 ab
935 2807 1147 2842 Antiochena

271 2869 342 2891 non
363 2857 570 2900 discreparit,
596 2858 655 2891 nifi
679 2860 713 2892 in
739 2858 868 2901 Judicio
889 2858 928 2890 de
966 2867 1048 2891 voce
1070 2869 1079 2899 3
1106 2858 1149 2890 Et

274 2906 522 2942 Antiochenum
546 2907 796 2951 Judiciumlicet
821 2918 934 2942 notare
946 2918 1012 2940 non
1033 2906 1147 2941 audeat

272 2957 318 2991 ob
341 2957 475 2991 Patrum
497 2959 708 2992 reverentiam
731 2983 742 2998 ‚
767 2956 936 2991 manifeste
957 2966 1067 2991 tamen
1079 2969 1146 2991 non

273 3006 388 3050 probat
402 3031 408 3038 .
438 3006 579 3041 Videtur
589 3008 731 3042 adserere
744 3032 752 3047 ‚
764 3007 851 3050 quod
865 3007 986 3040 Paulus
999 3007 1057 3041 ista
1069 3020 1148 3042 voce

272 3057 346 3090 usus
379 3057 441 3090 fuit
463 3057 496 3089 in
508 3057 553 3089 sui
576 3060 690 3091 erroris
711 3056 913 3098 stabilimen,
941 3056 1081 3101 ideoque
1092 3059 1149 3101 Sy-

273 3107 380 3140 nodus
403 3107 506 3148 ipsam
539 3104 652 3148 abjecit
678 3133 684 3138 .
714 3108 814 3154 Quod
843 3108 945 3150 ipsum
980 3108 1094 3152 repetit
1114 3107 1148 3141 in

273 3167 386 3200 quarto
406 3154 490 3189 libro
515 3155 556 3189 de
578 3157 776 3191 Sanstiffima
808 3156 975 3190 Trinitate
996 3170 1004 3190 ε
1043 3162 1150 3192 Ariani

273 3207 417 3246 adiiciunt
430 3230 441 3245 ,
469 3217 533 3239 cum
545 3212 633 3239 unius
656 3205 832 3249 substantiae
845 3210 965 3240 Patrem
989 3207 1148 3241 &Filium

274 3256 324 3299 esse
337 3256 468 3288 audiunt
481 3281 490 3295 ,
516 3255 554 3288 ab
564 3257 761 3289 anterioribus
773 3257 824 3299 effi·
834 3260 863 3288 E
862 3254 990 3299 piscopis
999 3259 1147 3298 praedica-

275 3314 339 3338 tum
355 3330 365 3345 ‚
389 3314 422 3338 ut
432 3306 466 3337 id
470 3304 617 3347 subtiliter
623 3313 681 3347 per
688 3304 814 3348 speciem
827 3311 983 3340 Haerett'cae
999 3312 1143 3348 opinionis

1212 263 1272 307 ipse
1276 264 1316 307 fit
1330 269 1420 299 Pater
1429 271 1481 308 qui
1493 265 1529 306 est
1537 267 1616 308 filius
1627 293 1638 308 ,
1662 281 1701 303 ex
1712 269 1864 312 infinitate
1885 272 2019 304 videlicet
2025 269 2084 314 sua

1211 314 1365 359 protensus
1377 321 1409 348 in
1434 319 1610 359 Virginem,
1633 329 1670 351 ex
1680 332 1761 361 qua,
1789 324 1902 360 Corpus
1922 320 2084 363 adsumens

1203 363 1260 406 fibi
1271 371 1304 397 in
1314 377 1344 399 eo
1367 373 1515 408 Corpore,
1541 367 1623 407 quod
1640 369 1804 411 affumpfit‚
1827 370 1885 411 filii
1904 381 2006 402 nomen
2027 372 2084 402 ad-

1212 416 1322 448 diderit
1345 441 1351 447 .
1378 416 1578 452 Fatebantur
1597 416 1690 451 istam
1710 429 1826 453 vocem
1847 432 1915 454 non
1937 419 2000 453 esse
2027 431 2084 453 no-

1212 476 1309 504 vam,
1333 466 1387 500 sed
1410 476 1522 501 notam
1545 479 1583 500 ac
1605 467 1753 502 usitatam
1775 468 1943 504 Patribus.-
1971 479 2085 502 verum

1212 515 1364 549 Patribus
1384 515 1555 550 Haerericis
1575 540 1586 556 ‚
1611 517 1667 560 qui
1688 528 1725 550 ea
1753 518 1817 559 ipsa
1850 518 2086 561 praetenderunt

1211 566 1353 599 eundem
1368 568 1429 600 efle
1441 567 1568 601 Patrem
1579 592 1590 608 ,
1616 579 1654 602 ac
1667 566 1788 601 Filium
1800 593 1807 599 .
1835 569 1878 602 Et
1890 570 1995 603 filium
2015 580 2085 603 non

1215 616 1272 648 nifi
1287 616 1323 649 in
1348 615 1498 660 Virginis
1519 627 1612 651 utero
1631 617 1778 660 coepiffe.
1805 618 1889 665 Qae
1910 621 2014 661 palam
2038 617 2085 652 est

1214 666 1291 698 secta
1311 665 1560 700 Samosatenfis.
1586 667 1734 701 Hilarius
1755 667 1891 701 affirmat
1914 668 1998 702 hanc
2022 670 2086 702 effe

1213 715 1349 757 primam
1372 716 1573 751 Arianornm
1587 716 1628 752 de
1657 718 1767 752 nostra
1778 729 1860 752 voce
1870 717 2086 751 calumniam.
2138 719 2144 726 ‘

1212 764 1286 798 Nec
1306 765 1407 807 ipsam
1435 767 1544 810 arguit
1564 768 1748 810 imposturae
1763 792 1770 799 .
1796 765 1845 801 At
1858 767 1934 801 vero
1957 767 2087 800 Sanctus

1214 812 1407 848 Athanasius
1420 840 1431 855 ‚
1457 817 1490 850 &
1510 816 1644 850 Sanctus
1658 817 1792 851 Bafilius
1813 817 1964 852 adserunt
1990 817 2088 859 ipsam

1213 865 1307 898 fuisse
1328 864 1461 899 &Paulo
1482 868 1681 900 accusatam.
1709 867 1752 900 Et
1765 864 1816 900 his
1836 869 1882 901 est
1904 864 2013 910 potius
2027 877 2094 899 cre-

1214 913 1356 949 dendum
1378 941 1385 948 .
1413 916 1497 951 Item
1517 915 1716 951 Athanasius
1739 916 1972 967 septuaginta?
1999 915 2090 948 Hila-

1214 967 1278 998 rius
1291 964 1401 999 scribit
1415 966 1466 999 isti
1480 967 1618 1009 Synodo
1627 965 1761 1001 adfuisse
1770 968 1939 1011 oCtoginta
1963 965 2093 1008 Episco-

1215 1026 1273 1059 pos
1287 1039 1294 1048 .
1321 1015 1432 1048 Etiam
1443 1013 1497 1049 hic
1519 1017 1643 1051 firmior
1656 1017 1700 1052 est
1713 1015 1791 1050 fides
1803 1017 1924 1062 Magni
1946 1014 2093 1050 Athana-

1215 1067 1268 1101 fii.
1295 1063 1347 1098 Ex
1369 1064 1420 1098 his
1440 1067 1595 1100 omnibus
1618 1065 1706 1101 vides
1728 1066 1866 1105 eandem
1891 1067 2093 1111 aequivocam

1215 1115 1477 1158 Propofitionem
1496 1118 1583 1159 poffe
1605 1115 1743 1151 diversas
1765 1117 1810 1151 ob
1834 1117 1977 1152 rationes
2003 1126 2093 1149 nunc

1215 1165 1361 1201 damnari
1375 1164 1416 1198 ab
1429 1166 1569 1200 Ecclesia
1580 1192 1591 1208 ,
1618 1179 1707 1201 nunc
1720 1167 1866 1211 probari.

1278 1214 1423 1261 Qaestio
1443 1215 1488 1248 est
1508 1240 1518 1256 ‚
1545 1217 1601 1251 An
1624 1217 1705 1250 illud
1728 1216 1945 1252 Antiochenae
1967 1213 2094 1259 synodi

1216 1266 1381 1308 Judicium
1404 1265 1550 1300 existius
1575 1266 1838 1301 saeculiPatribus
1866 1268 2102 1309 nemoimpro-·

1217 1314 1298 1349 barit
1321 1315 1333 1347 ?
1369 1315 1566 1357 Respondeo
1590 1317 1680 1351 fuisse
1704 1317 1924 1361 improbatum
1943 1317 1961 1349 a
1984 1316 2094 1350 variis.

1218 1364 1260 1397 Et
1273 1366 1306 1397 in
1318 1364 1431 1406 primis
1443 1364 1484 1398 ab
1498 1364 1663 1408 Episcopis
1685 1366 1944 1410 Pentapolitanae
1960 1367 2097 1399 Provin-

1216 1415 1275 1447 ciae
1296 1438 1302 1445 .
1341 1413 1390 1446 Hi
1414 1414 1506 1447 enim
1528 1415 1622 1448 suum
1645 1416 1868 1449 Patriarcham
1893 1416 2097 1457 Dionyfium

1216 1461 1301 1507 apud
1313 1463 1461 1496 Sanctum
1473 1464 1671 1498 Pontificem
1682 1465 1883 1508 Dionysium
1905 1466 2099 1499 accusarunt

1215 1513 1258 1556 de
1270 1512 1418 1551 duobus.
1446 1513 1559 1547 Primo
1583 1513 1672 1557 quod
1684 1516 1795 1548 Deum
1820 1515 1952 1549 verbum
1974 1514 2098 1549 diceret

1218 1564 1424 1598 Creaturam.
1457 1564 1586 1597 Deinde
1595 1564 1684 1608 quod
1696 1564 1799 1605 ipsum
1818 1576 1950 1609 negaret
1970 1564 2097 1605 Consab-

1211 1613 1399 1652 stantialem.
1424 1612 1573 1648 Erillum
1584 1613 1684 1648 etiam
1695 1613 1813 1647 dehoc
1826 1616 1967 1649 articulo
1992 1615 2099 1648 omni-

1219 1676 1263 1698 no
1275 1662 1405 1698 monuit
1421 1686 1432 1702 ,
1459 1674 1557 1706 atque
1578 1665 1685 1708 arguit
1703 1665 1833 1698 Sanetus
1857 1665 1943 1707 Papa
1965 1664 2098 1706 Diony-

1217 1715 1294 1748 fius.
1332 1713 1437 1747 Lucet
1462 1724 1503 1747 ex
1532 1714 1622 1747 istius
1647 1713 1879 1758 es'tpurgatorio
1906 1714 2095 1756 Rescripto:

1217 1765 1326 1807 Ego&
1349 1769 1382 1796 in
1405 1764 1466 1797 alia
1479 1763 1611 1805 Epistola
1633 1762 1755 1806 scripsi,
1781 1764 1832 1797 ubi
1842 1764 1952 1804 ostendo
1962 1769 2073 1797 crimen
2087 1788 2099 1804 ,

1217 1815 1297 1856 quod
1306 1813 1447 1855 defhrunt
1457 1823 1558 1847 contra
1567 1825 1614 1846 me
1625 1836 1636 1852 ‚
1652 1812 1769 1857 falsum
1781 1814 1852 1856 effe,
1878 1812 1961 1856 quasi
1968 1815 2097 1847 dicerent

1216 1863 1362 1904 Christum
1386 1874 1442 1895 non
1461 1863 1511 1906 esJe
1531 1861 1815 1906 consubstantialem
1841 1868 1902 1897 Deo
1915 1888 1922 1896 .
1949 1868 2037 1896 Nam
2050 1873 2099 1896 ta·

1219 1912 1302 1955 metfi
1311 1915 1374 1946 dico
1386 1924 1432 1946 me
1442 1915 1478 1945 id
1486 1924 1588 1946 nomen
1601 1925 1658 1946 non
1669 1913 1801 1956 reperisse
1814 1937 1824 1953 ,
1836 1925 1889 1947 nec
1899 1913 2007 1947 alicubi
2018 1911 2098 1957 legis·

1212 1961 1243 2006 se
1268 1962 1405 2005 insacris
1428 1964 1536 1998 litteris
1550 1987 1560 2002 ‚
1586 1968 1716 1996 rationes
1743 1972 1843 1995 tamen
1858 1962 1961 2004 nostrae
1984 1987 1994 2003 ,
2020 1975 2097 2005 quas

1215 2019 1413 2053 reticuerunt,
1429 2023 1487 2045 non
1497 2012 1645 2046 abludunt
1656 2012 1694 2045 ab
1707 2012 1761 2045 bac
1768 2011 1918 2055 sententia
1930 2038 1937 2045 .
1966 2013 2098 2047 Fatetur

1218 2074 1331 2096 vocem
1346 2086 1357 2101 ,
1383 2062 1479 2095 nullo
1503 2072 1613 2096 tamen
1626 2062 1729 2096 modo
1741 2063 1810 2104 ejus
1823 2062 2013 2097 sententiam
2024 2064 2100 2097 fuis-

1218 2113 1248 2145 se
1262 2110 1475 2155 improbatam
1488 2136 1495 2142 .
1524 2111 1568 2145 Et
1581 2111 1673 2146 addit
1685 2112 1725 2146 de
1739 2113 1802 2145 suis
1811 2112 2096 2147 accusationibus:

1217 2164 1306 2205 ,Quas
1329 2168 1508 2196 reticuerunt
1535 2186 1542 2194 .
1573 2162 1738 2208 Qaeritur
1763 2161 1950 2205 desumptos
1969 2174 2011 2196 ex
2035 2163 2098 2196 iuis

1218 2212 1342 2256 scriptis
1361 2212 1517 2247 articulos
1539 2212 1634 2246 fuisse
1660 2210 1805 2256 maligne
1830 2212 2023 2247 fabricatos.
2052 2213 2097 2246 Et

1218 2262 1274 2296 iste
1285 2261 1369 2305 apud
1383 2262 1572 2296 Romanam
1585 2262 1762 2297 Ecclesiam
1775 2263 1943 2296 accusandi
1958 2262 2075 2297 modus
2087 2285 2098 2301 ‚

1217 2312 1320 2346 &ista
1345 2311 1498 2355 iniquitas
1524 2313 1599 2345 sunt
1620 2312 1703 2346 adeo
1723 2312 1859 2355 antiqua
1874 2332 1883 2345 ».
1911 2312 2015 2347 Porro
2030 2311 2097 2345 haec

1218 2362 1328 2395 multis
1351 2362 1447 2395 annis
1474 2362 1694 2405 praecesserunt
1721 2361 1950 2396 Antiochenas
1983 2372 2097 2396 contra

1215 2411 1354 2445 Paulum
1367 2410 1535 2454 synodos.
1565 2412 1694 2445 Etenim
1708 2412 1846 2446 secunda
1873 2412 1913 2446 ad
1936 2413 2099 2456 septuage-

1214 2462 1330 2495 fimum
1350 2460 1546 2503 secundum·,
1572 2461 1674 2504 prima
1686 2461 1826 2502 fadiacst
1840 2462 1879 2496 ad
1903 2462 1989 2496 tertii
2002 2460 2101 2496 Chri-

1213 2511 1427 2545 stianisaeculi
1450 2522 1574 2545 annum
1600 2513 1825 2555 sexagesimum
1852 2513 2000 2552 sextum,
2027 2522 2094 2555 quo

1213 2562 1345 2596 Sanstus
1355 2560 1542 2595 Patriarcha
1556 2560 1737 2603 Dionyfius
1749 2562 1904 2605 migravit
1927 2562 1967 2596 ad
1979 2561 2099 2595 Domi-

1213 2623 1291 2645 num
1312 2635 1319 2644 .
1352 2611 1395 2644 Et
1417 2609 1457 2644 de
1477 2611 1537 2645 ista
1562 2611 1768 2644 accusatione
1792 2611 1826 2644 δε
1858 2611 2097 2655 disceptatione

1212 2660 1367 2695 scribitin
1390 2660 1473 2694 libro
1483 2659 1522 2694 de
1544 2658 1796 2698 Ariminenfiac
1821 2661 2014 2695 Seleucienfi
2038 2663 2099 2705 Sy-

1213 2710 1308 2744 nodis
1327 2710 1459 2744 Sanetus
1485 2708 1700 2745 Athanafius:
1729 2713 1793 2744 Duo
1803 2710 1925 2753 Dionysii
1949 2712 1999 2744 diu
2023 2719 2094 2744 ante

1210 2772 1254 2794 eos
1262 2759 1453 2804 septuaginta
1457 2758 1556 2801 fuere,
1567 2767 1618 2802 qui
1629 2759 1855 2804 Samosaeensem
1868 2758 2066 2803 substulerunt
2077 2785 2089 2801 ,

1209 2822 1330 2853 quorum
1342 2812 1417 2843 alter
1426 2813 1528 2843 Romae
1548 2835 1558 2851 ‚
1586 2811 1660 2844 alter
1672 2812 1863 2844 Alexandriae
1874 2809 1990 2854 Praeficl
2007 2820 2089 2844 erat.

1212 2860 1319 2894 Addit
1332 2858 1595 2894 Alexandrinum
1608 2871 1685 2895 tunc
1698 2862 1791 2895 fuisse
1810 2863 1992 2895 accusatum
2004 2860 2090 2904 apud

1210 2911 1423 2950 Romanum,
1447 2909 1516 2952 ejus
1526 2912 1650 2944 causam
1670 2911 1839 2945 discuffam
1861 2910 2090 2954 Synodaliter,

1212 2972 1326 2995 vocem
1338 2983 1350 2999 ‚
1374 2959 1627 3004 consubstantiale
1637 2984 1647 3000 ‚
1671 2959 1835 2995 defensam
1848 2972 1884 2994 ac
1897 2961 2066 2995 stabilitam
2080 2983 2090 2999 ‚

1210 3012 1243 3045 ὃ(
1263 3008 1328 3044 haec
1350 3012 1463 3044 omnia
1483 3011 1544 3043 esse
1571 3013 1712 3044 multum
1738 3012 1841 3055 priora
1869 3011 2007 3054 Synodo
2021 3010 2091 3044 An-

1210 3059 1362 3094 tiochena
1374 3085 1381 3092 .
1410 3059 1650 3104 Videturagere
1666 3061 1707 3094 de
1719 3061 1785 3094 sola
1802 3061 1989 3104 posteriori.
2016 3060 2090 3094 Ete-

1212 3112 1281 3143 nim
1292 3109 1446 3152 Dionyfii
1461 3111 1623 3144 accusatio
1634 3111 1743 3154 paffim
1756 3109 1895 3144 creditur
1910 3112 1988 3144 fasta
1999 3121 2090 3143 anno

1212 3159 1404 3204 sexagesimo
1430 3160 1545 3192 tertio.
1575 3160 1747 3205 Qudquid
1768 3161 1805 3194 fit
1820 3161 1888 3194 fieri
1901 3171 1966 3192 non
1982 3160 2091 3203 potuit

1211 3218 1286 3244 ante
1306 3208 1539 3253 sexagesimum
1570 3214 1708 3253 primum
1734 3235 1740 3242 .
1768 3210 1846 3244 Hoc
1870 3210 1959 3242 enim
1983 3208 2090 3243 Anno

1213 3261 1327 3293 Romae
1347 3259 1446 3301 coepit
1474 3259 1580 3293 sedere
1603 3261 1734 3293 sanstus
1756 3259 1950 3301 Dionyfius.
1979 3259 2091 3307 Qare

1214 3307 1425 3342 Antiochena
1450 3307 1601 3351 Synodus
1621 3334 1632 3350 ‚
1658 3321 1754 3353 quam
1781 3309 1838 3342 ista
1860 3308 1899 3342 lis
1922 3308 1979 3343 diu
2001 3319 2092 3343 ante-

271 3354 448 3396 ,infirmenss
472 3356 599 3388 dicentes
621 3366 668 3389 eos
680 3355 765 3389 verbi
796 3354 1127 3398 huiusfignificattonem
1141 3379 1151 3395 ,
1211 3358 1298 3393 ceffit
1309 3380 1320 3397 ‚
1345 3357 1407 3391 fuit
1421 3358 1487 3392 sola
1499 3358 1676 3401 posterior,
1706 3370 1782 3392 nam
1794 3358 1906 3393 decem
1918 3359 1996 3392 anni
2015 3360 2088 3392 sunt

274 3404 309 3437 id
318 3403 356 3446 est
370 3410 458 3437 unius
464 3403 636 3447 substantiae
650 3428 660 3445 ,
685 3407 765 3447 quod
773 3407 874 3440 Graece
897 3406 1002 3439 dicitur
1026 3410 1150 3440 Homou-

374 3452 480 3494 christ.
495 3459 572 3498 Lupi
583 3459 665 3498 Oper.
680 3458 799 3489 Tom.11.

1214 3410 1350 3452 longum
1361 3417 1486 3451 tempus
1500 3433 1507 3441 .
1534 3407 1727 3491 InterIlitljus
1746 3408 1872 3452 Synodi
1898 3408 2010 3444 Patres
2022 3409 2089 3441 fue-

1673 3468 1687 3493 t
1736 3468 1759 3495 2
1966 3467 2043 3493 runt
