2340 3736
73 542 225 582 (kp-225·

73 595 138 621 333·

24 1011 27 1013 Ι
70 967 101 996 1..
124 974 186 1002 230.

491 81 715 128 CAPITULA
751 90 927 121 CONTRA
952 73 1289 129 Nsssromuos,
1327 87 1384 116 Ac
1410 72 1796 120 Eurrcummsras.

470 215 896 263 SCHOLION.

365 362 450 399 Asce
470 373 568 397 voces
581 387 591 402 ,
617 360 754 401 Christus
772 360 810 401 est
822 372 884 394 una
894 364 951 393 Dei
962 359 1052 393 Verbi
1063 371 1118 392 na-

376 423 446 448 tura
457 420 615 446 incarnata
630 437 641 452 ,
668 413 804 446 Sanetus
816 409 1011 444 Athanasius
1021 408 1114 442 indu-

242 466 291 499 xit
306 466 340 499 in
362 464 564 503 Ecclesiam,
591 463 640 495 uti
662 460 784 496 affidue
806 459 960 493 dixerunt
971 471 1039 492 non
1053 469 1122 492 tan-

240 515 311 549 tum
331 517 365 548 in
391 512 553 557 Ephesino
574 510 749 546 latrocinio
763 507 952 551 Eutyches,
980 508 1122 542 Diosco-

243 576 316 604 rus,
341 574 520 605 eorumque
541 560 745 606 Symmistae‚
772 557 826 592 sed
844 559 944 592 etiam
967 559 1062 592 variis
1085 559 1118 591 in

240 614 322 648 locis
346 615 478 649 Samius
500 612 643 655 Cyrillus
657 635 668 649 ,
695 609 729 642 ὅτ.
751 608 816 649 jam
839 607 995 642 addustu‘s
1005 608 1120 641 Theo-

240 665 349 698 rianus
366 689 377 697 .
405 663 461 697 Est
484 674 552 695 vox
573 685 584 701 ,
610 660 660 693 uti
680 658 717 692 in
739 656 914 691 Tharsenfi
937 658 1024 701 apud
1049 657 1121 692 Cle-

241 725 386 748 mentem
408 712 573 747 Galanum
595 707 734 751 synodo
760 707 848 741 dixit
868 708 1050 753 Gregorius
1061 707 1120 741 Ar-

241 765 424 799 meniorum
444 762 569 796 Primas
590 783 601 799 ,
626 758 792 798 aequivoca
816 781 826 796 ‚
850 757 989 802 lanaque
1021 758 1120 791 ovina

241 813 281 847 ad
305 811 460 858 tegendos
480 811 579 844 etiam
600 808 694 851 lupos
719 818 793 851 apta
806 833 817 847 ,
843 806 983 851 ideoque
997 819 1050 842 eas
1063 809 1120 841 sta-

242 865 304 898 tim
327 863 484 904 arripuere
504 869 618 892 omnes
641 868 701 891 tres
723 857 1030 900 Apollinaristarum
1041 857 1119 891 clas-

241 915 305 953 ses,
331 910 500 954 dequibus
510 908 593 951 apud
605 905 764 941 Photium
777 908 810 940 in
824 907 1029 942 Bibliotheca
1044 907 1120 941 San-

243 965 309 997 etus
331 961 492 1004 Eulogius
516 956 703 992 Patriarcha
728 957 976 992 Alexandrinus
998 981 1006 989 .
1034 962 1120 990 Nam

241 1015 276 1046 (θ’
298 1022 358 1044 una
378 1010 463 1044 verbi
475 1018 588 1042 natura
599 1014 760 1040 incarnata
770 1009 915 1040 diceretur
929 1008 1043 1048 abiis,
1070 1013 1122 1049 qui

236 1071 352 1104 putant
373 1065 575 1093 inanimatam
596 1069 713 1091 carnem
732 1055 924 1099 adsumptam
938 1083 948 1098 ,
975 1060 1122 1099 &quiex

241 1117 402 1145 coeuntium
421 1115 617 1151 permixtione
629 1115 772 1141 naturam
781 1106 973 1150 adsumptam
984 1105 1052 1150 blas
1044 1107 1122 1148 phe-

242 1170 348 1201 mant‚
377 1162 411 1194 (2⁶
432 1165 483 1202 qui
505 1168 647 1192 naturam
668 1158 753 1191 verbi
774 1162 806 1189 in
829 1169 946 1191 carnem
972 1166 1120 1190 mutatam

243 1210 414 1254 insaniunt.
442 1210 566 1243 Eorum
590 1208 723 1252 vestigia
746 1208 870 1241 secutus
893 1207 938 1241 est
954 1205 1122 1250 Eutyches

241 1272 318 1294 cum
344 1259 436 1293 omni
459 1259 518 1292 suo
539 1269 656 1302 grege.
686 1258 819 1291 Etenim
842 1258 877 1290 in
902 1255 1124 1300 Ephefinola-

241 1310 386 1344 trocinio
421 1307 560 1351 palmare
591 1302 730 1340 Eustatii
765 1306 945 1348 Berytensis
968 1306 1123 1349 Episcopi

241 1360 493 1395 fundamentum
523 1357 610 1391 fuere
643 1354 707 1390 haec
731 1355 825 1390 verba
847 1357 955 1390 Sanffi
983 1355 1117 1399 Cyrilli:

242 1415 317 1443 Non
338 1416 448 1451 oportet
460 1408 620 1450 intelligere
630 1407 707 1439 duas
719 1416 848 1439 naturas
864 1430 874 1446 ‚
896 1405 954 1449 sed
967 1417 1058 1438 unam
1071 1417 1124 1438 na-

243 1469 345 1493 turam
371 1459 428 1491 Dei
455 1458 538 1492 verbi
562 1463 754 1491 incarnatam
782 1481 789 1488 .
826 1456 869 1489 Et
895 1455 1123 1491 Orientalibus

243 1509 416 1553 Episcopis
426 1507 596 1542 adversum
609 1507 663 1539 illa
677 1508 711 1540 in
729 1506 865 1548 synodo
876 1505 1123 1541 Chalcedonen-

244 1560 267 1592 si
280 1557 498 1594 clamantibus
510 1583 520 1598 ,
547 1556 605 1597 Ista
619 1555 763 1596 Eutyches
774 1558 846 1590 dicit
857 1580 867 1594 ,
896 1556 950 1595 ista
970 1555 1122 1599 Dioscorus

246 1610 342 1649 dicit,
368 1607 509 1651 reposuit
537 1607 694 1650 produsto
717 1606 787 1649 ipso
809 1607 916 1640 Sansti
939 1606 1125 1649 Cyrillico-

246 1660 340 1692 dice:
366 1660 398 1692 Si
419 1657 497 1690 mali
511 1658 598 1695 dixi,
625 1666 684 1689 ecce
696 1658 811 1698 codex3
839 1655 928 1689 Liber
939 1658 1124 1693 cyrilliana-

247 1708 478 1746 thematizetum
503 1705 805 1739 &anathematizem
832 1705 876 1739 Et
900 1706 967 1749 ipse
987 1706 1122 1739 Diosco-

246 1769 315 1791 rus.
343 1756 497 1798 Manifestt?
520 1757 584 1788 ideo
608 1757 770 1788 damnatus
780 1754 820 1794 est
834 1757 1028 1796 Flavianus,
1055 1767 1123 1797 quo·

246 1813 329 1840 niam
350 1806 414 1848 post
437 1806 647 1838 adunationem
667 1806 748 1837 dixit
769 1805 845 1836 duas
865 1814 996 1837 naturas
1021 1817 1027 1837 :
1058 1809 1122 1847 Ego

245 1865 345 1892 autem
357 1856 519 1896 testimonia
529 1854 621 1888 habeo
629 1853 800 1897 sanc‘lorum
816 1856 944 1887 Patrum
959 1854 1120 1896 Athanasii,

247 1911 400 1950 Gregorii,
426 1906 526 1944 Cyrilli
550 1910 582 1937 in
605 1906 708 1938 multis
730 1905 820 1943 Iocis,
845 1911 918 1946 quia
940 1917 997 1937 non
1008 1913 1119 1946 oportet

246 1958 343 1990 dicere
358 1955 422 1998 poli
445 1957 652 1987 adunationem
673 1955 750 1987 duas
771 1963 897 1986 naturas
919 1979 930 1994 ,
950 1953 1010 1997 sed
1033 1965 1121 1987 unam

248 2017 390 2040 naturam
403 2008 464 2037 Det
478 2004 564 2037 Verbi
574 2009 781 2037 incarnatam.
810 2007 876 2047 Ego
895 2016 962 2037 cum
977 2004 1121 2037 Patribus

247 2060 361 2088 eiicior.
389 2058 454 2096 Ego
475 2053 603 2094 defendo
626 2057 753 2086 Patrum
764 2055 900 2096 dogmata
916 2068 926 2087 :
956 2058 1027 2087 Non
1040 2065 1122 2088 tran-

246 2103 380 2148 sgredior
403 2110 436 2136 in
455 2105 571 2145 aliquo.
599 2106 645 2135 Et
656 2102 759 2135 horum
770 2103 932 2142 testimonia
944 2115 1001 2136 non
1013 2103 1121 2145 simpli-

248 2160 322 2187 citer
332 2164 419 2195 atque
429 2151 591 2194 tranfitorie
604 2176 614 2192 ‚
635 2151 695 2196 sed
707 2158 740 2184 in
749 2151 835 2186 libris
847 2152 953 2185 babeo.
982 2153 1025 2186 Et
1048 2153 1122 2196 Epi-

250 2204 341 2247 scopi
356 2202 526 2244 -Severiani
549 2203 583 2235 in
596 2202 774 2236 collatione
787 2202 1122 2246 Constantinopolita-

249 2265 313 2288 na.
341 2255 457 2287 Beatus
479 2253 621 2291 cyrillus,
649 2253 683 2286 (9⁴
705 2252 811 2285 beatus
836 2251 1035 2293 Athanafius,
1063 2254 1125 2286 Ale-

250 2303 414 2337 scandrinae
425 2307 562 2336 civitatis
573 2299 732 2344 Episcopi,
757 2303 845 2334 Felix
856 2308 948 2334 etiam
973 2303 1124 2346 &Julius

249 2357 394 2386 Romanae
404 2351 538 2393 Ecclefiae
550 2376 560 2391 ‚
586 2355 742 2394 Gregorius
753 2357 826 2392 quin
837 2358 929 2385 etiam
943 2352 1123 2384 mirabilium

242 2403 344 2445 fallor
356 2427 366 2443 ,
391 2404 425 2436 (9·
450 2401 594 2442 Dionyfius
621 2406 797 2445 areopagita
808 2413 900 2434 unam
914 2410 1054 2435 naturam
1068 2405 1124 2435 Dei

250 2453 360 2493 Verbi,
387 2452 498 2494 utique
519 2452 719 2485 incarnatam
732 2475 743 2491 ,
769 2452 928 2485 decernunt
947 2452 1008 2494 post
1020 2458 1125 2484 unitio·

250 2515 335 2537 nem.
366 2502 458 2535 Hinc
480 2504 614 2533 Duarum
626 2510 804 2534 naturarum
815 2513 952 2542 vocem,
979 2503 997 2536 a
1022 2503 1125 2544 Syno-

248 2552 295 2586 do
316 2550 574 2586 Chalcedonenfi
595 2552 821 2586 canonizatam
834 2576 844 2592 ,
870 2552 982 2586 dixere
994 2553 1056 2586 esse
1069 2564 1125 2586 no-

250 2605 348 2641 vam,
375 2601 577 2644 peregrinam
590 2624 600 2639 ,
627 2600 761 2634 noxiam

302 2650 347 2683 Et
368 2648 445 2682 hinc
471 2649 551 2683 varii
575 2647 751 2684 orthodoxi
771 2648 890 2683 dietam
901 2651 1007 2685 saneti
1021 2649 1125 2685 Atha-

253 2700 329 2734 nasii
343 2700 595 2742 propositionem
609 2701 741 2734 fuerunt
752 2700 953 2741 abominati,
981 2700 1065 2735 adeo
1089 2712 1125 2734 ut

252 2751 287 2782 in
320 2749 448 2795 laudata
485 2748 674 2784 Collatione
710 2750 877 2792 Hypatius
917 2750 1126 2794 Ephesiorum

252 2799 433 2842 Episcopus
454 2799 578 2833 cuncta*
591 2799 609 2832 ὲ
633 2799 812 2834 Severianis
831 2799 966 2834 addusta
993 2801 1126 2834 Patrum

252 2849 442 2883 testimonia
464 2849 623 2883 adseveret
635 2851 738 2893 spuria
750 2874 761 2890 ,
788 2850 921 2893 fistaque
937 2862 989 2894 per
1001 2851 1126 2893 Apolli·

252 2899 385 2933 naristas
398 2923 407 2938 ,
434 2897 555 2932 addens
565 2900 606 2932 de
619 2899 763 2942 praesenti
776 2901 1014 2942 propositione:
1038 2903 1125 2933 Arius

251 2951 286 2982 (θ’
298 2949 498 2989 Apollinarius
510 2959 599 2981 unam
612 2957 752 2982 naturam
765 2953 822 2982 Dei
835 2950 924 2983 Verbi
938 2956 1126 2983 incarnatam

251 3005 369 3032 noviter
386 2999 575 3039 protulerunt
588 3022 599 3037 ,
625 3006 658 3031 ut
676 3000 1021 3042 creatam&paffibilem
1032 2998 1126 3043 ipsam

251 3050 400 3082 Divinam
416 3048 505 3081 Verbi
524 3057 663 3081 naturam
677 3049 909 3083 introducerent.
938 3049 1127 3094 Adssipula-

251 3108 304 3132 tur
319 3098 480 3131 Leontius
491 3095 727 3139 Scholasticus,
754 3097 877 3133 addens
890 3099 1029 3143 primurn
1047 3099 1065 3133 e
1078 3111 1129 3133 ca-

251 3147 385 3182 tholicis
406 3146 603 3180 Dostoribus
623 3158 660 3181 ea
682 3148 730 3181 uti
746 3149 875 3192 coepiffe
897 3150 1048 3183 Sanctum
1061 3149 1128 3193 Cy-

251 3197 364 3232 rillum
381 3221 392 3237 ,
419 3197 557 3239 ideoque
574 3197 667 3239 apud*
681 3197 858 3232 orientalis
880 3199 1035 3233 Dioecefis
1052 3200 1129 3243 Epi-

250 3248 366 3290 scopos
391 3246 430 3282 de
456 3246 654 3290 Apollinarii
681 3245 785 3280 scabie
822 3248 914 3282 fuisse
943 3248 1069 3283 dudum
1095 3250 1127 3282 ὅ(

253 3296 392 3339 graviter
421 3297 598 3339 suspectum
624 3322 630 3327 .
673 3295 930 3339 Propositionem
956 3297 1031 3333 sane
1052 3297 1126 3332 dicti

254 3345 404 3388 Episcopi
427 3357 487 3380 nee
506 3346 540 3379 in
562 3346 644 3379 inita
667 3356 742 3378 cum
763 3347 881 3380 Sancto
908 3347 1039 3389 Cytillo
1052 3359 1127 3390 pace

253 3394 426 3430 voluerunt
439 3397 599 3439 recipere,
626 3396 818 3438 causamque
836 3397 873 3430 in
892 3396 1010 3431 litteris
1030 3397 1069 3431 ad
1091 3396 1126 3429 il-

354 3443 456 3486 Chrtst.
469 3449 545 3488 Lupi
554 3450 638 3489 oper,
650 3448 768 3479 Tomis.

1912 91 1999 137 145

1187 158 1254 192 lum
1270 156 1372 192 edicit
1393 158 1558 192 Successus
1580 160 1870 196 Dio-caesareensis
1892 162 2058 198 inIsauria

1189 209 1365 252 Episcopus
1375 222 1388 239 .·
1410 210 1445 239 5i‘
1457 207 1520 249 post
1542 214 1675 241 antonem
1685 222 1747 243 una
1759 213 1935 255 intelligitur
1949 224 2058 247 natura

1187 259 1274 292 Verbi
1301 264 1479 296 incarnata,
1502 257 1679 299 consequitur
1699 264 1840 301 omnino,
1865 271 1898 294 ut
1919 262 2012 305 ipsum
2025 271 2057 296 in

1180 306 1238 351 sua
1259 318 1368 341 natura
1386 306 1573 362 P‘ffumffi
1596 309 1746 342 dicamus.
1774 313 1806 343 St·
1827 322 1888 343 una
1899 311 1936 351 est
1948 322 2058 345 natura

1187 358 1274 391 Verbi
1293 365 1468 396 incarnata,
1492 358 1608 389 omnini
1621 360 1720 400 necesse
1730 359 1767 398 est
1781 361 1878 394 dicere
1884 367 2059 403 permixtio.

1186 417 1273 448 nem,
1298 408 1539 450 confusionemque
1542 406 1665 448 fallam
1669 407 1758 448 fuisse
1772 435 1782 449 ,
1810 416 1968 444 imminuta
1992 423 2059 453 quo-

1185 459 1338 491 dammodo
1361 465 1393 491 in
1415 456 1475 501 ipso
1497 466 1585 499 atque
1603 454 1757 499 subtracqa
1777 459 1903 492 hominis
1924 471 2054 494 natura.

1189 509 1293 542 Voces
1305 508 1374 541 illas
1391 508 1433 542 ab
1457 505 1783 548 Eutychianascabie
1794 511 1894 543 credit
1907 523 1972 545 non
1988 512 2058 554 pos-

1185 559 1215 591 se
1236 559 1363 602 purgari
1376 582 1381 589 .
1410 558 1453 590 Et
1476 556 1555 590 hinc
1569 568 1622 590 eas
1634 559 1822 590 asserentem
1834 559 2029 594 Dioscorum
2043 585 2055 600 ,

1184 606 1258 641 licet
1279 608 1502 651 protestaretur
1527 630 1537 645 ,
1573 610 1679 648 Neque
1698 605 1886 647 eonfufionem
1912 610 2060 649 dicimus,-

1183 667 1274 698 neque
1295 655 1498 697 converfionem
1512 682 1522 697 ,
1548 656 1710 689 anathema
1723 657 1831 689 dicenti
1853 657 2059 699 confusionem,

1181 713 1433 745 commixtionem,
1458 715 1511 740 aut
1522 706 1757 747 conversionem,
1783 706 1952 740 damnavit
1965 706 2060 742 Chal-

1182 756 1368 791 cedonenfis
1390 756 1564 799 Synodus,
1590 757 1771 800 sprevitque
1795 757 1828 790 &
1852 755 1936 790 hanc
1957 767 2061 799 prote·-

1183 807 1352 841 stationem
1377 806 1513 842 Eustatii
1535 806 1717 848 Berytensis
1742 806 1913 848 Episcopi:
1941 809 2006 850 ‚Qui
2016 809 2060 839 di-

1181 862 1221 889 cit
1245 866 1387 890 naturam
1408 857 1449 889 ad
1473 862 1656 899 negationem
1666 861 1764 888 carnis
1781 856 1912 897 Christi,
1938 857 2062 890 anathe-

1181 919 1231 938 ma
1240 906 1279 948 fit
1292 932 1299 939 .
1327 907 1418 954 Qud
1430 917 1484 950 per
1494 907 1608 949 seipsas
1623 906 1696 949 ipsae
1709 916 1804 939 voces
1816 906 1938 941 vellent
1953 931 1966 947 ,
1990 918 2062 941 non

1184 957 1262 998 quid
1285 958 1334 991 illi
1354 957 1388 991 in
1400 957 1448 990 eis
1458 965 1568 990 mente
1579 955 1828 1000 restringerent,
1855 957 2008 999 Synodus
2018 967 2063 990 ate

1183 1006 1306 1041 tendit.
1335 1007 1425 1054 Qin
1448 1006 1481 1039 δε
1503 1007 1538 1040 in
1562 1005 1725 1049 Ephesina
1749 1005 1885 1048 Synodo
1909 1007 1974 1049 ipse
1985 1008 2062 1040 San-

1183 1057 1249 1089 eius
1275 1057 1442 1100 Cyrillus,
1468 1057 1544 1090 licet
1578 1056 1694 1089 Praeses
1721 1055 1900 1090 admodum
1923 1067 2062 1099 potenS,

1184 1104 1341 1139 adsertam
1364 1106 1452 1139 illam
1472 1107 1489 1139 a
1512 1106 1543 1139 se
1555 1107 1653 1139 toties
1673 1106 1928 1149 propositionem
1948 1118 2007 1140 nec
2019 1107 2064 1140 se-

1187 1155 1251 1188 mel
1273 1154 1414 1189 laudavit
1428 1180 1439 1195 ‚
1465 1155 1564 1199 longe
1575 1156 1730 1189 minusin
1744 1154 1818 1189 fidei
1833 1156 1978 1200 regulam
1990 1168 2063 1200 pro-

1185 1204 1290 1239 movit
1310 1230 1316 1236 .
1344 1206 1493 1239 Eandem
1514 1206 1550 1238 in
1576 1205 1675 1238 Petro
1697 1205 1838 1239 Fullone
1860 1206 2062 1240 Pseudo-Pa-

1186 1252 1323 1289 triarcha
1334 1254 1551 1288 Antiocheno
1561 1254 1731 1288 damnavit
1744 1254 1834 1288 Felix
1848 1256 1961 1289 tertius
1977 1255 2062 1289 Pon-

1186 1305 1267 1339 tifex
1282 1330 1292 1345 ,
1319 1317 1357 1339 ac
1370 1305 1437 1347 ejus
1451 1305 1601 1338 Romana
1615 1305 1786 1348 Synodus.
1813 1306 1857 1338 Et
1879 1305 1962 1348 apud
1977 1305 2064 1339 Pho-

1185 1355 1269 1389 tium
1290 1354 1326 1388 in
1348 1353 1556 1389 Bibliotheca
1579 1354 1729 1388 laudatus
1751 1356 1884 1388 Sanetus
1902 1356 2063 1399 Eulogius

1185 1405 1231 1439 ait
1252 1406 1285 1439 se
1304 1405 1371 1447 ejus
1392 1406 1486 1438 causa
1510 1405 1603 1438 fuisse
1624 1405 1765 1448 graviter
1788 1402 2014 1448 reprehensum
2044 1405 2064 1438 ἒι

1186 1455 1385 1489 Domitiano
1400 1455 1564 1497 Episcopo
1584 1454 1784 1488 Melitinensi
1798 1480 1805 1487 .

1235 1503 1364 1539 Habuit
1384 1513 1495 1538 tamen
1517 1505 1694 1547 propositio
1705 1505 1803 1538 etiam
1818 1503 1944 1538 validos
1956 1503 2065 1539 defen-

1187 1556 1272 1588 sores
1294 1580 1301 1587 .
1329 1554 1463 1588 Etenim
1484 1553 1524 1587 ad
1547 1552 1705 1587 Acacium
1731 1554 1917 1588 Domitiani
1940 1553 2063 1588 Praede-

1187 1605 1341 1639 cessorem
1363 1602 1470 1638 scribit
1491 1604 1623 1637 sanstus
1643 1603 1788 1646 Cyrillus
1809 1605 1842 1637 in
1871 1603 1984 1637 litteris
2006 1616 2062 1638 ex-

1187 1654 1345 1689 stantibus
1357 1656 1388 1688 in
1401 1654 1501 1689 tertio
1513 1653 1595 1687 libro
1607 1654 1732 1696 Synodi
1748 1652 1915 1696 Ephesinae
1931 1679 1937 1685 .
1965 1659 2061 1687 Unam

1186 1705 1272 1738 verbi
1286 1714 1424 1736 naturam
1434 1703 1484 1747 esse
1497 1704 1675 1743 certiffimum
1686 1704 1723 1743 est
1737 1714 1746 1745 ·‚
1769 1702 1827 1747 sed
1846 1715 1912 1737 eam
1924 1709 2062 1737 incarna-

1186 1765 1248 1787 tam
1268 1757 1302 1788 er
1325 1754 1553 1787 inhumanatam
1576 1759 1733 1787 novimus.
1760 1754 1804 1787 Et
1827 1754 1860 1786 in
1883 1753 1998 1788 litteris
2021 1752 2062 1788 ad

1188 1804 1386 1849 Eulogium,
1413 1805 1504 1837 suum
1528 1803 1755 1846 Presbyterum
1769 1803 1847 1837 &in
1869 1803 1972 1848 Regia
1985 1805 2062 1838 civi-

1186 1865 1250 1889 tate
1263 1855 1503 1898 Apocrisarium
1517 1867 1531 1886 :⁴
1551 1859 1619 1887 Nos
1632 1866 1723 1886 unam
1738 1857 1794 1886 Dei
1806 1862 1948 1886 naturam
1967 1860 2063 1887 incar·
2085 1871 2167 1908 Epist·
2171 1880 2185 1908 3
2193 1882 2218 1905 7·

1185 1914 1290 1937 natam
1314 1906 1452 1936 dicimus.
1479 1905 1522 1937 Et
1536 1904 1569 1936 in
1586 1904 1719 1938 Litteris
1730 1901 1769 1936 ad
1782 1903 2063 1938 SuccessumDio-

1185 1956 1320 1991 caesareae
1335 1955 1367 1987 in
1382 1954 1500 1987 Isauria
1515 1953 1713 1996 Episcopum
1728 1964 1825 1987 voces
1836 1951 1907 1986 illas
1917 1952 1957 1987 ab
1967 1954 2062 1988 omni

1187 2004 1446 2047 Apollinaristici
1459 2005 1574 2038 erroris
1585 2004 1769 2046 suspicione
1781 2004 1815 2037 &
1832 2003 1977 2046 periculo
1988 2016 2065 2048 ope*-

1186 2053 1337 2088 rofiffime
1357 2064 1530 2098 expurgat.
1563 2053 1606 2085 Et
1620 2054 1754 2088 Sanetus
1779 2053 1954 2087 Flavianus
1974 2054 2065 2087 Con-

1187 2103 1496 2145 stantinopolitanus
1521 2103 1699 2145 Episcopus
1721 2102 1754 2134 in
1770 2102 1886 2136 litteris
1897 2103 1937 2136 ad
1950 2102 2062 2137 Theo-

1185 2153 1310 2187 dossum
1322 2152 1507 2196 Augustum
1520 2165 1527 2184 z
1553 2155 1648 2183 Unam
1660 2152 1748 2185 Verbi
1763 2154 1818 2185 Dei
1829 2160 1989 2194 naturam,
2017 2160 2063 2185 in-

1185 2210 1343 2237 carnatam
1364 2211 1462 2234 tamen
1486 2204 1520 2235 ό*
1543 2201 1770 2234 inhumanatam
1795 2203 1889 2235 dicere
1913 2214 1967 2234 non
1981 2215 2065 2246 nega-

1186 2265 1251 2286 mus
1275 2277 1283 2286 .
1323 2253 1367 2286 Et
1394 2251 1596 2294 Epiphanius
1622 2251 1789 2296 Pergensis
1817 2252 2000 2295 Episcopus
2027 2265 2067 2287 ac

1186 2300 1390 2345 Pamphyliae
1412 2300 1627 2345 Metropolita
1650 2302 1683 2334 in
1709 2300 1823 2335 litteris
1849 2301 1888 2336 ad
1917 2302 2066 2336 Leonem

1187 2351 1374 2396 Augustum
1396 2351 1596 2385 exstantibus
1611 2351 1680 2394 post
1693 2349 1864 2393 synodum
1885 2351 2065 2386 Chalcedo.

1187 2404 1317 2437 nensem
1329 2427 1336 2433 .
1363 2401 1456 2434 Nihil
1465 2403 1495 2437 di
1520 2411 1564 2434 ert
1579 2426 1589 2441 ‚
1601 2401 1666 2443 five
1676 2403 1799 2434 duarum
1812 2412 1989 2435 naturarum
1999 2409 2069 2435 unt·-
2088 2406 2217 2446 §Uist-43·

1186 2462 1235 2486 tas
1261 2450 1414 2494 inconfusa
1437 2452 1575 2489 dicatur,
1594 2450 1659 2492 five
1685 2464 1723 2485 ex
1746 2451 1860 2485 duabus
1877 2454 1974 2487 eodem
1987 2455 2069 2486 modo

1185 2503 1356 2544 referatur:
1384 2502 1444 2536 sed
1464 2513 1556 2544 neque
1571 2500 1601 2543 fi
1618 2513 1679 2534 una
1703 2502 1818 2535 dicatur
1837 2504 1922 2535 verbi
1934 2513 2066 2543 natura,

1186 2552 1336 2594 inferatur
1348 2561 1446 2585 autem
1457 2557 1615 2585 incarnata
1632 2575 1642 2591 ,
1668 2553 1754 2584 aliud
1763 2554 1839 2594 quid
1844 2550 2003 2595 significat,
2013 2552 2071 2596 sed

2084 1679 2220 1718 Epist-35.

1187 2604 1265 2636 idem
1289 2601 1437 2642 honestiori
1455 2601 1586 2645 sermone
1605 2602 1736 2634 declarat
1750 2627 1757 2633 .
1785 2606 1871 2634 Nam
1895 2604 1929 2635 (τ
1953 2609 2068 2636 inveni-

1187 2664 1252 2685 mus
1278 2652 1328 2684 hoc
1344 2650 1456 2694 saepius
1468 2652 1572 2695 dixisse
1579 2649 1701 2693 sanc‘los
1716 2653 1826 2684 Patres
1840 2677 1847 2683 .
1876 2652 1920 2685 Et
1932 2653 2065 2687 SanCIus

1186 2702 1355 2736 Maximus
1381 2700 1490 2735 Abbas
1510 2703 1543 2735 ἀ
1565 2702 1694 2744 Martyr
1712 2701 1744 2734 in
1759 2701 1978 2744 disputatione
1990 2715 2067 2736 cum

1187 2749 1314 2795 Pyrrho
1335 2750 1521 2785 Patriarcha
1548 2750 1939 2795 Constantinopolitano.
1973 2755 2005 2785 Si
2031 2765 2067 2785 ea

1188 2803 1306 2834 tantum
1328 2801 1455 2840 confiteri
1478 2810 1587 2843 oportet
1601 2826 1611 2841 ,
1638 2813 1704 2843 quae
1726 2804 1745 2833 si
1761 2803 1868 2839 synodo
1884 2802 1964 2835 die‘la
1971 2801 2045 2845 sunt
2057 2828 2068 2843 ,

1189 2863 1238 2885 nec
1258 2862 1349 2884 unam
1375 2853 1430 2884 Dei
1441 2851 1528 2884 Verbi
1542 2861 1685 2884 naturam
1703 2857 1913 2890 incarnatam,
1939 2863 2005 2894 quae
2028 2861 2069 2884 to-

1191 2911 1255 2934 tam
1273 2907 1416 2943 pietatem
1438 2902 1562 2942 Mysterii
1584 2901 1782 2942 complec‘iitur
1795 2926 1805 2941 ‚
1832 2902 1923 2935 dicere
1936 2910 2067 2944 oportet:

1188 2954 1273 2994 ‚Quia
1295 2963 1350 2983 non
1372 2951 1410 2992 est
1434 2951 1516 2984 dida
1532 2950 1683 2994 sinodice,
1709 2951 1743 2984 id
1766 2950 1813 2984 est
1826 2975 1837 2991 ,
1864 2963 1918 2995 per
1943 2952 2069 2986 nullam

1189 3001 1360 3044 Synodum
1374 3025 1384 3040 ‚
1411 3001 1581 3044 quomodo
1595 3013 1684 3041 vox,
1712 2999 1986 3044 Consubstantiale‚
2014 3013 2068 3035 aut

1190 3062 1254 3085 vox
1276 3074 1286 3089 ‚
1313 3055 1384 3083 Unio
1402 3049 1560 3093 secundum
1583 3049 1766 3092 Hypostafin‚
1792 3051 1828 3084 in
1857 3052 2067 3086 universalem

1191 3100 1362 3134 Ecclesiam
1378 3100 1581 3141 introducta,
1608 3110 1760 3143 praecepta
1778 3125 1788 3141 ,
1814 3111 1869 3135 aut
1895 3103 2068 3135 confirma-

1190 3160 1243 3183 ta.
1271 3149 1410 3182 Praesens
1433 3160 1573 3192 namque
1594 3150 1783 3192 Capitulum
1805 3162 1878 3184 eam
1893 3151 2069 3184 solummo-

1189 3200 1234 3233 do
1255 3198 1392 3241 exponit
1412 3210 1449 3232 ac
1464 3198 1639 3242 permittit.
1671 3201 1738 3234 Suo
1752 3210 1861 3234 tamen
1878 3200 1979 3234 modo
1990 3211 2070 3234 con-

1193 3251 1352 3282 firmatam
1370 3247 1511 3282 ostendit
1527 3248 1611 3282 idern
1625 3250 1767 3283 Doetor:
1796 3252 1916 3292 ,Quinta
1941 3252 2069 3289 synodus

1191 3300 1321 3332 decrevit
1335 3321 1345 3337 ,
1369 3306 1401 3330 ut
1417 3298 1653 3340 amplecteremur
1666 3306 1764 3332 omnia
1772 3298 1886 3341 scripta
1901 3297 2070 3342 sane‘lorum

1194 3346 1368 3389 Athanasii,
1395 3347 1518 3390 Bafilit',
1544 3352 1677 3391 Gregorii
1687 3348 1913 3389 Nazianzeni‚
1940 3351 1974 3384 6·
2001 3352 2069 3383 alio-

1192 3410 1275 3431 rum.
1303 3396 1350 3432 At
1371 3399 1447 3433 vero
1469 3397 1505 3431 hi
1525 3409 1640 3432 omnes
1651 3409 1786 3432 utuntur
1798 3398 1882 3434 dista
1896 3410 1975 3434 voce
1989 3425 1996 3431 .
2026 3400 2069 3433 Et

1695 3447 1731 3480 T
1980 3450 2015 3482 in
