2340 3736
619 108 932 160 Scuotns,
970 117 1031 146 iii·
1066 112 1241 145 noris
1276 112 1657 148 Ittosraan.

231 205 326 238 pem,
350 192 442 235 cujus
463 192 502 225 fit
524 188 685 234 ejusmodi
708 187 829 223 litteras
853 199 921 221 non
944 185 1111 229 accipere,

231 244 287 279 sed
307 242 399 277 dare.
427 242 471 275 Et
482 239 561 274 hinc
582 239 742 274 Photium
755 237 903 273 Ecclefiae
924 235 1112 272 Constanti-

231 291 432 336 nopolitanae
464 291 625 324 intrusum
655 290 763 333 arguit
796 287 958 323 Nicolaus
990 286 1112 330 primus

229 341 410 382 PontifeX‚
434 339 525 382 quod
547 340 566 375 a
587 339 721 385 Legatis
740 339 804 373 suis
829 335 1113 374 commendatitias

229 391 392 435 Epistolas
411 400 525 425 contra
543 402 677 425 ornnem
697 387 970 424 consuetudinem
989 385 1111 430 exegis-

228 441 295 475 set.
323 441 386 475 Eas
406 440 634 476 Tertullianus
660 442 694 475 in
717 439 801 473 libro
828 437 1110 479 Praescriptionum

228 500 329 526 vocat
355 489 575 534 Hospitalitatis
595 491 868 534 contem-rationem,
889 486 978 531 quod
1001 496 1110 520 earum

231 541 349 575 virtute
384 540 589 575 Christianus
611 538 834 574 Christianum
857 535 1001 579 hospitio
1025 537 1112 571 exci-

231 601 342 635 peret,
368 591 538 635 quomodo
559 589 658 623 hodie
677 587 717 622 ad
740 584 988 622 Obedientiales
999 587 1111 621 Praela-

229 651 341 675 torum
352 641 474 676 litteras
486 641 523 674 fit
540 639 624 674 inter
635 638 822 682 Religiosos
838 636 981 680 ejusdem
993 639 1109 681 praeser-

229 691 294 726 tim
316 691 469 726 Ordinis.
498 689 619 725 Utitur
641 688 776 731 antiqua
798 686 971 732 gentilium
990 688 1112 726 Roma-

231 752 350 776 norum
366 739 467 785 phrasi
481 763 492 779 ,
517 738 602 782 apud
624 749 707 782 quos
729 749 799 772 non
821 736 950 771 tantum
974 737 1109 781 privati,

230 786 287 825 sed
300 792 428 834 integras
437 789 585 824 civitates
596 800 634 822 ac
645 788 757 832 populi
769 786 900 822 inibant
909 788 1014 822 mutui
1039 786 1112 822 hos-

231 841 307 885 pitii
326 839 471 874 foedus&
490 839 670 873 amicitiam
684 863 695 878 ,
721 837 937 873 exercendam
947 838 1111 872 mediante

234 889 371 932 hospitali
389 889 510 931 afferte,
536 888 624 923 unde
664 889 698 923 &
718 889 795 924 dieti
816 887 946 922 foederis
972 889 1112 930 Praevari-

232 949 358 974 catores
382 938 575 973 dicebantur
598 939 727 981 teffiram
749 938 929 982 confregisse.
957 937 1111 972 Nostram

232 988 378 1023 tesseram
390 989 518 1033 respicit
529 989 649 1032 impius
662 989 830 1024 Lucianus
840 1011 851 1027 ‚
877 987 1012 1022 inimica
1026 999 1113 1022 men-

233 1047 268 1073 te
280 1038 418 1073 scribens
429 1040 471 1073 de
492 1037 698 1074 Christiano.
727 1039 857 1073 Secunda
876 1043 1113 1082 peregrinatione

229 1086 365 1132 suscepta
385 1090 532 1133 egreditur
553 1099 719 1133 vagaturus
747 1112 760 1131 ,
778 1088 860 1132 satis
874 1087 929 1130 fibi
951 1094 1056 1122 viatici
1081 1093 1113 1121 in

236 1137 417 1178 Christianis
443 1139 834 1183 repost‘tumefftexssimans
847 1162 858 1178 ‚
885 1138 1022 1181 aquibus
1042 1149 1113 1180 qua-

236 1190 417 1230 quaversum
436 1189 587 1223 incedebat
604 1189 754 1232 stipatus,
780 1196 813 1223 in
834 1193 912 1221 omni
938 1188 1047 1232 agebat
1070 1199 1114 1221 re-

188 1260 194 1263 -
235 1248 303 1270 rum
322 1238 511 1278 abundantiae
522 1263 534 1279 ,
558 1247 646 1282 atque
654 1241 697 1273 ad
707 1240 783 1273 bunc
793 1239 910 1272 modum
928 1238 1114 1280 aliquatenus

234 1286 389 1320 alebatur:
419 1287 462 1322 Et
473 1287 515 1323 de
525 1289 657 1331 Iuliano
683 1288 864 1333 Apostata,
888 1288 1114 1332 gentilismum

234 1336 353 1371 nostris
371 1337 559 1373 moribus&
578 1338 694 1375 ritibus
720 1340 980 1379 fucareconam,
1005 1338 1116 1372 scribit

234 1387 370 1421 Sanetus
401 1388 579 1434 Gregorius
611 1389 841 1424 Nazianzenus
871 1413 878 1421 .
918 1388 1116 1429 Constituebat

234 1442 330 1471 etiam
341 1436 506 1481 diversoria
513 1438 660 1481 aedificare
670 1462 681 1478 ,
706 1452 741 1474 ac
750 1444 847 1473 domos
857 1440 1044 1481 excipiendis
1055 1437 1116 1482 bos-

232 1487 350 1528 pitibus
377 1489 491 1522 dicatas
504 1513 515 1530 ,
533 1488 902 1532 fimulquebumanitatem
927 1500 997 1532 erga
1003 1497 1118 1530 paupe-

235 1548 286 1570 res
307 1538 490 1582 adiungere,
512 1541 701 1579 camaliam,
729 1541 792 1573 tum
802 1551 891 1579 eam,
916 1550 984 1580 quae
995 1544 1027 1571 in
1042 1543 1117 1573 notis

228 1584 295 1627 five
307 1588 417 1631 tesseris
440 1588 657 1631 Epistolaribus
679 1589 817 1631 confistit,
843 1589 950 1631 quibus
971 1600 1040 1629 eos,
1066 1594 1118 1631 qui

238 1641 341 1678 inopia
357 1645 535 1679 premuntur
548 1661 559 1677 ,
584 1650 621 1672 ex
634 1647 727 1683 gente
746 1645 779 1672 in
798 1648 920 1683 gentem
940 1637 1116 1682 transmitti-

62 1687 125 1722 L5·'
143 1691 219 1720 Οἱς·
237 1697 306 1720 mus
318 1711 325 1718 .
354 1687 398 1721 Et
408 1688 562 1722 Hermias
584 1688 812 1723 Zozomenus.
841 1690 959 1723 Dicitur
966 1690 1118 1731 praetereci

233 1737 387 1780 Julianus
409 1739 605 1779 imitatuseffe
623 1744 657 1771 in
667 1744 778 1779 primis
781 1739 935 1780 formulas
944 1740 1115 1772 litterarum

237 1783 460 1829 Epifi‘opalium
472 1810 484 1827 ,
509 1787 613 1828 quibus
619 1786 756 1830 solebant
759 1787 793 1830 se
804 1793 882 1821 inter
891 1786 969 1830 ipsiu
982 1794 1116 1822 certiores

232 1835 337 1879 facere
349 1837 387 1870 de
402 1841 590 1880 peregrinis,
615 1849 672 1880 quo
692 1836 962 1881 proficiscerentur,
986 1838 1020 1871 ὦ·
1039 1838 1119 1871 unde

238 1887 381 1929 venissent
394 1910 405 1926 ‚
431 1896 465 1919 ut
475 1894 630 1929 tamquam
653 1894 737 1928 noti,
762 1897 852 1931 atque
863 1890 937 1921 adeo
958 1894 1047 1921 amici
1052 1896 1120 1930 pro-

232 1935 382 1980 pterfigni
399 1935 589 1978 testimonium
599 1935 724 1980 hospitio
747 1944 949 1981 exciperentur
960 1962 971 1979 ‚
997 1938 1119 1982 diligen-

159 2026 166 2030 -
236 1995 337 2028 terque
357 1995 547 2020 curarentur.
575 1986 679 2021 Addit
700 1987 742 2022 de
763 1989 983 2023 Eunomianis
1002 2013 1010 2021 .
1038 1992 1119 2022 Inter

64 2026 127 2060 1⁴¹⁷·
141 2034 218 2059 ‘3⁸¹⁷‘
237 2034 317 2078 ipfhs
331 2035 392 2077 fas
414 2047 471 2069 non
491 2036 530 2076 est
551 2042 584 2070 in
604 2043 746 2071 orationis
767 2046 996 2072 communionem
1017 2045 1119 2073 venire

237 2085 383 2125 cumbis,
408 2090 459 2127 qui
470 2087 590 2118 aliunde²
599 2088 789 2128 adveniunt,
815 2089 870 2130 nisi
876 2089 997 2122 litteras
1017 2096 1118 2130 appor-

238 2141 327 2175 tent,
352 2146 421 2177 quae
434 2133 511 2177 ipsbs
532 2140 565 2168 in
574 2141 707 2177 opinione
730 2144 885 2171 convenire
896 2149 960 2170 cum
982 2136 1060 2180 bisce
1072 2140 1120 2172 de-

239 2185 353 2218 clarent
361 2192 419 2226 per
431 2193 518 2217 notas
528 2183 674 2227 quasdam
686 2186 827 2228 Epistolis
841 2185 1000 2230 inscriptas
1011 2212 1022 2229 ,
1043 2198 1118 2228 quas

239 2235 293 2267 alii
303 2245 360 2267 non
371 2235 539 2277 intelligunt
549 2259 555 2266 .

291 2283 474 2330 Qiomodo
496 2283 696 2328 Baptismum
711 2310 722 2327 ,
748 2286 793 2321 ita
816 2288 849 2322 &
868 2286 982 2322 harum
1004 2288 1119 2323 littera-

238 2335 459 2369 rumformam
472 2334 657 2370 Eunomius
668 2346 829 2372 mutarat:
857 2339 1037 2372 Interim&
1058 2339 1118 2372 Ec-

237 2385 331 2419 clesia
349 2383 536 2418 orthodoxa
549 2385 672 2430 semper
691 2388 756 2421 fuit
766 2386 820 2421 usa
833 2390 920 2422 notis
932 2414 942 2429 ‚
967 2399 1047 2432 quas
1067 2400 1119 2422 ex-

237 2435 343 2470 tranei
357 2446 425 2468 non
445 2429 613 2478 caperent.
642 2435 775 2471 Etenim
788 2438 965 2472 Gratianus
985 2438 1118 2474 adducit

237 2484 475 2519 secretissimam
486 2483 602 2518 harum
619 2484 797 2521 litterarum
810 2488 985 2522 formulam
996 2513 1006 2528 ,
1033 2489 1118 2531 quasi

238 2535 395 2569 univei‘sae
421 2533 571 2569 Ecclesia:
596 2534 732 2578 Synodo
753 2538 887 2572 Nicaena
912 2538 1117 2582 impositam,

239 2596 278 2618 ne
302 2586 404 2626 aliqua
407 2584 503 2626 fraus
524 2587 631 2618 temere*
653 2584 902 2628 praesumeretur.
931 2589 995 2622 Eas
1008 2589 1118 2622 omnis

240 2633 419 2675 antiquitas
431 2634 561 2668 vocavit
572 2634 692 2669 litteras
702 2637 855 2671 formatas
867 2662 876 2676 ,
904 2636 993 2681 quod
1003 2649 1117 2672 arcana

239 2692 395 2718 notarum
426 2684 530 2727 specie
555 2686 769 2720 formarentur
787 2711 795 2718 .
824 2687 932 2722 Prima
965 2687 1117 2731 Synodus

239 2733 439 2768 Bracarenfis
458 2734 520 2768 effe
539 2734 672 2769 mandat
689 2735 808 2780 fignata
823 2735 939 2780 J‘cripta
951 2763 958 2769 .
985 2737 1116 2772 Cabilo·

239 2783 346 2817 nensis
360 2782 497 2819 secunda
506 2785 569 2818 esse
581 2785 700 2819 litteras
713 2811 723 2826 ‚
750 2787 785 2820 in
797 2787 914 2831 quibus
924 2788 984 2821 sint
996 2787 1114 2831 Eptsco

237 2838 273 2875 pi
296 2834 330 2866 (τ
351 2838 485 2866 civitatis
508 2839 628 2867 nomina
641 2835 762 2877 plumbo
783 2838 917 2881 impreffa
930 2863 937 2869 .
964 2838 1008 2872 Et
1032 2835 1117 2881 apud

241 2882 400 2925 Jacobum
422 2883 632 2918 sirmondum
642 2886 734 2920 tertia
756 2887 985 2932 Lugdunensis
1007 2888 1101 2931 Capt'

240 2943 355 2965 vorum
368 2932 481 2966 litteris
491 2934 829 2970 mandatinseridiem
851 2937 999 2971 datarum
1014 2962 1024 2977 ‚
1051 2949 1116 2980 pre-

238 2981 325 3017 tium
335 2982 566 3026 redemptionis
579 3008 589 3023 ‚
600 2985 631 3018 ἀ
642 2987 803 3028 propriam
818 2987 971 3030 Episcopi
984 2985 1113 3021 subscri-

240 3032 389 3075 ptionem
404 3057 413 3071 ,
439 3034 596 3075 quatenus
609 3034 649 3068 de
662 3036 798 3070 veritate
808 3037 917 3070 nullus
929 3037 1021 3080 poffit
1032 3038 1113 3071 scru-

240 3081 336 3124 pulus
347 3081 490 3116 oboriri.
515 3082 686 3118 Dabantur
696 3086 786 3119 enirn
799 3086 934 3130 captivis
946 3086 986 3122 ad
1006 3099 1112 3122 emen-

239 3130 419 3165 dicandum
432 3131 570 3175 pretium
582 3133 831 3178 redemptionis.

291 3181 456 3228 roirca
491 3180 674 3225 hujusmodi
698 3184 810 3221 litterae
840 3187 969 3220 fuerunt
1002 3187 1113 3220 varia-t

243 3229 326 3266 Alias
347 3231 515 3275 Episcopis
534 3231 568 3265 ὅ(
591 3232 727 3266 Clericis
750 3259 761 3274 ,
786 3236 857 3270 aliae
884 3237 990 3271 Laicis
1011 3262 1022 3276 ,
1047 3237 1116 3270 aliae

242 3279 455 3324 pauperibus,
483 3281 551 3314 aliae
578 3280 748 3316 honoratis
771 3285 839 3318 dari
867 3286 1031 3320 solebant.
1061 3286 1116 3319 Er—

244 3340 318 3363 rant
341 3354 351 3370 ,
377 3331 433 3374 qui
466 3331 541 3366 solis
565 3330 754 3376 pauperibus
783 3335 970 3368 existimant
1008 3335 1117 3369 datas:

244 3378 336 3413 Nam
358 3379 424 3414 sine
437 3381 503 3415 illis
524 3382 681 3425 necipsos
692 3382 918 3417 Romanarum
937 3385 1119 3418 Provincia-

246 3438 316 3463 rum
340 3429 492 3465 Renores
524 3429 564 3465 ad
585 3430 790 3467 Praefidatum
822 3434 915 3468 suum
942 3435 1121 3478 proficisci,

309 3491 311 3493 ¹
340 3479 441 3520 Christ.
459 3484 536 3524 Lupi
549 3485 631 3524 Oper.
645 3485 763 3515 Tomis.

58 268 143 309 Epist.
153 281 198 307 70.

58 1380 150 1409 Orat..
156 1387 179 1408 ι.

63 2444 138 2478 Dist-
156 2454 201 2484 73.

1923 101 1979 147 81

1170 192 1225 217 aut
1235 181 1305 216 illic
1325 182 1359 215 in
1372 183 1643 218 communionem
1655 185 1755 229 recipi
1777 186 1934 229 permittit
1947 187 2051 230 prima

1172 231 1325 277 Synodus
1347 231 1561 267 Arelatensis.
1587 232 1672 268 Aliae
1684 234 1724 269 ad
1735 236 1836 270 solam
1858 236 2050 276 orthodoxas

1171 283 1293 317 fidei&
1314 283 1560 316 communionis
1581 285 1804 320 testimonium
1819 309 1830 325 ,
1857 287 1928 320 aliae
1949 287 2051 321 etiam

1171 333 1211 367 ad
1224 333 1442 376 captivitatis,
1468 333 1535 366 aeris
1561 332 1658 365 alieni
1671 359 1681 374 ,
1708 347 1764 370 aut
1776 335 1915 378 cujusvis
1928 336 2054 369 neceffi.

1172 381 1247 417 tatis
1259 382 1427 426 quaerenda
1439 381 1575 416 subsidia
1597 382 1631 415 &
1646 384 1758 418 solatia
1778 385 1956 420 dabantur·
1985 386 2054 419 Ha-

1173 432 1268 467 buere
1292 433 1326 466 &
1353 433 1436 466 varia
1457 432 1598 467 nomina‘
1614 457 1621 463 .
1649 432 1959 470 Communiffimum
1992 435 2054 469 fuit

1173 481 1304 525 Epistola
1307 482 1471 524 formata,
1496 483 1537 516 de
1551 493 1618 526 quo
1630 483 1771 525 Optatus
1782 484 1960 528 Episcopus
1986 485 2054 518 Mi-

1174 533 1335 566 levitanus
1347 545 1353 564 τ
1382 533 1480 566 Nobis
1491 541 1570 565 totus
1593 532 1671 565 orbis
1680 541 1843 567 commercio
1846 536 2054 576 formatarum

1172 588 1205 615 in
1226 594 1287 616 una
1306 588 1513 616 communionis
1526 580 1666 632 societate
1685 590 1893 618 communicat.
1920 586 2053 619 sanctus
2069 569 2155 647 {313¹}ss
2166 612 2234 644 ¹63·

1174 632 1380 677 Augustinus
1391 642 1486 667 vocat
1513 637 1799 667 communicatorias
1811 632 1861 671 l‘eu
1880 633 2029 676 formatas
2041 660 2052 676 ,

1172 682 1342 724 quaerensa
1366 683 1573 723 Donatistis,
1599 683 1697 716 utrum
1724 683 1875 726 Epistolas
1900 691 2053 717 communi-

1172 739 1298 765 catorias
1319 757 1331 774 ,
1356 744 1432 774 quas
1453 732 1603 774 formatas
1629 734 1755 768 dicimus
1782 759 1792 775 ‚
1814 733 1927 777 possent
1946 757 1956 773 ,
1997 737 2055 776 qud

1174 784 1286 817 vellent
1306 806 1316 822 ‚
1342 784 1417 816 dare
1439 807 1445 813 .
1474 784 1577 820 Erant
1594 783 1684 817 enim
1706 784 1905 828 signaculum
1931 794 1969 819 ac
1992 794 2058 816 me-

1174 832 1267 867 dium
1290 831 1471 867 Catholicae
1483 844 1540 876 per
1561 844 1696 868 omnem
1709 834 1883 868 Ecclesiam
1911 843 2057 867 commu-

1175 883 1302 917 nionis.
1332 880 1543 917 Antiochena
1569 882 1723 926 Synodus
1746 894 1840 918 vocat
1852 883 2060 918 commenda-

1174 933 1285 974 titias,
1311 933 1482 976 pacificas,
1508 934 1705 973 canonicas,
1732 934 1822 978 quod
1846 934 1892 968 sui
1918 943 2061 978 portato-

1173 993 1238 1016 rem
1264 984 1533 1018 commendarent
1563 985 1729 1028 tamquam
1752 983 1924 1020 hominem
1951 985 2061 1018 secuu-

1175 1032 1254 1066 dum
1267 1031 1470 1068 Christianos
1482 1034 1636 1069 Canones
1656 1035 1821 1079 integrum
1835 1059 1847 1076 ,
1874 1035 2060 1077 fultumque

1178 1082 1398 1117 Ecclesiastica
1419 1095 1518 1127 pace.
1545 1086 1681 1126 Sanctus
1701 1084 1930 1129 Hieronymus
1953 1085 1989 1120 in
2011 1096 2059 1118 ca·
2079 1106 2110 1134 m
2128 1102 2242 1141 origim

1176 1132 1288 1176 talogo
1302 1142 1398 1166 vocat
1422 1134 1613 1173 testimonium
1623 1134 1766 1177 Epistolae
1785 1133 1989 1177 Ecclefiasticae
2000 1161 2007 1166 .

1226 1181 1347 1217 Noster
1371 1183 1491 1217 Canon
1503 1185 1572 1228 agit
1598 1185 1638 1218 de
1650 1184 1724 1220 solis
1738 1185 1913 1220 Laicorum
1925 1185 2061 1227 litteris-3

1176 1231 1346 1277 distinguit
1367 1233 1453 1267 inter
1473 1233 1622 1276 pacificas
1640 1234 1675 1269 &
1695 1234 2002 1274 commendatum,
2030 1237 2063 1270 ὅ(

1178 1279 1271 1321 hasce
1292 1283 1368 1316 solis
1389 1282 1560 1318 honoratis
1584 1308 1596 1324 ,
1636 1285 1836 1330 nequaquam
1869 1285 2062 1328 pauperibus

1178 1332 1310 1366 mandat
1331 1331 1399 1366 dari
1422 1347 1433 1366 .·
1470 1345 1511 1368 ne
1543 1333 1730 1378 importuna
1763 1335 2062 1369 commendationis

1180 1392 1271 1425 prece
1293 1383 1456 1425 postulata
1469 1384 1591 1418 auxilia
1605 1385 1764 1419 videretur
1784 1386 1826 1419 ab
1836 1387 1998 1422 extraneis
2009 1397 2065 1420 ex-

1178 1440 1328 1475 torquere
1340 1458 1347 1465 .
1373 1432 1445 1468 Alii
1459 1434 1609 1469 Ecclesiae
1620 1435 1774 1469 Canones
1785 1436 1818 1470 &
1831 1435 1941 1469 Patres
1953 1435 2064 1477 passim

1179 1482 1388 1517 confundunt
1400 1485 1549 1528 utrasque
1561 1485 1700 1528 litteras;
1726 1486 1822 1529 quale
1834 1485 1932 1519 fuerit
1951 1484 1992 1518 ab
2003 1483 2064 1529 hac

1181 1532 1318 1576 Synodo
1339 1532 1457 1576 jussum
1477 1534 1650 1569 discrimen
1672 1561 1682 1577 ‚
1709 1537 1812 1569 fateor
1834 1546 1887 1570 me
1915 1535 2039 1568 nescire
2057 1560 2064 1566 .

1182 1581 1283 1616 Porro
1314 1582 1355 1616 ad
1389 1581 1552 1618 haereticos
1585 1595 1642 1619 aut
1675 1584 1898 1620 schismaticos
1927 1583 2066 1619 scribere

1182 1630 1370 1674 hujusmodi
1391 1633 1514 1668 litteras
1527 1634 1587 1668 fuit
1601 1635 1724 1679 semper
1744 1637 1907 1669 summum
1919 1635 2042 1669 crimen
2055 1658 2068 1676 ‚

1183 1681 1296 1726 utpote
1306 1684 1498 1728 contagium
1511 1684 1659 1719 scabiosa:
1671 1685 1914 1722 communionis
1925 1697 1934 1727 3
1946 1685 2066 1729 aequale

1182 1734 1305 1766 crimen
1318 1733 1380 1767 fuit
1401 1733 1579 1769 orthodoxi
1594 1735 1745 1779 Episcopi
1769 1736 1893 1770 litteras
1906 1736 2044 1772 refutare
2055 1759 2062 1765 .

1185 1782 1415 1817 Eteniminter
1438 1785 1576 1819 crimina
1588 1785 1705 1820 Sansto
1731 1786 1848 1828 Joanni
1875 1784 2068 1828 Chrysosto·

1171 1843 1239 1866 mo
1252 1832 1399 1876 imposita
1411 1834 1445 1868 in
1460 1835 1598 1879 Synodo
1618 1834 1659 1870 ad
1670 1835 1838 1883 Qercum
1861 1837 1923 1870 fuit
1938 1860 1949 1878 ,
1975 1835 2068 1879 ‚Quod

1183 1889 1426 1917 communicantes
1435 1895 1499 1918 cum
1511 1885 1637 1926 Ecclesia
1661 1886 1814 1919 monachos
1827 1912 1837 1928 ,
1863 1886 1917 1928 effi
1924 1896 2067 1920 commen—

1182 1933 1308 1966 datitias
1319 1933 1439 1967 litteras
1463 1934 1640 1976 adferrent„
1667 1942 1699 1968 in
1720 1947 1862 1970 carcerem
1887 1937 2061 1978 conjeciffiet.

1232 1984 1321 2017 Dare
1342 1992 1451 2018 autem
1474 1983 1660 2027 hujusmodi
1684 1985 1807 2020 litteras
1833 1987 1898 2020 fuit
1922 1986 2067 2020 solorum

1184 2033 1440 2076 Episcoporum.
1468 2036 1656 2074 Presbyteri,
1681 2042 1731 2077 qui
1745 2036 1864 2079 suntin
1883 2042 1991 2080 agris,
2019 2038 2069 2069 in-

1183 2084 1255 2127 quit
1276 2083 1486 2118 Antiochena
1508 2086 1661 2127 Synodus
1686 2109 1697 2125 ,
1722 2089 1887 2119 canonicas
1915 2085 2067 2127 Epistolas

1184 2134 1257 2165 dare
1269 2144 1328 2165 non
1349 2134 1473 2175 poffint;
1501 2134 1622 2176 adfhlos
1646 2136 1765 2168 tantum
1777 2141 1891 2169 vicinos
1904 2134 2065 2178 Episcopos

1182 2183 1300 2215 litteras
1314 2182 1516 2223 destinabunt,
1543 2195 1620 2226 quas
1632 2184 1787 2227 Dionysii
1813 2186 1933 2229 Exigui
1963 2187 2066 2221 versio

1185 2242 1279 2266 vocat
1292 2232 1611 2274 Epistolasfimplices‚
1637 2235 1757 2277 quibus
1769 2237 1883 2279 nempe
1908 2235 2065 2271 rusticani

1184 2281 1366 2324 Presbyteri
1403 2282 1539 2317 subditis
1559 2284 1621 2318 suis
1643 2284 1684 2318 ab
1717 2285 1880 2329 Episcopo
1903 2285 2066 2330 rogabant

1185 2331 1346 2374 Epistolas
1370 2333 1540 2367 formatas.
1569 2334 1611 2368 Et
1637 2334 1722 2378 apud
1742 2335 1891 2371 Sandium
1917 2336 2065 2369 Leonem

1181 2382 1344 2427 Magnum
1367 2382 1501 2426 antiqua
1526 2385 1673 2427 Epistola
1687 2383 1728 2419 ad
1741 2385 1971 2423 Germaniae&
1990 2386 2068 2420 Gal-

1179 2431 1230 2466 liae
1240 2432 1417 2475 Episcopos
1442 2434 1487 2467 air
1499 2435 1696 2478 generaliter
1705 2435 1747 2470 de
1759 2436 1913 2470 omnibus
1927 2435 2062 2477 Presby-

1180 2482 1271 2523 teris,
1283 2481 1429 2526 adeoque
1440 2484 1474 2519 ὅ(
1485 2484 1526 2517 de
1537 2484 1788 2529 Chorepiscopis
1800 2500 1811 2520 .·
1823 2490 1986 2519 Formatas
2006 2494 2065 2519 cui-

1177 2532 1249 2566 libet
1271 2531 1417 2574 Epistolas
1441 2540 1558 2569 mittere
1580 2547 1637 2567 non
1659 2534 1794 2578 possunt.
1823 2535 1926 2583 Qiod
1954 2547 2062 2570 tamen

1179 2582 1286 2623 hisce,
1312 2581 1496 2618 dummodo
1520 2584 1647 2626 probati
1670 2586 1751 2623 sint,
1779 2586 1936 2628 permittit
1957 2586 2065 2620 lauda·

1179 2643 1231 2666 tus
1252 2632 1371 2666 Canon
1400 2633 1632 2669 Antiochenus
1648 2659 1655 2666 .
1685 2636 1728 2668 Et
1753 2635 1891 2669 secunda
1910 2636 2065 2678 Synodus

1179 2682 1420 2717 Aurelianensis
1444 2683 1574 2718 statuit:
1604 2684 1752 2726 abbates,
1778 2689 1952 2725 Martyrarii
1972 2711 1983 2726 ,
2008 2689 2065 2720 Re-

1178 2731 1263 2774 clufi,
1290 2733 1343 2767 vel
1352 2732 1518 2772 Presbyteri
1541 2735 1685 2776 Epistolia
1699 2738 1772 2768 dare
1785 2747 1842 2768 non
1858 2734 2062 2778 presumant.

1179 2785 1223 2818 Et
1245 2781 1383 2819 secunda
1405 2783 1607 2819 Turonensis
1622 2798 1635 2817 ·:
1662 2787 1773 2819 Nullus
1806 2786 1979 2819 clericorum
2013 2787 2067 2820 vel

1180 2838 1335 2869 Laicorum
1355 2841 1468 2875 praeter
1492 2833 1649 2877 Episcopos
1670 2835 1812 2877 Epistolta
1825 2834 1928 2876 facere
1951 2834 2065 2879 praesu-

1179 2894 1243 2918 mat
1256 2910 1263 2917 .
1291 2884 1402 2918 Prima
1415 2882 1612 2919 Arelatensis
1630 2887 1730 2920 etiam
1744 2885 1991 2920 Confessoribus
2017 2888 2064 2920 in-

1178 2935 1308 2970 terdicit
1326 2933 1486 2976 ejusmodi
1509 2934 1652 2976 litteras,
1678 2935 1855 2979 omnesque
1877 2934 1942 2970 hue
1962 2937 2064 2980 usque

1179 2985 1221 3019 ab
1240 2985 1305 3018 illis
1326 2985 1417 3018 datas
1438 2984 1673 3020 circumscribit
1694 2985 1727 3018 δε
1751 2987 1866 3020 cassat.
1896 2986 2063 3023 Eliberina

1180 3035 1331 3077 Synodus
1341 3033 1396 3067 dat
1416 3035 1564 3072 causam.
1591 3038 1639 3068 Εὸ
1650 3037 1731 3078 quod
1732 3033 1789 3077 sub
1799 3034 1853 3071 hac
1864 3042 1991 3072 nominis
2003 3038 2063 3080 glo·
2083 3051 2223 3087 0254&

1178 3090 1223 3116 ria
1230 3086 1332 3126 paffim
1342 3089 1510 3116 concutiant
1513 3082 1658 3126 fimpltces
1669 3110 1675 3117 .
1704 3084 1793 3119 Nam
1803 3086 1839 3120 &
1848 3085 1889 3121 de
1900 3086 1962 3121 alia
1974 3087 2063 3120 Con-

1179 3134 1331 3168 fessorum
1353 3133 1569 3176 quorumdam
1599 3134 1772 3169 insolentia
1798 3138 1938 3180 graviter
1961 3136 2061 3170 etiam

1181 3184 1322 3227 queritur
1343 3183 1478 3217 sanctus
1497 3182 1701 3227 Cyprianus.
1729 3183 1835 3219 Addit
1855 3186 1974 3219 Canon
1995 3184 2063 3219 Eli-

1182 3235 1311 3268 berinus
1324 3257 1335 3273 ,
1359 3242 1395 3265 ut
1416 3242 1588 3278 apportatas
1608 3246 1661 3278 per
1683 3232 1821 3269 advenas
1840 3235 1952 3268 litterae
1974 3245 2062 3268 com-

1184 3282 1404 3317 municatoriae
1416 3293 1484 3316 non
1495 3294 1550 3326 per
1560 3284 1709 3327 quemvis
1718 3308 1729 3323 ‚
1754 3284 1806 3318 sed
1820 3295 1873 3328 per
1883 3285 1987 3319 solum
1999 3286 2058 3329 pri·

1185 3346 1240 3368 mae
1262 3330 1428 3367 Cathedrae
1447 3331 1646 3377 Episcopum
1670 3358 1681 3374 ‚
1707 3332 1740 3367 id
1761 3333 1807 3367 est
1829 3358 1840 3375 ‚
1867 3333 2064 3378 Metropoli-

1186 3394 1250 3418 tam
1277 3407 1288 3423 ,
1324 3381 1535 3416 discutiantur
1553 3407 1564 3423 ,
1602 3383 1804 3427 probentur,
1839 3385 2057 3428 placetentur.

1187 3432 1313 3468 Clarius
1332 3432 1480 3477 loquitur
1506 3432 1624 3468 Carion
1647 3432 1859 3475 Apostolicus
1873 3459 1883 3476 ,
1909 3445 2009 3480 agens
2020 3434 2061 3469 de

1686 3483 1715 3519 L
1950 3485 2013 3520 fot-

2090 1984 2192 2013 Canou
2217 1983 2245 2012 8.

2090 2480 2226 2521 Epistfflh
