2340 3736
429 44 513 88 Ar>
550 50 1014 86 sacnosaNcrum
1050 34 1420 79 CoNcuiuM
1455 27 1814 78 EPHESINUM.

239 125 367 169 fustibus
379 148 390 166 ‚
415 124 540 166 nostrum
563 125 731 156 adventum
749 127 775 154 ei
785 122 911 154 indicari
925 124 1096 164 rogavimus
1109 145 1116 151 .

246 177 294 210 Illi
307 185 406 210 autem
417 197 428 213 ,
452 187 490 208 ne
501 173 624 215 idfieret
635 193 646 211 ,
670 171 869 212 impediebant
881 194 891 210 ,
910 172 1038 203 dicentes
1047 169 1124 212 seor·

240 225 298 270 sim
308 224 449 260 nonnihil
457 222 598 266 quiescere
608 244 618 260 ,
638 219 727 263 seque
736 246 747 261 ,
773 233 808 254 ne
821 232 995 263 quemquam
1006 222 1122 252 omnim)

246 275 438 311 conveniendi
455 273 533 306 illius
556 269 642 314 causa
664 277 914 310 intromitterent,
934 271 1025 313 jussos
1053 270 1123 312 effi.

247 325 327 374 1²9st
339 323 440 358 multa
466 322 616 366 Episcopi
628 320 678 354 isti
706 319 769 355 hoc
781 322 887 355 solum
908 320 1124 354 aFlorentino

248 374 425 413 Tribun0,
452 371 651 408 Candidiani
677 371 820 405 Comitis
843 370 976 410 assecla,
1003 369 1126 412 &quo-

247 424 322 459 dam
337 422 483 456 Nestorii
503 422 633 458 Clerico
647 445 658 461 ,
683 420 891 464 impetravere
911 418 1096 460 responsum
1112 433 1122 452 .-

247 474 327 508 Mihi
350 472 515 513 Nestorium
534 474 635 505 videre
652 483 709 503 non
729 472 830 510 licuit,
850 477 907 510 per
919 469 1002 511 ,altos
1023 476 1126 501 tamen

242 523 427 568 fignificavit
437 547 447 563 ,
475 523 538 556 cum
550 534 648 556 omnes
662 520 750 562 fimul
758 517 894 561 Episcopi
914 523 1103 566 convenerint
1115 542 1124 557 ,

247 572 350 616 tumse
359 584 470 615 quoque
487 572 660 614 adfuturum
671 594 679 602 .
706 568 762 602 Ad
773 567 906 611 Joannis
917 566 1121 601 Antiocheni

248 622 427 658 adventum
451 621 638 665 provocavit
658 644 665 651 .
702 617 831 666 Qibus
852 617 1005 651 omnibus
1025 618 1124 651 etiam

252 671 453 710 Theodulus
462 671 496 704 δε
507 670 672 705 Anderius
684 668 836 711 Episcopi
849 669 920 701 sunt
932 668 1068 701 attestati
1082 692 1090 698 .

300 721 394 756 Hinc
406 722 556 756 Canones
573 720 706 762 sequens
717 717 889 751 Flavianus
913 717 1127 760 Philippensis

250 772 381 807 decerni
403 770 506 803 voluit
515 770 642 802 tertiam
667 768 874 801 citationem.
903 768 946 800 Et
958 767 1041 800 missi
1053 769 1124 800 sunt

250 823 397 865 Anyfius
414 817 604 852 Thebarum
626 819 660 852 in
693 817 832 851 Hellade
855 842 866 858 ,
891 817 1046 850 Domnus
1068 817 1125 850 ibi-

249 872 325 907 dem
344 869 508 914 OpuntiS‚
535 870 674 912 Joannes
697 867 835 911 praesti
849 868 881 901 in
906 867 1125 910 Augustanica

250 921 396 965 AEgypti
409 919 581 952 Provincia
595 944 605 959 ,
632 918 752 952 Daniel
769 917 945 952 Darnenfis
958 917 991 949 in
1019 916 1125 959 Lybia

248 969 498 1013 Pentapolitana
514 970 716 1012 Episcopus,
742 979 801 1001 nec
814 979 880 1001 non
896 967 1042 1010 Anyfius
1061 967 1128 999 Fir—

248 1019 510 1056 miCaesareenfis
520 1019 555 1052 in
566 1018 772 1062 Cappadocia
786 1016 1054 1060 Archi-Episcopi
1069 1016 1127 1053 Le-

247 1069 360 1104 ἂοτὸε
381 1069 561 1108 Notarius,
589 1079 664 1102 cnm
676 1068 887 1112 anagnostico
908 1068 960 1100 seu
972 1067 1127 1109 potentali

246 1120 415 1154 citationis
434 1119 552 1162 scripto
563 1118 777 1153 instrumento
789 1117 802 1149 ξ
823 1118 869 1150 At
882 1116 964 1150 nihi-l
986 1117 1125 1159 profece-

247 1178 345 1204 runt.
372 1168 573 1211 Repererunt
586 1169 620 1202 ὅ(
640 1169 694 1210 ipsi
706 1169 844 1201 domum
866 1167 1009 1201 Nestorii
1033 1165 1125 1199 valla-

247 1228 318 1260 tam
338 1217 442 1251 milite
462 1241 473 1257 ,
499 1218 516 1250 a
539 1229 605 1260 quo
624 1217 748 1252 dudum
772 1217 985 1260 praestolantes
1008 1226 1048 1248 ne
1069 1215 1126 1247 sub

247 1263 362 1305 unsbra
375 1265 504 1310 quidem
516 1268 684 1300 consistere
698 1267 833 1309 permissi
857 1268 931 1299 sunt
943 1290 952 1304 ‚
979 1263 1080 1298 immo
1092 1266 1124 1297 ὅς

248 1318 428 1352 insolenter
439 1327 475 1351 ac
487 1316 686 1359 impudenter
699 1315 865 1349 hincinde
886 1314 960 1349 trusi
975 1339 985 1354 ,
1013 1325 1071 1348 nec
1083 1315 1128 1346 lo-

249 1369 282 1403 ci
293 1366 455 1407 tantillum
480 1366 666 1407 consecuti,
692 1365 745 1399 ubi
760 1366 873 1407 pedem
901 1365 1056 1408 figerent.
1086 1365 1126 1397 Et

249 1418 384 1452 tandem
406 1417 517 1450 dixere
539 1416 660 1450 milites
673 1418 783 1448 nullum
805 1416 890 1447 aliud
897 1413 1060 1457 responsum
1081 1426 1127 1446 eos

250 1468 404 1501 ablaturos
415 1490 425 1505 ,
449 1465 561 1508 etiamst
567 1469 610 1499 ad
619 1465 780 1509 'vesperam
793 1465 881 1508 usque
892 1471 923 1496 in
935 1467 1035 1497 domur
1046 1463 1119 1504 vesti

249 1518 317 1552 bulo
335 1524 559 1550 immorarentur
572 1543 580 1559 ,
610 1519 642 1550 (9¹
653 1528 687 1549 ea
708 1518 744 1549 de
756 1515 839 1557 causa
855 1513 887 1558 se
898 1514 1031 1554 vestibulo
1042 1513 1128 1546 adhi-

251 1568 324 1600 bites
344 1567 469 1607 custodes
483 1591 492 1605 ,
517 1566 647 1608 illudque
660 1568 679 1597 ιῑ
690 1566 823 1605 Nestorm
831 1572 863 1596 in
887 1567 1042 1596 mandatis
1056 1574 1128 1595 acce-

247 1618 319 1660 psffe
331 1642 340 1656 ,
367 1629 402 1649 ne
423 1618 513 1649 ullum
532 1619 667 1656 omnino,
694 1617 775 1657 quta
799 1616 906 1654 synodo
917 1615 1014 1657 mifficr
1042 1614 1106 1657 esset
1121 1638 1130 1654 ‚

251 1665 397 1710 adipsum
408 1667 522 1709 ingredi
536 1672 713 1707 permittant
725 1690 734 1697 .

301 1716 480 1758 Obstupuit
494 1715 607 1748 santia
630 1715 797 1757 Synodus.
825 1716 1019 1748 Decreverat
1037 1713 1130 1747 illum

249 1765 412 1800 honorate
422 1764 521 1798 etiam
531 1773 642 1807 quarta
656 1765 932 1808 supererogatoria
954 1763 1111 1797 citatione
1123 1775 1131 1804 3

250 1816 364 1850 veritm
387 1817 474 1858 quod
496 1814 599 1847 milite
619 1814 752 1857 stipatus
779 1825 843 1847 non
868 1813 985 1847 faceret
1011 1814 1055 1846 sui
1082 1823 1131 1846 co-

250 1867 364 1911 piam,
387 1863 491 1898 edixit
511 1864 585 1898 laesae
610 1875 663 1908 per
685 1865 789 1907 ipsum
816 1863 891 1897 fidei
902 1873 1039 1897 examen
1062 1871 1132 1896 tan-

250 1915 327 1950 dem
349 1913 571 1948 inchoandum
593 1938 602 1946 .
643 1914 684 1947 Et
707 1913 866 1957 Iuvenalis
891 1911 1132 1955 Hierosolymae

252 1966 433 2008 Episcopus
445 1973 521 1997 ante
541 1964 651 1997 omnia
666 1964 839 2007 postulavit
858 1962 923 2007 legi
934 1959 1131 2006 Symbolum

253 2016 430 2049 Nicaenurn
442 2038 452 2052 ,
479 2014 622 2046 cumillo
634 2025 668 2046 ut
681 2013 846 2046 infallibili
861 2014 969 2056 regula
991 2013 1130 2046 conferri

253 2064 288 2098 &
299 2063 334 2096 N
348 2062 445 2096 storii
466 2063 498 2096 ὅ(
511 2062 617 2096 Sancti
629 2062 748 2104 Cyrilli
774 2063 866 2095 Dicta
878 2063 910 2096 ὅ(
925 2062 1047 2105 Scripta
1060 2086 1070 2101 ,
1098 2062 1131 2095 δε

252 2114 369 2148 existo
379 2112 419 2146 de
432 2110 661 2155 hiscejudicari
676 2136 683 2143 .
711 2112 796 2146 Mox
806 2112 907 2154 ipsum
920 2111 999 2156 legit
1019 2112 1132 2145 Petrus

251 2162 401 2198 Ecciefiae
422 2162 654 2196 Alexandrinae
664 2161 835 2205 Presbyter
855 2161 890 2194 ὃς
917 2161 1132 2195 Notariorum

251 2213 486 2252 primicerius,
512 2223 610 2246 manu
621 2221 733 2245 tenens
743 2224 779 2245 ac
790 2211 853 2255 legi
867 2212 944 2244 item
970 2210 1133 2253 postulans

252 2262 425 2297 secundam
448 2261 554 2295 Sansti
577 2260 695 2304 Cyrilli
722 2261 762 2295 ad
786 2261 974 2294 Nestorium
1007 2261 1132 2303 Epist&

254 2312 342 2352 lam,
367 2323 464 2354 qnam
487 2313 520 2346 ὃ(
543 2311 623 2355 legit
644 2311 684 2344 ad
706 2312 992 2345 interlocutionem
1017 2311 1132 2344 Aeacii

254 2362 474 2396 Melitinensis
486 2360 657 2404 Episcopi,
684 2372 739 2404 per
751 2361 923 2395 secundam
940 2361 1131 2395 Armeniam

254 2410 495 2453 Metropolitae.
523 2411 567 2444 Et
578 2410 617 2445 de
631 2411 709 2443 lesta
722 2411 892 2454 Synodum
904 2413 1030 2454 rogavit
1055 2411 1129 2444 San-

258 2464 325 2495 &us
334 2460 482 2504 Cyrillus
494 2474 501 2493 ι
528 2460 721 2493 ςαηέῗὶιαιενη
734 2461 861 2501 vestram
874 2469 1005 2505 rogatam
1029 2467 1110 2502 cupio
1122 2485 1132 2500 ,

255 2521 289 2545 ut
297 2522 391 2544 coram
413 2518 561 2551 exponat,
586 2510 700 2542 rectene
725 2512 759 2543 (9
780 2512 929 2552 inculpati
941 2537 950 2549 ,
972 2509 1132 2553 sanc¹70que

256 2566 382 2594 Nicaeno
406 2561 530 2592 Concilio
552 2566 753 2592 convenienter
772 2559 938 2602 scripserim
960 2560 1021 2593 baec
1045 2585 1055 2600 ‚
1091 2572 1135 2593 an

250 2609 332 2654 [αἰω-
347 2635 353 2641 .
381 2612 506 2644 Omnes
518 2609 623 2642 Patres
645 2613 777 2652 proprio
787 2610 937 2654 stiffi-agio
949 2609 1131 2652 judicarunt

254 2660 460 2695 conformem
471 2670 526 2702 per
536 2658 649 2692 omnia
659 2683 670 2699 ,
695 2659 728 2692 ὅ(
742 2669 777 2692 ut
789 2659 866 2693 fidei
877 2660 1023 2704 regulam
1036 2660 1129 2693 susce—

253 2719 371 2754 perunt
383 2734 390 2741 .

307 2758 479 2793 Flavianus
490 2755 745 2802 Philippensium
768 2758 1069 2802 Archi-Episcopus
1081 2757 1135 2793 ha-

257 2809 329 2843 buit
340 2809 405 2842 duo
426 2809 573 2853 suffragia
584 2823 595 2842 .-
622 2809 771 2844 Alterum
783 2821 840 2852 pro
854 2811 883 2842 se
893 2834 903 2849 ‚
929 2810 1064 2843 alterum
1077 2821 1133 2852 pro

258 2859 350 2893 Rufo
362 2857 700 2894 Thessalonicenfium
726 2860 938 2903 Metropolita
951 2884 960 2899 ,
985 2860 1018 2892 δεῖ
1030 2860 1135 2892 omni-

259 2909 320 2942 bus
333 2908 500 2951 Episcopis
513 2907 703 2950 Illyricianis
713 2933 723 2948 ‚
748 2920 885 2952 quorum
895 2920 962 2943 erat
985 2909 1135 2943 Vicarius

259 2959 294 2992 &
304 2959 459 3002 Legatos.
491 2957 531 2990 Et
546 2968 650 2992 tamen
667 2960 845 3003 Gregorius
857 2959 1048 2993 Cerazuntis
1061 2959 1137 3001 Epi-

259 3009 397 3051 scopus,
424 3006 498 3041 licet
511 3007 628 3040 Eleufii
656 3008 948 3043 Neo-Caesareensis
960 3010 1134 3052 Episcopi,

260 3058 308 3091 sui
322 3069 376 3101 per
387 3057 531 3091 Pontum
554 3056 823 3092 Polemoniacum
846 3059 1066 3102 Metropolitae
1079 3059 1134 3092 Vi-

260 3107 365 3141 carius
386 3109 419 3141 &
440 3108 582 3151 Legatus
600 3132 610 3147 ,
649 3106 761 3142 habuit
788 3109 957 3142 dumtaxat
980 3110 1135 3142 unicum:

260 3156 383 3190 Nescio
397 3158 491 3190 aliam
513 3157 640 3190 causam
655 3181 666 3196 ,
695 3158 749 3191 nisi
764 3159 910 3192 Ecclefiae
932 3158 1139 3192 Thessaloni-

262 3208 360 3241 censis
382 3207 427 3240 ob
453 3206 657 3250 Apollolicas
680 3218 736 3250 per
752 3219 851 3241 omne
864 3209 1030 3251 illyricum
1054 3209 1140 3240 vices

1892 34 1992 81 201⁴

1184 117 1253 151 lum
1267 130 1278 150 :
1303 114 1406 164 Qod
1421 125 1532 158 nempe
1554 116 1699 150 Romani
1715 117 1888 152 Pontificis
1907 118 2059 153 vicarius

1185 165 1320 211 Synodo
1339 163 1528 209 praesideret.
1557 166 1664 200 Saidas
1684 166 1813 200 Phaenis
1833 167 1866 199 in
1890 168 2059 203 Palaestina

1186 216 1314 250 salutari
1327 215 1505 258 Episcopus
1514 215 1575 247 sese
1585 218 1756 250 confirmat
1781 217 1930 260 suffragio
1943 217 2061 252 Archi-

1186 266 1338 310 Episcopi
1351 264 1571 309 suiJuvenalis
1585 276 1593 298 ι,
1618 266 1724 312 Qem
1739 265 1899 300 honorem
1912 267 1969 300 suo
1989 268 2061 301 Me·

1186 315 1503 359 tropolitaedeferunt
1519 315 1702 356 frequenter
1711 315 1745 348 in
1765 315 1908 359 Synodis
1929 327 2061 359 genera-

1186 366 1272 400 libus
1282 366 1502 400 provinciales
1513 363 1662 408 Episcopi
1677 386 1688 402 ,
1714 375 1751 396 ac
1763 367 1821 399 suo
1832 366 1911 399 item
1925 365 2061 399 Patriar-

1186 415 1272 450 chae.
1302 416 1369 450 Cur
1381 414 1428 449 bis
1448 414 1633 458 suffragium
1656 411 1794 453 dixerit,
1819 416 1957 459 ignoro.
1982 416 2062 449 For-

1186 466 1241 500 san
1266 466 1304 500 fit
1323 477 1409 500 error
1428 465 1515 508 ejus,
1541 463 1593 507 qui
1618 461 1745 510 digeffit
1766 462 1845 496 Acta
1872 465 2059 508 synodalia.

1186 514 1399 558 Prothymius
1419 511 1634 549 Comanenfis
1655 511 1832 555 Episcopus
1843 516 2009 554 profitetur
2030 516 2062 549 se

1187 565 1219 598 in
1231 576 1266 599 ea
1278 565 1341 599 fide
1352 565 1550 609 baptizatum
1562 589 1573 604 ,
1599 562 1771 596 adolevisse
1792 562 1977 597 ordinatum
1992 589 2004 604 ,
2027 565 2062 599 &

1187 615 1364 649 sacerdotii
1387 615 1548 659 dignitate
1569 614 1779 658 insignitum.
1808 611 1860 644 Ex
1873 623 1939 654 quo
1962 614 2061 656 liquet

1189 665 1398 708 Episcopatui
1422 676 1460 698 ac
1480 665 1550 698 aliis
1573 661 1804 698 Ecclefiasticis
1820 661 1971 706 gradibus
1992 674 2062 705 pras-

1187 715 1311 748 missam
1322 715 1419 748 etiam
1431 715 1511 747 olim
1524 715 1615 748 fuisse
1631 714 1705 748 fidei
1725 711 1948 755 professionem
1959 736 1966 742 .

1237 763 1313 798 Post
1328 763 1392 798 haec
1405 763 1570 798 Palladius
1582 764 1760 796 Amasenus
1773 762 1952 805 Episcopus
1962 785 1973 801 ,
1998 761 2065 794 He-

1188 814 1359 858 lenoponti
1381 814 1619 857 Metropolim,
1648 811 1936 846 estinterlocutus:
1965 809 2069 854 Conse-

1189 876 1279 906 quens
1291 863 1346 904 est,
1371 865 1680 905 ut&re2mendffmi
1704 860 1832 901 Nestorii
1846 861 1976 902 Epistola
1990 863 2069 904 lega·

1188 922 1237 946 tur
1248 938 1258 952 ,
1283 917 1364 956 cuius
1375 913 1584 957 religiefiffimus
1599 912 1751 950 Presbyter
1763 914 1874 946 Petrus
1884 917 1972 944 initio
1990 921 2070 944 men-

1191 970 1297 996 tionem
1311 964 1387 1005 ft’cit
1398 989 1407 1003 ,
1434 974 1466 997 ut
1478 964 1545 996 binc
1556 964 1755 1006 intelligamus
1768 986 1777 1001 ,
1805 973 1877 995 num
1887 963 1922 995 (tt
1943 961 1995 994 illa
2005 971 2071 1003 quo·

1189 1025 1242 1054 que
1252 1012 1417 1053 sandorum
1430 1017 1557 1048 Patrum
1569 1018 1759 1049 Nicaenorum
1769 1011 1935 1054 expofitIoni
1956 1011 2071 1054 consen-

1189 1069 1246 1095 tiat
1258 1088 1266 1095 .
1296 1066 1377 1096 Asta
1388 1064 1557 1105 synodalia
1569 1063 1657 1106 ajunt
1668 1063 1685 1095 a
1700 1063 1796 1097 Petro
1819 1062 2017 1104 Presbytero
2028 1062 2072 1095 fa·

1190 1115 1272 1145 eiam
1283 1111 1373 1146 fuiri'e
1385 1115 1587 1147 mentionem
1607 1114 1646 1146 de
1658 1114 1722 1146 sola
1744 1113 1849 1146 Sanffi
1864 1111 1983 1154 Cyrilli
1998 1111 2072 1153 Epi-

1192 1163 1288 1195 stola:
1319 1163 1476 1209 Qare&
1488 1161 1540 1196 hic
1555 1165 1628 1196 sunt
1638 1163 1800 1196 decurtata
1811 1187 1818 1194 .
1847 1160 1949 1194 Porro
1960 1161 2071 1195 Petrus

1190 1222 1268 1244 mox
1280 1211 1358 1256 legit
1380 1213 1552 1246 secundam
1565 1212 1708 1246 Nestorii
1725 1213 1765 1247 ad
1789 1213 1942 1246 Sanctum
1961 1211 2071 1253 Cyril-

1191 1260 1257 1294 lum
1279 1261 1456 1304 Epistolam
1471 1286 1480 1300 ,
1507 1262 1726 1296 cuiA610rum
1750 1261 1956 1304 synodalium
1970 1262 2072 1304 Dige-

1191 1311 1256 1345 stor
1280 1312 1396 1345 merito
1417 1311 1566 1354 adposuit
1590 1312 1675 1344 hanc
1702 1311 1934 1355 Epigraphen:
1959 1314 2074 1343 Exem-

1188 1363 1257 1402 plar
1270 1361 1410 1402 Epistolae
1431 1361 1560 1400 Nestorii
1570 1363 1613 1394 ad
1621 1363 1757 1399 cyrillum
1780 1358 1980 1402 Episcopum,
2005 1371 2074 1400 quae

1193 1410 1323 1443 omnibus
1334 1418 1365 1444 in
1382 1410 1491 1454 sanc‘la
1501 1413 1605 1450 synodo
1618 1410 1768 1454 displicuit
1778 1435 1785 1442 .
1813 1411 1943 1443 Etenim
1955 1407 1996 1443 de
2008 1410 2077 1451 ipsa

1195 1462 1271 1494 ledia
1282 1463 1411 1506 roganti
1427 1463 1465 1495 Sa
1472 1463 1541 1494 neto
1554 1462 1685 1504 Cy1·j110
1701 1485 1711 1500 ‚
1739 1462 1828 1504 ,Quid
1838 1461 1955 1493 videtur
1960 1458 2076 1502 sancqae

1194 1511 1258 1543 huic
1278 1512 1312 1543 (5
1334 1523 1451 1554 magnae
1474 1513 1579 1549 synodo
1598 1513 1634 1543 de
1670 1511 1802 1551 Epistola
1822 1511 1905 1542 modo
1927 1517 2054 1542 recitata
2066 1534 2078 1549 ,

1194 1561 1328 1601 nunquid
1346 1561 1407 1594 haec
1428 1559 1492 1604 ipsa
1512 1572 1622 1602 quoquc
1636 1560 1737 1602 fidei&
1745 1557 1853 1602 sam‘t'a
1884 1563 2078 1592 Nicaenorum

1198 1614 1322 1643 Parrum
1335 1613 1442 1649 synodo
1466 1610 1599 1652 exposirae
1609 1608 1800 1652 consentanea
1815 1609 1869 1648 esi,
1901 1620 1941 1641 an
1957 1612 2027 1642 vcro
2034 1608 2080 1651 se-

1193 1661 1263 1698 ctis,
1287 1660 1405 1705 singuli
1421 1661 1550 1704 proprio
1575 1660 1726 1703 suffragio
1743 1659 1896 1702 Episcopi
1913 1660 2082 1702 responde-

1183 1720 1269 1743 ‚runt
1290 1711 1352 1743 esse
1375 1712 1531 1753 impiam,
1556 1709 1763 1748 hereticam,
1788 1709 2024 1747 monstrosam,
2050 1709 2083 1741 fi·

1194 1758 1245 1792 dei
1259 1758 1450 1794 Christianae
1461 1762 1641 1803 capitaliter
1654 1760 1820 1793 inimicam
1837 1784 1847 1799 ‚
1874 1757 2081 1792 anathemate

1195 1812 1228 1844 δε
1239 1810 1330 1843 omni
1344 1811 1429 1854 apud
1442 1811 1551 1845 Deum
1563 1810 1596 1843 &
1609 1809 1761 1843 homines
1770 1821 1865 1853 poena
1876 1808 2011 1852 dignam
2025 1834 2032 1840 .

1246 1861 1359 1894 Aeacii
1391 1861 1602 1894 Militinensis
1623 1860 1778 1902 Episcopi
1811 1859 1997 1902 suffragium
2023 1858 2083 1891 ele-

1195 1919 1307 1956 ganter
1330 1911 1477 1953 expreffit
1496 1910 1634 1954 singulas
1656 1909 1805 1951 Epistolae
1832 1908 1987 1950 ineptias.
2015 1908 2086 1941 Pri-

1196 1973 1272 2000 m0‚
1300 1961 1387 2003 quod
1411 1959 1559 1993 humanae
1583 1959 1782 1993 infirmitatis
1802 1958 1959 1991 idiomata
1975 1982 1999 1998 ,‚
2013 1961 2083 1989 Na-

1196 2020 1243 2044 tus
1259 2036 1269 2052 ,
1292 2010 1414 2051 passus,
1440 2011 1594 2052 crucifixus
1608 2034 1617 2048 ,
1643 2019 1795 2048 mortuus,
1822 2009 1978 2051 quaeDeo
2002 2008 2081 2041 Ver-

1196 2061 1238 2095 bo
1254 2061 1355 2105 palam
1368 2059 1516 2093 adscribit
1530 2061 1662 2092 Nicaena
1676 2058 1755 2092 fides
1767 2083 1777 2098 ‚
1805 2057 1952 2100 Epistola
1964 2056 2081 2091 adfeci-

1195 2109 1247 2144 bat
1260 2121 1339 2154 puro
1361 2107 1509 2142 homini.
1538 2107 1711 2147 Secundo,
1739 2107 1828 2150 quod
1842 2107 1974 2140 Divinae
2000 2107 2079 2141 Scri-

1196 2172 1293 2204 pturae
1305 2160 1452 2202 imponat
1474 2158 1701 2198 mendacium,
1728 2157 1840 2191 dicens
1860 2157 1976 2190 eadem
1996 2156 2079 2190 idio-

1195 2221 1282 2244 mata
1296 2221 1348 2252 per
1371 2210 1470 2251 ipsam
1487 2220 1551 2242 non
1575 2210 1672 2248 Deo,
1699 2207 1751 2240 sed
1765 2207 1822 2240 soli
1847 2206 1975 2240 homini
2003 2205 2079 2240 adsi-

1193 2261 1304 2305 gnari.
1333 2258 1470 2298 Tertio,
1498 2258 1585 2300 quod
1598 2258 1702 2291 Sancti
1723 2256 1843 2300 Cyrilli
1865 2257 1998 2299 Scriptis
2020 2256 2080 2290 im-

1194 2307 1768 2353 ponatimpietatemApollinari}ac
1792 2306 1971 2346 Eunomii‚
1997 2304 2078 2340 blas-

1194 2359 1421 2403 phemantium
1434 2358 1535 2401 ipsam
1549 2357 1615 2392 Dei
1626 2357 1729 2390 Verbi
1750 2357 1916 2391 Deitatem
1931 2356 1993 2390 esse
2011 2357 2077 2399 pas-

1194 2410 1338 2444 sibilem.
1368 2408 1517 2455 Qarto,
1543 2407 1631 2451 quod
1643 2407 1718 2440 fidei
1730 2407 1849 2450 dogma
1871 2407 1990 2450 garriat
2008 2406 2074 2449 jam

1194 2460 1307 2503 prius&
1330 2459 1360 2492 se
1374 2459 1436 2492 effe
1457 2458 1648 2491 illustratum
1664 2471 1674 2490 :
1701 2457 1797 2504 Qasr
1812 2457 1887 2489 vero
1908 2457 2007 2498 usque
2033 2457 2074 2490 ad

1195 2508 1668 2551 Nestoriiapostafiamveritas
1691 2507 1847 2541 latuisset.
1878 2506 1923 2538 Ea
1935 2507 1978 2539 est
2003 2517 2076 2541 om-

1196 2560 1284 2593 nium
1300 2556 1570 2592 haeresiarcharum
1586 2556 1704 2590 vetusta
1715 2555 1882 2589 caecitas&
1909 2554 2074 2597 superbia,

1194 2621 1292 2654 quam
1312 2610 1344 2642 in
1358 2605 1764 2641 MarcioneTertullianus
1776 2630 1785 2645 ,
1813 2616 1872 2638 nos
1884 2602 1982 2637 hodie
1993 2604 2075 2638 ride-

1194 2660 1307 2692 musin
1322 2658 1466 2691 Lutheto
1477 2659 1510 2690 ὅς
1524 2657 1681 2690 Calvino.
1708 2655 1799 2688 Hinc
1812 2654 1921 2688 intulit
1932 2654 2072 2690 Aeacius

1197 2720 1261 2742 non
1274 2709 1335 2741 esse
1358 2707 1475 2740 mirum
1490 2730 1499 2746 ,
1526 2706 1615 2749 quod
1627 2706 1760 2739 domum
1786 2706 1872 2738 suam
1885 2703 1988 2738 milite
2007 2705 2072 2738 val-

1195 2759 1303 2798 lasset,
1328 2756 1543 2799 &synodum
1564 2754 1713 2790 accedere
1727 2756 1852 2788 timeret
1879 2752 2070 2793 Nestori-us,

1194 2808 1306 2852 utpote
1325 2807 1424 2840 sciens
1452 2817 1587 2849 quantas
1608 2807 1640 2838 ὃς
1663 2805 1772 2847 quales
1799 2802 2013 2847 blasphemias
2035 2805 2073 2844 in

1195 2856 1547 2899 Christianumdogma
1561 2856 1728 2889 vomuisset
1738 2879 1749 2886 .

1243 2908 1350 2942 Dictis
1374 2907 1530 2950 suffragiis
1552 2906 1772 2939 adclamarunt
1787 2915 1868 2938 voce
1879 2915 1943 2938 una
1955 2914 2071 2938 omnes

1196 2959 1363 3001 Episcopi.
1385 2958 1574 2999 ·,Quicumque
1599 2956 1767 2993 Nestorium
1795 2965 1851 2985 non
1871 2952 2071 2987 anathemati-

1195 3017 1247 3041 zat
1259 3033 1269 3047 ‚
1296 3005 1499 3045 anathemafit
1514 3030 1519 3036 .
1548 3010 1631 3037 Hum-
1642 3004 1720 3037 reeta
1732 3004 1807 3045 fides
1820 3003 2068 3037 anathematizat:

1197 3063 1280 3090 Hunc
1304 3056 1412 3099 sanlla
1438 3057 1561 3093 synodus
1584 3054 1824 3087 anaihematizat
1848 3078 1855 3085 .
1882 3055 2069 3097 ,Quicumque

1179 3113 1181 3132 ἱ
1196 3107 1328 3147 Nestor-io
1348 3103 1538 3137 communicat
1550 3128 1558 3142 ‚
1586 3103 1788 3144 anathemasti
1801 3128 1807 3135 .
1836 3107 1945 3136 Omnes
1966 3101 2067 3141 Nesto-

1180 3147 1182 3188 ¹,
1196 3163 1234 3189 rii
1245 3159 1273 3187 E
1274 3156 1406 3196 piflolam
1427 3156 1461 3187 &-
1471 3155 1609 3196 dogmata
1621 3153 1909 3186 anathematizamus
1921 3176 1927 3183 .
1954 3156 2066 3184 Omnes

1181 3207 1183 3250 ξ
1197 3207 1366 3238 haereticum
1377 3208 1411 3236 N
1414 3203 1542 3243 estorium
1555 3203 1843 3238 anathematizamus
1857 3227 1863 3234 .
1890 3205 1996 3232 Omnes
2006 3211 2065 3239 eos,

262 3255 476 3300 dignitatem.
507 3256 628 3290 Eadem
639 3255 679 3290 de
701 3258 793 3291 causa
815 3259 991 3291 Flavianus
1015 3253 1157 3299 Rufuml
1182 3255 1247 3297 'qui
1266 3265 1329 3286 cum
1353 3253 1483 3293 Nestorio
1495 3259 1725 3292 communicant,
1754 3251 2063 3286 anathematizamus.

263 3316 358 3340 vocat
370 3308 462 3340 suum
482 3306 628 3340 Patrem.
656 3306 790 3346 Plures,
816 3307 1030 3340 licetalretius
1051 3306 1142 3340 Dioe-

263 3357 370 3390 ceseos
390 3381 400 3396 ,
426 3356 577 3399 Episcopi
604 3356 646 3389 ita
671 3366 788 3390 vocant
811 3357 844 3390 &
865 3358 1013 3391 Sanctum
1035 3355 1142 3398 Cyril-

364 3406 471 3446 Christ.
492 3410 571 3447 Lupi
583 3411 668 3448 Opcr.
681 3410 759 3439 Tom.
773 3410 811 3438 Π.

1198 3309 1286 3337 Totus
1300 3313 1444 3336 terrarum
1454 3302 1530 3335 orbis
1542 3309 1666 3344 impiam
1677 3302 1804 3340 Nestorii
1815 3301 1977 3344 religionem
1994 3310 2068 3332 ana-

1184 3380 1186 3395 2
1201 3354 1379 3388 thematizar
1386 3378 1395 3387 .

1148 3428 1149 3433 ,
1185 3400 1190 3440 l
1593 3402 1624 3435 C
1659 3413 1678 3434 c

1928 3400 2027 3435 Facta
