2340 3736
56 1148 122 1181 Ast.
143 1160 173 1186 4.

595 150 916 203 Senonas,
954 162 1016 191 ετ
1051 139 1639 192 ΝοτῐεηιυετκΑὲι.

459 283 879 337 ΞΟΗΟΒΙΟΝο,

316 433 470 470 Ustatius
491 432 673 476 Berytensis
691 432 727 466 in
749 428 915 465 Phaenicia
936 427 1107 462 Maritima

338 484 556 530 suffraganeus
578 483 760 527 Episcopus
788 481 807 513 a
832 480 922 513 sacro
947 477 1110 521 Principis

231 544 347 569 contra
359 535 514 569 Canones
524 532 733 579 pragmatico
744 529 942 573 dignitatem
964 528 997 562 ἀ
1009 527 1044 562 in
1056 528 1110 561 ali·

233 595 316 629 quot
326 585 345 619 ὲ
356 584 454 628 Tyro
466 582 648 627 Metropoli
667 580 792 615 avulsas
803 579 955 612 civitates
973 577 1110 621 potesta-

231 632 300 669 tetri
312 629 598 680 Metropoliticim
606 630 787 674 adeptusin
801 626 961 663 Photium
984 629 1109 662 Metro-

232 684 370 729 politam
391 681 577 719 scandalose
596 680 757 726 pugnavit
781 693 789 713 x
817 678 907 713 Nam
929 678 1110 723 Episcopos

232 733 422 769 civitatibus
432 733 488 767 fibi
498 730 665 774 adscriptis
675 729 787 764 abillo
810 729 981 763 ordinatos
991 728 1108 771 dejecit

231 793 400 829 tamquam
409 782 580 817 ordinatos
590 779 708 815 vitiose
718 780 736 815 a
748 779 966 823 Metropolita
977 778 1087 813 alieno
1097 803 1108 819 ,

231 835 419 876 retrusitque
445 833 481 866 iu
504 830 643 876 gradum
675 829 863 874 Presbyteri
886 855 894 862 .
933 829 1041 863 Causa
1067 828 1109 863 ab

231 883 395 919 Anatolio
426 880 802 924 Constantinopolitano
835 879 998 924 Episcopo
1021 878 1108 922 judi-

231 944 302 968 cata
311 930 424 966 denuo
444 931 485 966 ad
499 931 670 965 Romanos
682 931 715 965 in
740 929 803 965 hac
812 928 950 973 Synodo
964 930 1109 973 Legatos

230 981 366 1017 dedusta
374 981 440 1023 est,
466 981 618 1016 Eustatio
635 980 778 1027 gratiose
794 979 909 1014 datum
919 979 1024 1015 solum
1034 979 1107 1013 Me-

230 1033 392 1077 tropolitae
401 1033 467 1067 fine
477 1032 635 1076 potestate
645 1042 769 1066 nomen
781 1054 793 1071 ,
812 1029 1014 1075 singulariter
1027 1040 1108 1072 quae.

230 1082 327 1116 fitum
335 1082 379 1117 de
391 1082 477 1117 statu
487 1081 648 1117 dierorum
673 1080 931 1125 Episcoporum‚
957 1079 1110 1123 dixitque

229 1134 335 1167 saneta
356 1131 512 1176 Synodus
524 1145 535 1166 z
561 1130 722 1175 Episcopos
737 1142 784 1164 eos
803 1127 1012 1174 ffcensemus
1027 1153 1039 1169 ,
1055 1130 1110 1169 ju-

222 1183 304 1224 stum
313 1181 352 1223 est
361 1194 409 1216 οω-
431 1188 555 1225 recipere
565 1179 780 1224 Episcopatum
791 1181 826 1214 Θ·
845 1185 985 1214 civitates
996 1203 1008 1219 ,
1033 1187 1112 1211 tam-

228 1244 320 1276 quam
339 1233 490 1266 ordinatos
511 1233 533 1264 ὰ
557 1233 764 1274 metropolita.
793 1229 936 1266 Addidit
956 1227 1111 1263 Sebastia-

227 1292 292 1316 nus
312 1279 520 1315 Berrhaeenfis
531 1281 567 1315 in
578 1280 728 1316 Thracia
740 1280 919 1323 Episcopus
939 1278 981 1313 ad
994 1278 1112 1312 Domi÷

226 1343 291 1366 nos
310 1331 473 1377 Legatos,-
500 1335 560 1365 Hoc
580 1341 679 1364 omnes
700 1331 894 1372 deprecamur
907 1353 918 1370 ,
943 1337 978 1363 ut
1001 1328 1111 1362 redda-

227 1391 279 1415 tur
287 1387 331 1415 eis
341 1382 476 1426 dignitas
488 1405 500 1422 ‚
524 1382 560 1416 er
571 1378 772 1423 Episcopatus
782 1404 793 1421 ,
818 1380 854 1413 ω
872 1380 962 1412 Sedes
974 1402 986 1419 ,
1015 1379 1051 1412 &-
1061 1377 1111 1411 ho-

229 1443 284 1465 nor
303 1455 316 1472 ,
340 1441 486 1474 tanquam
502 1432 651 1464 ordinans
675 1432 696 1463 ἃ
722 1431 913 1471 Metropolim
939 1454 946 1462 .
974 1428 1112 1463 Annue·

228 1490 306 1515 runt
326 1481 467 1527 Legati,
493 1479 792 1525 responderuntque
803 1478 893 1514 hunc
911 1478 1088 1513 canonem
1100 1502 1112 1519 ,

228 1541 329 1576 quem
347 1531 459 1566 omnis
478 1530 633 1573 synodus
655 1530 884 1574 comprobavit
910 1554 917 1561 .
955 1528 1112 1573 Episcopi

229 1581 320 1616 enirn
340 1580 479 1624 dejectio
500 1593 569 1615 non
590 1579 651 1615 nist
671 1579 717 1614 ob
737 1579 863 1614 crimen
884 1578 956 1613 fieri
982 1578 1107 1623 potest:

230 1629 281 1664 At
293 1629 370 1664 vcro
379 1631 502 1664 crimen
519 1630 684 1674 Episcopo
695 1629 855 1664 sufficiens
866 1629 983 1663 sufficit
1009 1629 1111 1663 etiam

230 1675 419 1724 dejiciendo
433 1679 632 1723 Presbytero
643 1684 682 1714 'ac
692 1679 871 1720 Diacon03
897 1678 1058 1722 quoniam
1070 1678 1112 1713 de

231 1729 387 1764 omnibus
399 1729 503 1766 tribus
527 1729 694 1773 aequaliter
702 1727 807 1763 edidit
828 1727 1009 1772 Apostolus
1021 1726 1111 1763 hunc

229 1778 407 1814 Canonem
419 1791 427 1811 :
453 1778 645 1820 oportetfine
653 1782 775 1812 crimine
785 1778 838 1821 effe
848 1803 856 1810 .

280 1827 440 1863 Attamen
463 1827 595 1874 Regula
614 1839 684 1862 non
705 1827 752 1861 est
786 1826 881 1871 plene
902 1827 1105 1862 universalis.

230 1875 366 1913 Etenim
384 1879 516 1914 octavus
539 1878 661 1913 Canon
692 1877 848 1911 Nicaenus
873 1876 1070 1922 quibusdam
1091 1877 1111 1911 ὲ

231 1928 469 1963 Novatianenfi
502 1925 674 1967 schismate
694 1927 735 1962 ad
767 1937 904 1962 matrem
931 1926 1110 1962 Ecclefiam

230 1978 441 2013 venientibus
453 1978 623 2022 Episcopis
633 1975 774 2023 gratiose
784 1977 916 2023 reliquit
942 1976 1112 2021 Presbyte-

232 2029 284 2068 ri,
309 2027 461 2063 immo&
480 2026 716 2072 Chorepiscopi
738 2027 898 2073 gradum,
924 2028 1111 2072 eumquein

231 2078 326 2113 causa
338 2077 540 2112 Annentarii
551 2077 777 2120 Metropolim
790 2076 1029 2112 Ebredunenfis
1041 2078 1111 2111 imi·

230 2137 298 2162 tata
318 2126 365 2161 est
377 2126 533 2170 synodus
543 2126 688 2169 Rejenfis
697 2151 704 2158 .
731 2126 775 2160 Et
789 2125 830 2163 de
850 2128 1012 2162 Promoto
1024 2126 1113 2163 Pres-

231 2177 370 2220 bytero,
397 2177 433 2209 in
445 2175 595 2210 Dunenfi
620 2176 763 2211 Dioecefi
777 2175 987 2211 Carnotenfis
1009 2177 1112 2212 castro

232 2237 290 2270 per
301 2224 481 2271 AEgidium
503 2226 702 2261 Remensem
725 2224 1045 2271 Archi-Episcopum
1064 2237 1114 2260 or-

233 2276 349 2311 dinato
371 2276 536 2320 Episcopo
558 2299 569 2316 ‚
606 2287 645 2310 ac
667 2275 710 2310 ad
735 2274 874 2320 Pappoli
906 2276 1113 2311 Carnotenfis

232 2325 386 2371 Episcopi
396 2337 506 2372 preces
523 2324 667 2370 dejecto,
695 2325 806 2369 scribit
829 2327 965 2368 Saucius
989 2327 1115 2374 Grego-

1891 163 1981 208 115

1173 227 1238 261 rius
1258 226 1481 261 Turonensis:
1508 232 1621 263 Contra
1640 240 1807 273 promotum
1830 236 1875 267 itti
1898 236 2046 275 judittam
2066 235 2094 262 L·
2115 237 2146 265 70'

1171 279 1264 310 latum
1275 276 1361 318 fuit,
1385 286 1419 311 ut
1433 277 1608 316 Presbytem·
1619 283 1737 316 tannim
1748 284 1833 324 officio
1848 282 2024 328 fungeretur
2038 308 2045 315 .
2062 282 2087 303 C·
2099 282 2142 306 ¹7·

1172 328 1305 360 Fastum
1317 327 1351 361 id
1361 326 1406 361 est
1418 328 1436 367 a
1447 339 1559 370 quarta
1575 330 1712 371 Synodo
1726 333 1893 368 Parifienfi
1906 357 1917 372 ‚
1945 332 2048 375 publi-

1170 387 1241 411 cata
1252 388 1307 419 per
1330 377 1488 421 Jacobum
1509 378 1720 414 Sirmondum
1737 408 1744 414 .
1771 383 1816 417 Et
1836 382 2048 418 Herimanno

1170 426 1398 472 Bambergenfi
1419 428 1606 472 Episcopo,
1631 428 1677 463 ob
1699 433 1806 474 gravia
1832 433 1970 467 crimina
1992 443 2049 476 per
2199 463 2202 466 ⁴

1170 477 1371 522 Gregorium
1383 478 1557 521 septimum
1568 478 1769 514 Pontificem
1782 482 1904 524 dejesto
1914 508 1926 524 ,
1952 481 2049 521 fuisse
2065 465 2100 493 A'
2119 469 2200 497 '⁰⁷5'

1168 527 1315 561 relietum
1327 527 1588 571 Presbyteraturn
1610 529 1721 564 scribit
1733 530 1925 567 Lambertus
1936 532 2049 567 Schafi·

1169 576 1379 622 naburgenfis
1393 603 1400 610 .
1428 578 1472 612 Et
1483 579 1662 614 Benedisto
1681 578 1772 614 Sedis
1783 580 1979 624 Apostolicae
1999 583 2050 617 in-

1170 627 1404 670 vasoridejesto
1424 628 1465 662 ad
1486 629 1626 663 Ottonis
1647 627 1791 676 Augusti
1815 642 1922 674 preces
1941 632 2050 667 indul-

1168 686 1239 710 tum
1257 677 1482 713 Diaconatum
1507 679 1618 714 laudat
1631 680 1852 724 Luitprandus
1872 680 2047 723 Diaconus
2063 694 2091 727 L.
2115 696 2144 722 6-

1168 726 1356 761 Ticinenfis
1366 752 1373 760 .
1400 727 1443 762 Et
1451 728 1492 763 de
1504 729 1676 774 Episcopis
1685 729 1939 772 &Constantino
1950 730 2049 765 Pseu-
2060 742 2085 763 c-.
2101 742 2145 767 rx.

1168 775 1311 820 clo-Papa
1323 778 1517 812 consecratis
1527 781 1623 814 refert
1634 781 1670 814 in
1683 781 1751 815 vita
1771 779 1927 824 Stephani
1939 781 2047 824 quarti

1171 826 1354 861 Anastasius
1368 826 1644 864 Bibliothecarius
1656 843 1667 864 .·
1692 834 1731 863 ln
1740 832 1904 865 Concilium
1916 832 2050 873 promul-

1162 884 1270 920 gatum
1291 876 1352 918 est,
1378 887 1412 911 ut
1422 877 1561 922 Episcopi
1571 879 1617 914 illi
1624 903 1635 919 ,
1655 877 1684 922 fi
1688 881 1796 922 aliquis
1806 892 1904 914 eorum
1928 880 2049 919 Presby-

1168 935 1214 960 ter
1233 936 1287 960 aut
1310 931 1455 961 Diaconus
1467 929 1568 980 [uerit
1586 955 1598 972 ,
1622 937 1656 963 in
1674 930 1834 973 pristmum
1853 930 1970 964 honoris
2001 928 2052 974 sui·

1164 979 1294 1021 gradum
1303 988 1502 1013 avertemur
1519 1005 1526 1012 .
1553 980 1599 1014 Et
1612 980 1646 1014 in
1659 981 1847 1024 praefatione
1862 982 1981 1015 ostavae
1992 981 2052 1023 Sy-

1169 1025 1247 1060 nodi
1271 1027 1318 1061 ait
1339 1028 1380 1062 de
1403 1028 1529 1064 Photio
1550 1030 1705 1066 Sanctum
1725 1031 1893 1076 lgnarium
1915 1031 2053 1066 patriar-

1168 1074 1265 1110 cham
1278 1076 1686 1123 Constantinopolitanum
1695 1082 1926 1116 exauctorare
1939 1094 1946 1113 ε
1966 1084 2056 1125 Ξένων

1169 1130 1211 1158 tio
1221 1133 1321 1159 tamen
1333 1125 1421 1169 usque
1430 1129 1530 1163 adhoc
1539 1131 1633 1164 veluti
1645 1131 1816 1170 Presbytero
1831 1130 2053 1175 Divinasnerr'-

1165 1176 1237 1224 ficia
1258 1173 1558 1217 conficiendmhouus
1577 1179 1742 1221 praestabat
1762 1180 1937 1224 adsensum.
1969 1182 2055 1216 Exe÷

1170 1234 1263 1259 cutus
1273 1225 1319 1260 est
1347 1224 1490 1263 P-hotius
1501 1228 1691 1273 vigesimum
1713 1229 1916 1265 Trullanum
1942 1231 2056 1265 Caum

1172 1286 1249 1310 nem
1258 1299 1269 1315 ‚
1295 1284 1462 1312 vetantem
1478 1278 1645 1323 Episcopo
1656 1278 1788 1323 publice
1799 1280 1917 1315 docere
1929 1282 1963 1315 in
1975 1281 2061 1315 civi-

1171 1334 1239 1360 tate
1251 1324 1377 1360 aliena:
1405 1329 1438 1360 ss·
1447 1332 1516 1371 quis
1523 1328 1630 1371 facere
1651 1328 1848 1373 deprehensns
1866 1329 1965 1372 fuerit
1977 1355 1988 1371 ,
2016 1330 2056 1364 ab

1170 1374 1350 1418 Epifiopatu
1368 1376 1503 1420 desistat,
1532 1379 1694 1418 Presthm
1716 1388 1815 1414 autem
1839 1392 1960 1414 munere
1977 1379 2063 1422 sum⁴

1164 1436 1263 1470 gutur
1274 1452 1284 1458 .

1221 1476 1266 1510 Et
1276 1475 1427 1512 Canonis
1438 1479 1542 1514 nostri
1554 1479 1638 1515 ratio
1649 1491 1718 1514 non
1728 1481 1773 1515 est
1785 1482 1878 1515 firma
1890 1506 1896 1512 .
1918 1480 2058 1515 Etenim

1172 1536 1241 1566 non
1255 1526 1464 1567 solummodo
1474 1528 1520 1563 ob
1531 1530 1657 1565 crimen
1668 1555 1680 1571 ,
1705 1531 1759 1565 sed
1772 1530 1806 1564 ἀ
1818 1530 1864 1564 ob
1875 1531 1977 1565 solam
1989 1530 2060 1564 fino

1171 1575 1309 1611 crimine
1330 1578 1463 1620 proprio
1486 1580 1615 1614 causam
1638 1580 1743 1623 potest
1766 1579 1891 1624 deponi
1923 1580 2061 1624 Episco-

1173 1637 1253 1670 pus,
1278 1627 1328 1660 uti
1339 1628 1460 1661 fastum
1482 1628 1737 1664 Armentario&
1763 1629 1947 1671 promoto,
1974 1630 2063 1664 aliiso

1172 1687 1235 1720 que
1249 1676 1297 1710 oh
1308 1676 1412 1712 solam
1425 1678 1634 1714 ordinatoris
1645 1680 1777 1723 culpam
1789 1690 1844 1714 aut
1866 1679 2062 1714 Ordinatio,

1172 1727 1224 1760 nis
1246 1726 1364 1760 vitium
1384 1728 1570 1772 frequenter
1594 1729 1742 1773 dejeffis.
1770 1729 1837 1764 Eos
1859 1730 1893 1763 in
1917 1731 2063 1774 priorem-

1171 1773 1372 1818 Presbyterii
1392 1788 1450 1812 aut
1476 1779 1685 1814 Diaconatus
1696 1779 1833 1825 gradum
1857 1780 1947 1823 rejici
1968 1779 2058 1814 nulla

1172 1826 1303 1871 Regula
1317 1827 1498 1863 interdicit.
1525 1829 1642 1872 Neque
1657 1829 1756 1864 aliam
1769 1829 1960 1872 dejefflonis
1985 1841 2063 1865 cau-

1172 1875 1287 1910 samin
1302 1875 1417 1911 Photii
1428 1878 1618 1920 Tyriorum
1629 1879 1854 1923 Metropolitae
1876 1879 2058 1915 Consecra-

1171 1933 1223 1959 tos
1233 1935 1362 1969 poterat
1380 1926 1548 1962 Eustatius
1558 1928 1744 1971 Berytensis
1755 1930 1934 1964 intentare.
1960 1930 2062 1976 Qin·

1171 1973 1321 2010 immo&
1341 1974 1466 2020 dejectis
1476 1976 1522 2012 ob
1545 1979 1713 2022 proprium
1737 1980 1860 2014 crimen
1889 1979 2063 2024 Episcopis

1171 2025 1397 2061 misericordiae
1417 2027 1505 2062 finus
1526 2028 1726 2072 quandoque
1752 2030 1836 2063 valet
1848 2029 1915 2064 fine
1939 2030 2063 2064 sacrile-

1170 2076 1229 2121 gio
1241 2076 1259 2109 a
1282 2075 1392 2110 Matre
1405 2076 1548 2113 Ecclesia
1574 2078 1615 2113 ad
1637 2078 1878 2122 indulgendum
1893 2078 2063 2123 Presbyteq

1171 2134 1279 2160 ratum
1301 2125 1491 2169 indulgeri.
1530 2127 1741 2173 Qapropter
1764 2129 1799 2163 &
1834 2127 1889 2162 hic
1915 2128 2035 2164 Canon
2049 2154 2062 2170 ,

1171 2175 1278 2209 immo
1301 2186 1370 2209 non
1395 2175 1538 2217 Canon,
1564 2176 1780 2220 sedquaedam
1806 2176 1968 2212 duntaxat
1993 2180 2064 2214 Ro·

1172 2235 1347 2259 manorum
1378 2225 1580 2270 Legatorum
1608 2225 1819 2265 interlocutio
1842 2228 1908 2270 fuit
1940 2229 2062 2274 semper

1174 2273 1313 2310 modica
1323 2274 1528 2317 austeritatis
1541 2301 1553 2317 .,
2012 2278 2018 2282 ’
2034 2302 2040 2305 -

613 2586 1208 2674 CANON
1340 2589 1682 2682 XXX.

381 2753 571 2802 Uoniam
606 2751 901 2818 religiofissimi
936 2754 1139 2824 Episcopi
1174 2755 1378 2823 AEgyptii
1414 2768 1429 2815 ‚¹
1474 2772 1563 2804 non
1599 2769 1648 2803 ut
1683 2753 1928 2804 Catholicae
1961 2751 2064 2805 fidei

417 2820 690 2874 adversantes
723 2861 738 2886 ,
772 2824 1012 2875 (αηᾶἰίῐῐῐηί
1047 2824 1413 2895 Archi-Episcopi
1448 2826 1612 2874 Leonis
1646 2824 1849 2893 Epistolae
1883 2821 2062 2873 subscri-

232 2890 335 2939 bere
370 2890 624 2944 distulerunt
657 2932 672 2957 ,
718 2893 792 2946 sed
825 2894 1021 2946 dicentes
1070 2896 1118 2945 in
1152 2898 1421 2965 AEgyptiaca
1456 2894 1648 2962 Dioecefi
1695 2895 1808 2944 hanc
1841 2891 1924 2946 effe
1954 2910 2064 2944 con-

234 2959 505 3011 suetudinem
539 3000 554 3024 ,
599 2979 650 3013 ut
684 2981 836 3034 praeter
870 2967 1145 3016 voluntatem
1192 2971 1236 3016 δε
1271 2965 1526 3015 mandatum
1562 2963 1769 3033 Episcopi
1814 2963 1926 3013 nihil
1974 2965 2064 3013 tale

233 3030 399 3081 faciant
434 3069 448 3093 ,
482 3036 527 3082 δε
560 3050 716 3101 petunt
751 3036 935 3086 concedi
970 3036 1049 3086 fibi
1083 3036 1343 3087 dilationem
1378 3034 1512 3103 usque
1548 3035 1606 3085 ad
1639 3034 1961 3088 ordinationem
1997 3033 2064 3083 fu-

234 3103 323 3150 turi
358 3117 525 3165 magnae
558 3106 755 3156 civitatis
791 3105 1181 3160 Alexandrinorum
1216 3103 1581 3172 Archi-Episcopi
1616 3126 1631 3164 3
1666 3104 1820 3172 justum
1855 3104 1998 3153 nobis‘
2017 3106 2062 3152 δι

234 3171 472 3221 humanum
507 3171 646 3222 visum
694 3175 757 3224 est
790 3213 804 3239 ,
850 3192 901 3226 ut
937 3177 1036 3246 ipfis
1084 3181 1131 3228 in
1166 3178 1344 3245 proprio
1388 3174 1544 3224 habitu
1590 3177 1641 3224 in
1689 3175 1905 3245 imperiali
1956 3172 2061 3226 urbe

234 3241 512 3293 manentibus
547 3243 735 3295 remiffio
767 3245 1031 3299 concedatur
1063 3284 1080 3308 ‚
1129 3246 1271 3298 donec
1306 3243 1530 3296 ordinatus
1565 3244 1695 3297 fuerit
1744 3241 2062 3296 Alexandrinus

235 3310 634 3381 Archi-Episcopus
670 3350 684 3363 .
731 3315 863 3366 Unde
900 3319 947 3365 in
993 3319 1173 3385 proprio
1207 3315 1363 3366 habitu
1411 3332 1634 3365 manentes
1669 3316 1740 3366 vel
1787 3310 2061 3377 fideijussores

236 3378 404 3502 &gunt
437 3418 453 3444 ‚
501 3382 536 3431 fi
570 3383 658 3433 hoc
689 3383 748 3436 ab
781 3387 846 3437 eis
880 3385 972 3438 fieri
1006 3387 1149 3455 potest
1181 3423 1196 3449 ,
1241 3387 1313 3439 vel
1346 3402 1494 3456 eorum
1527 3381 1794 3454 jurijurando
1840 3382 1947 3439 fides
1984 3383 2060 3439 ha-

330 3465 443 3500 itur.

335 3518 438 3562 cbrss.
453 3525 753 3568 Laptopaer.rom.1t
1563 3503 1606 3561 P*
1642 3538 1667 3565 2
1876 3521 2013 3568 SCHOq
2080 3528 2082 3530 ’
