2340 3736
505 137 612 181 DE

253 223 292 263 est
314 231 410 254 autem
434 220 497 251 dolo
518 214 643 260 mofiori
656 215 696 258 fic
709 239 716 247 .
758 214 911 257 Postquam
942 212 1077 256 consenfit
1103 218 1134 244 in

255 271 385 304 omnibus
408 266 557 311 Diofhoro,
589 268 671 299 datis
693 273 726 298 in
756 266 850 299 medio
875 267 939 308 qius
968 262 1106 305 Epistolis
1124 287 1132 301 ‚

253 332 330 364 quas
351 321 394 351 ad
417 317 513 360 ipficm
525 315 690 360 Dioscorum
703 314 894 349 Antioche-nus
918 317 1050 348 Domnus
1071 316 1140 345 cons

252 379 302 403 ενα
327 368 484 401 Duodecim
507 367 648 409 eapitula
669 367 772 407 cyrilli
796 362 953 408 scripserat
966 387 976 403 ,
1000 366 1032 397 eo
1056 363 1135 407 quod

251 419 340 461 effent
364 415 506 461 obscura,
531 418 692 449 damnavit
714 424 878 459 agrotum,
915 414 950 449 <it
979 410 1133 453 absentem

251 470 304 501 illa
316 468 382 500 die.
412 467 590 500 Dioscorus
612 466 676 499 alta
688 476 796 500 mente
817 460 946 498 tenebat
970 461 1132 503 repostum

252 518 380 553 Domni
395 527 471 551 cum
482 516 601 552 Proclo
616 516 728 560 Regiae
738 523 839 555 nuper
848 512 990 547 civitatis
1002 511 1131 554 Episco-

253 579 296 611 po
314 567 549 601 concordatum
560 567 601 604 de
611 563 766 601 servando
787 563 882 597 tertio
896 560 1036 595 Canone
1047 560 1132 594 Con-

252 616 574 660 stantinopolitano,
610 614 748 656 ideoque
769 612 864 646 illum
893 610 1048 654 mitigare
1070 611 1134 652 spe-

253 677 325 700 rans
340 668 496 701 Domnus
507 666 616 701 locum
628 662 715 698 cessit
727 661 874 705 Juvenali
894 660 1134 702 Hierosolymi-

251 728 330 750 tano
343 741 353 755 ,
379 715 562 759 cunfflsque
595 711 751 746 Dioscori
784 708 984 748 facinoribus
1016 719 1131 743 contra

250 765 484 800 conscientiam
511 765 598 796 suam
619 761 665 797 est
694 761 927 805 patrocinatus.
955 760 1038 797 Astu
1050 759 1132 792 disfi-

250 814 599 854 mulavitDioscorus‚
625 811 742 848 nolens
764 810 823 845 fibi
838 810 942 845 deeffe
966 809 1133 843 auctorita-

250 878 318 900 tem
340 862 532 898 Patriarchae
546 860 749 900 Antiocheni
762 873 800 896 ac
813 861 1003 897 Dioeceseos
1017 860 1133 892 Orien-

250 912 343 949 falis.
371 911 659 956 Omnibusitaque
670 912 825 955 perastss,
853 909 989 955 protulit
1013 909 1077 955 jam
1088 909 1134 942 di-

249 966 316 998 &us
338 964 466 998 Domni
493 963 636 1001 litteras,
659 973 755 1007 atque
778 961 822 996 ita
846 969 1014 1003 tamquam
1025 959 1134 1001 primae

243 1012 419 1056 Ephefinae
432 1012 559 1058 Synodi
578 1012 612 1045 &
624 1012 713 1046 initae
729 1021 804 1047 cum
819 1009 948 1053 Cyrillo
966 1010 1051 1052 pacis
1063 1019 1130 1051 prae-

246 1063 463 1098 varicatorern
477 1086 488 1102 ‚
514 1060 694 1106 haeresisque
714 1060 912 1095 Nestorianae
936 1059 1134 1094 resuscitato-

247 1124 317 1147 rem
329 1137 340 1153 ,
367 1114 400 1147 ὅ(
410 1112 545 1157 quidem
557 1122 675 1156 aegrum
689 1110 723 1143 &
733 1110 899 1144 absentem
911 1134 922 1149 ‚
950 1109 1133 1151 percutiens

247 1165 284 1197 in
299 1162 499 1206 posteriora,
524 1161 706 1197 damnavit.
734 1160 827 1195 Errat
838 1156 1047 1203 Nicephorus
1075 1158 1134 1191 Car

73 1210 182 1240 C0112t-
199 1215 230 1240 (-
248 1214 351 1247 lixtus
373 1212 565 1246 damnatum
594 1211 640 1246 ob
659 1220 848 1249 revocatum
868 1209 910 1246 de
920 1209 1036 1243 Sansto
1059 1208 1135 1245 Fla·

250 1264 348 1297 viano
370 1263 557 1304 suffragium
578 1273 585 1297 ;
625 1261 831 1298 Damnatum
851 1259 895 1293 ob
927 1259 1035 1292 causas
1069 1258 1132 1299 jam

247 1312 349 1347 dietas
376 1311 511 1350 testatur
540 1311 575 1344 in
610 1310 725 1346 litteris
749 1310 789 1343 ad
821 1309 1008 1351 Sporatium
1035 1308 1134 1341 etiam

245 1360 502 1395 Theodoretus.
531 1360 575 1394 Et
585 1361 700 1402 quinta
711 1358 889 1401 Synodus:
913 1357 1135 1396 chalcedonen-

239 1410 282 1453 fis
306 1412 432 1450 synodus
447 1411 594 1447 Damnum
606 1408 766 1446 Antiocbiae
779 1406 956 1451 Episcopum
971 1431 981 1446 ‚
1006 1410 1038 1440 eo
1056 1408 1136 1449 quod

240 1459 357 1504 scripfit
372 1466 465 1497 taceri
487 1460 590 1492 debere
612 1460 761 1496 duodecim
781 1459 924 1500 Capitula
940 1456 1058 1505 sandlae
1079 1468 1134 1489 me-

245 1517 348 1544 moriae
371 1511 492 1550 cyrilli,
520 1511 555 1543 &¹
559 1509 624 1551 post
637 1518 758 1546 mortem
773 1509 932 1542 damnavit
950 1531 960 1547 ‚
986 1508 1050 1541 cum
1072 1517 1134 1540 con-

240 1560 384 1603 firmaffet
402 1561 674 1598 condemnationem
696 1562 762 1601 ejus
784 1557 900 1591 fastam
923 1557 942 1589 a
958 1555 1134 1591 latrocinio

245 1609 411 1653 Ephefino
423 1635 435 1649 ‚
474 1611 508 1643 (¹5
539 1607 703 1652 sufieptffet
738 1612 868 1643 Maximi
899 1609 1113 1643 ordinationem
1126 1631 1132 1637 .

247 1664 344 1703 Igitur
365 1668 489 1701 propter
503 1660 652 1696 duodecim
665 1659 809 1699 capitula
821 1661 953 1693 Domnus
969 1657 1133 1691 damnatus

248 1708 305 1748 est.
334 1708 428 1747 Errat
441 1706 632 1744 damnatum
645 1706 858 1745 Chalcedone
879 1707 949 1751 post
972 1717 1128 1740 mortem:

247 1757 357 1791 Fuisse
383 1757 583 1800 superstitem
607 1757 707 1797 Aetio
731 1755 857 1791 decima
879 1756 997 1790 docet:
1024 1756 1135 1793 Prola-

62 1814 227 1857 ffipffldu,
246 1815 286 1840 tae
308 1807 406 1848 porro
426 1805 444 1838 ὲ
465 1806 631 1840 Dioscoro
655 1806 768 1839 litterae
788 1807 920 1842 fuerunt
943 1806 1027 1843 illae,
1055 1816 1134 1848 quas

245 1868 287 1890 ex
306 1854 517 1894 Theodoreti
531 1856 621 1894 suasu
633 1855 788 1893 Domnus
798 1855 958 1898 scripserat
974 1879 986 1896 ‚
1009 1854 1043 1893 <Sc
1064 1866 1130 1898 pro-

246 1905 316 1940 bari
330 1917 385 1947 per
396 1905 568 1948 Synodum
581 1906 717 1948 sperarat
726 1930 733 1938 .

297 1954 403 1992 Addit
418 1954 586 1992 Liberatus
609 1956 799 1990 Diaconus.
828 1958 887 1989 Pro
909 1955 1064 2001 Flaviano
1085 1966 1129 1990 or-

247 2008 371 2044 dinatus
392 2005 430 2046 est
445 2006 602 2038 anatolius
615 2008 762 2041 Diaconos
781 2005 927 2041 Ecclefiae
941 2004 1129 2039 Alexandri·

249 2068 298 2091 nae
311 2080 322 2095 ,
348 2055 473 2098 quisuir
492 2055 741 2099 Constantinopoli
763 2054 964 2099 apocrisarius
979 2053 1106 2097 Dioscori
1120 2079 1129 2093 ,

249 2107 284 2139 &²
291 2100 472 2145 pro'Domno
484 2104 655 2141 Antiocheno
678 2107 831 2139 ordinatus
844 2104 882 2142 est
892 2109 1048 2142 Maximus
1065 2129 1076 2145 ,
1098 2106 1132 2143 (ρ’

245 2162 302 2196 pro
313 2154 367 2186 Iba
379 2158 510 2185 Nonnus
521 2177 531 2193 ,
558 2155 592 2187 (9
600 2161 656 2194 pro
669 2154 828 2188 Sabiniano
853 2154 1031 2196 Athanafiuc
1047 2179 1058 2197 ‚
1076 2162 1133 2197 pro

249 2203 424 2239 Theodoreto
455 2211 554 2238 autem
576 2214 612 2235 ac
637 2201 763 2246 Eusebio
790 2205 886 2237 nullus
902 2227 917 2239 ..r
966 2204 1133 2240 Generalis

248 2253 339 2293 enim
362 2251 513 2294 synodus
535 2252 658 2294 semper
681 2253 903 2289 austoritatem
926 2251 1040 2286 habuit
1074 2264 1132 2296 pro

248 2302 378 2345 dejectis
398 2301 416 2334 ὲ
444 2303 474 2334 se
496 2301 666 2344 Episcopis
677 2301 759 2340 alios
768 2302 912 2346 eligendi
932 2303 965 2340 ὅς
980 2302 1134 2336 ordinan-

248 2352 302 2387 di.
330 2351 467 2389 Fallitur
479 2351 556 2385 vero
568 2351 739 2388 Liberatus
764 2350 1023 2395 pro'Sabiniano
1047 2352 1133 2387 ordi-³

246 2413 361 2439 natum
377 2399 594 2435 Athanasium
609 2414 616 2434 :
643 2402 719 2435 Fuit
732 2401 820 2435 enim
832 2401 887 2435 ille
908 2401 942 2434 in
970 2401 1076 2435 sedem
1088 2401 1138 2435 re-'

246 2453 393 2489 stitutus.
424 2450 467 2484 Et
479 2449 619 2488 Eusebio
634 2452 726 2486 fuisse
751 2452 936 2494 quempiam
957 2452 1130 2494 superordi-

246 2512 360 2539 natum
374 2498 506 2535 suadent
521 2500 653 2535 adducta
665 2501 806 2545 superius
821 2500 912 2535 verba
926 2501 1032 2535 Sancti
1047 2502 1128 2535 Leo-

247 2553 316 2586 nis:
344 2554 410 2594 ‚Qui
430 2551 475 2583 illi
494 2550 600 2591 injuste
621 2552 751 2594 asseritur
769 2550 964 2600 subrogatus.
1004 2551 1129 2585 Anato-

246 2602 331 2636 lium
344 2601 536 2640 Diaconum
557 2601 651 2637 suurn
672 2602 836 2644 promovit
868 2602 1067 2640 Dioscorus,
1092 2613 1127 2635 ut

247 2651 396 2684 Ecelefiae
417 2649 645 2685 Alexandrinae
655 2650 806 2685 adversus
821 2650 1127 2695 Constantinopoli-

248 2709 359 2734 tanam
382 2699 549 2744 privilegia
571 2711 626 2743 per
649 2701 742 2734 illum
763 2710 938 2743 repararet,
964 2712 1138 2744 everteret-¹

248 2761 311 2794 que
332 2749 460 2787 tertium
491 2750 665 2785 Canonem
698 2750 1126 2794 constantinopolitanum:

250 2803 296 2834 At
306 2810 404 2843 *quam
423 2798 575 2843 deceptus
588 2801 683 2839 fuerit
699 2824 712 2844 ,
736 2800 904 2838 docebunt
923 2799 1007 2835 Asta
1022 2802 1058 2837 in
1069 2803 1128 2849 Sy-

248 2849 340 2884 nodo
361 2848 618 2885 Chalcedonenfi
634 2876 642 2884 .

71 1096 230 1131 1..14.c.42.

73 2004 175 2046 Epistq
182 2018 208 2044 9.

325 3029 577 3079 CAPUT
612 3031 1040 3084 SEPTIMUM.

291 3153 472 3207 Romanae
494 3124 663 3212 Ecclesia
690 3150 885 3205 Judicium
909 3151 951 3203 de
977 3145 1076 3201 Acin

485 3215 666 3269 latrocinii
687 3219 863 3291 Ephesini
874 3257 886 3271 .

344 3339 420 3375 Uid
432 3340 473 3375 de
484 3339 570 3376 hisce
580 3341 733 3377 omnibus
746 3343 895 3386 judicarit
910 3347 1044 3380 Sanetus
1056 3345 1127 3380 Leo

369 3390 524 3425 Pontifex
537 3416 547 3432 ,
566 3392 696 3427 edixere
708 3393 748 3426 ad
761 3395 930 3435 Synodum
944 3394 1127 3429 Chalcedo-

396 3443 530 3476 nensem
553 3440 763 3478 Paschafinus
787 3442 934 3487 Lilybeti
945 3467 956 3484 ‚
980 3445 1128 3487 JulIanus

684 135 1274 180 LArRocinto
1343 129 1823 177 Epi-teslNo.

1942 144 2001 179 61

1196 211 1341 250 Coenus,
1350 210 1530 245 Lucentius
1542 214 1720 247 Esculanus
1734 214 1959 258 Episcopus,&
1972 213 2071 248 Boni-

1199 260 1298 296 facius
1310 260 1480 305 Presbyter
1490 285 1499 300 ,
1511 261 1624 306 Legati
1637 263 1777 307 ejusdem
1788 264 1958 299 Pontificis
1972 291 1978 297 .
1990 268 2072 305 syno-
2092 284 2195 316 Aet-10

1196 313 1251 345 dus
1258 311 1392 353 proferri
1403 321 1459 344 non
1465 310 1567 351 potest,
1578 319 1608 342 in
1622 325 1682 354 qua
1691 314 1744 346 illa
1756 312 1875 355 nefaria
1886 316 1991 348 delicia
2001 317 2072 349 rele-
2197 305 2204 314 ⁸

1196 359 1322 404 Hasunt
1338 385 1346 399 ,
1358 362 1391 397 Φ
1401 360 1434 392 ob
1448 359 1499 392 hoc
1508 362 1553 392 ad
1561 361 1706 395 lec‘iionem
1717 364 1857 396 videntur
1866 363 2071 405 essesurcrflua

1197 423 1254 449 ea,
1277 411 1398 453 quaeibi
1411 408 1484 453 sunt
1503 409 1588 441 aaa.
1614 411 1644 441 51·
1666 416 1729 454 ergo
1763 414 1796 446 ὦ·
1815 415 1835 445 ἃ
1859 413 2011 453 beatiffimo
2036 417 2070 448 (ν’
2117 421 2120 424 “

1201 461 1348 502 Apostolico
1366 463 1508 494 Romanae
1526 459 1609 492 urbis
1633 460 1773 502 Episcopo
1795 470 1894 495 omnia
1909 487 1917 502 ‚
1947 476 2014 506 quae
2031 466 2072 498 ibi

1195 509 1374 554 gestasunt,
1402 508 1563 553 vanasunt
1577 508 1680 542 habita
1696 534 1705 547 ,
1730 511 1836 550 claret,
1861 519 1931 555 quia
1951 516 1984 547 (5·
2003 513 2073 556 san-

1196 561 1329 601 c‘iiffimus
1357 558 1523 603 Episcopus
1545 558 1732 594 Antiochenae
1754 566 1888 595 civitatis
1909 572 1997 596 extra
2010 563 2073 597 haec

1197 610 1235 650 est
1248 635 1259 652 ‚
1285 622 1371 656 quem
1377 610 1438 651 post
1449 610 1511 643 baec
1529 609 1701 649 beatiffimus
1715 608 1876 651 Episcopus
1899 618 1929 645 in
1948 620 2072 656 propria

1196 667 1392 693 communione
1424 658 1550 703 suscepit
1572 684 1578 691 .
1619 659 1819 702 Necessarium
1840 661 1879 699 est
1903 668 1979 695 enim
1993 688 2002 703 ‚
2036 673 2073 697 ut

1197 711 1299 744 rursus
1312 710 1581 750 Christiamffimum
1595 713 1766 751 Principem
1778 711 1923 742 adeamus
1934 736 1944 750 ,
1970 724 2072 753 quate-

1196 760 1251 791 nus
1264 760 1340 792 illud
1349 762 1510 793 Concilium
1518 758 1607 802 sacra
1628 762 1723 800 &pia
1744 761 1805 803 lege
1816 771 1908 801 neque
1929 768 2072 795 nominari

1191 814 1350 851 praecipiat
1363 834 1370 840 .
1399 810 1442 842 Et
1465 809 1641 843 Anatolius
1655 810 1833 852 Episcopus
1843 810 2073 845 Constantino·

1199 859 1380 902 politanus.
1409 860 1572 900 Definimus
1588 858 1666 891 nihil
1682 859 1784 892 horum
1807 861 1927 900 valere,
1953 872 2020 900 quae
2042 868 2072 893 in

1198 910 1272 948 illa,
1298 921 1363 950 quae
1373 910 1498 948 synodus
1511 911 1641 948 dicitur,
1663 907 1736 951 fient
1747 907 1895 950 conset‘la,
1922 909 1977 950 nist
1997 912 2075 943 illud

1196 965 1272 991 circa
1291 957 1497 1002 sandi‘isfimum
1524 963 1713 1000 Maximum,
1739 971 1856 1003 magnae
1887 959 2074 993 Antiochena-

1196 1014 1330 1041 civitatis
1350 1007 1551 1052 Episcopum:
1579 1011 1730 1052 ,Quoniam
1754 1011 1787 1042 (θ’
1805 1008 2000 1055 sanc‘liffimus
2014 1014 2072 1043 Leo

1194 1062 1344 1091 Romanus
1359 1057 1623 1102 ArchiEpiscopus
1645 1066 1678 1091 in
1699 1064 1923 1098 communionem
1943 1072 2008 1092 eum
2031 1071 2075 1093 re-

1196 1113 1306 1149 cipiens
1323 1109 1441 1152 praeeffi’
1461 1120 1524 1146 eum
1549 1108 1775 1151 Antiochensium
1792 1111 1949 1149 judicavit
1975 1111 2075 1142 Eccle-

1190 1156 1258 1198 fiae.
1290 1159 1393 1200 ¹Quam
1408 1158 1544 1200 formam
1558 1157 1685 1204 sequens
1712 1157 1816 1202 &ipse
1827 1159 2015 1200 approbavi,
2041 1161 2075 1193 (τ

1196 1218 1279 1240 omne
1297 1205 1433 1249 praefi’ns
1449 1206 1585 1250 sancium
1609 1209 1794 1242 Concilium.
1822 1208 1957 1242 Auditis
1971 1210 2076 1242 Rena-

1198 1269 1232 1290 to
1245 1256 1436 1300 Presbytero
1458 1269 1494 1290 ac
1508 1256 1627 1292 Hilaro
1640 1257 1795 1293 Diacono
1807 1282 1817 1297 ,
1844 1259 1980 1302 Legatis
1991 1259 2054 1292 suis
2064 1283 2076 1299 ,

1196 1307 1297 1343 totius
1310 1306 1408 1341 Italiae
1419 1306 1591 1349 Synodum
1612 1307 1723 1351 coegit
1746 1307 1879 1341 Sanetus
1894 1308 1964 1340 Leo
1977 1333 1987 1347 ‚
2010 1320 2079 1342 om-

1197 1358 1314 1399 niaque
1338 1356 1492 1390 Dioscori
1513 1356 1617 1396 Acta,
1643 1358 1784 1399 exceptis
1806 1358 1933 1391 Domni
1959 1358 2078 1391 Antio-

1196 1406 1294 1441 cheni
1326 1406 1502 1448 dejectione
1521 1407 1556 1440 ὅ(
1578 1406 1721 1441 Maximi
1745 1407 1929 1442 successoris
1949 1406 2076 1440 ordina-

1197 1457 1309 1496 tione,
1335 1457 1491 1496 cassavit,
1516 1455 1630 1500 jubens
1662 1455 1868 1499 tumultuosum
1900 1459 1934 1490 (nr
1957 1456 2076 1499 misera-

1198 1507 1283 1541 bilem
1303 1515 1502 1546 conventum‚
1537 1518 1605 1541 non
1629 1507 1855 1550 Episcopalem
1880 1507 2071 1549 Synodum,
2095 1504 2120 1530 f..
2137 1505 2248 1533 θεοῦ·

1199 1567 1253 1589 aut
1280 1555 1538 1591 Ecclesiasticum
1551 1556 1744 1590 Concilium
1765 1557 1940 1600 appellari,
1968 1557 2073 1591 sedla·
2089 1541 2175 1609 Εὴίᾗξ·
2199 1586 2214 1611 8

1197 1611 1353 1640 trocinium
1365 1605 1562 1647 Ephefinum.
1589 1606 1627 1639 ln
1641 1606 1755 1640 litteris
1767 1607 1806 1641 ad
1819 1606 1952 1641 Clerum
1975 1608 2009 1640 ὃς
2020 1619 2073 1650 po·
2094 1592 2227 1656 ἶξωγζςζ

1200 1656 1310 1699 pulum
1334 1656 1743 1699 Constantinopolitanum
1767 1657 1812 1690 ait
1831 1657 1898 1690 illic
1923 1658 2025 1690 laesam
2043 1657 2075 1691 &
2118 1660 2232 1700 pist.46.

1198 1705 1295 1739 fidem
1327 1706 1361 1739 &
1393 1704 1564 1747 justitiam.
1603 1705 1641 1738 In
1667 1706 1781 1740 litteris
1815 1707 1854 1740 ad
1878 1706 2076 1752 Anatolium

1196 1755 1338 1798 ejusdem
1362 1755 1505 1791 civitatis
1532 1755 1733 1798 Episcopum
1754 1756 1845 1791 fuisse
1862 1755 2077 1799 scelestiffimum

1197 1807 1338 1842 iudicium
1352 1829 1362 1844 ‚
1388 1811 1419 1838 in
1447 1817 1501 1848 quo
1534 1803 1683 1848 Diofiorus
1705 1805 1793 1848 suam
1821 1808 2078 1845 malevolentiam,

1196 1861 1375 1896 imperitiam
1388 1856 1559 1900 juvenalis
1580 1856 1719 1896 ostendit.
1768 1857 1811 1892 Et
1840 1858 1873 1889 in
1900 1856 2013 1890 litteris
2037 1857 2078 1890 ad

1197 1904 1401 1938 Anastafium
1425 1906 1623 1948 Episcopum
1645 1905 1982 1940 Thessalonicensem.
2014 1910 2078 1938 Ma-

1191 1966 1285 1998 gnum
1302 1954 1428 1996 facinus
1443 1957 1645 1990 alexandrino
1656 1955 1802 1998 Episcopo
1817 1957 1934 1989 auclore
1954 1957 2006 1989 vel
2015 1968 2080 1989 exe-

1196 2015 1291 2038 cutore
1310 2005 1483 2048 commissum
1507 2005 1564 2045 est,
1594 2014 1627 2038 ut
1651 2007 1721 2038 dum
1741 2012 1774 2038 in
1795 2006 1928 2047 fratrem
1954 2006 2078 2046 nostrum

1199 2057 1385 2088 Flavianum
1407 2065 1520 2090 veteres
1557 2057 1759 2090 aemulationes
1791 2058 1825 2090 <5
1847 2059 1915 2088 odia
1941 2062 2073 2098 privata
2102 2089 2106 2095 λ

1197 2103 1384 2147 desaeviunt,
1410 2116 1460 2138 nec
1481 2111 1652 2151 innoccntiae
1670 2106 1860 2146 probatiffimi
1879 2108 2044 2139 sacerdotis
2065 2131 2076 2146 ,

1198 2166 1247 2187 nec
1260 2154 1439 2194 Christianae
1454 2154 1518 2193 fidei
1525 2162 1694 2197 parceretur
1708 2179 1714 2186 .
1744 2155 1850 2189 Unde
1863 2155 2077 2196 Dioscorum,

1197 2203 1383 2246 Juvenalem
1397 2228 1407 2242 ,
1436 2203 1619 2238 Eustatium
1632 2204 1841 2246 Berytensem
1857 2205 2054 2247 Episcopum
2065 2231 2075 2246 ,

1196 2253 1340 2296 aliosque
1353 2253 1514 2287 latrocinii
1536 2253 1703 2296 Principes
1719 2255 1956 2290 communione
1977 2255 2078 2297 priva-
2097 2237 2250 2271 Ep'w'c‘h

1199 2303 1265 2342 vit,
1293 2314 1407 2335 eorum
1432 2303 1565 2336 nomina
1586 2303 1775 2346 rigidissime
1809 2314 1920 2339 vetans
1943 2304 2077 2339 inscribi

1197 2352 1291 2389 sactis
1311 2350 1450 2392 tabulis,
1479 2364 1534 2387 aut
1557 2351 1597 2385 ad
1622 2353 1811 2390 sacrificium
1828 2355 1975 2390 recitari.

1246 2402 1335 2436 Ante
1367 2403 1480 2436 omnia
1509 2403 1639 2438 cassavit
1677 2404 1835 2439 Pontifex
1872 2404 2075 2448 Eutychiani

1193 2452 1308 2487 erroris
1327 2453 1360 2486 Sc
1384 2454 1521 2495 personae
1552 2453 1840 2496 approbationem,
1870 2456 1977 2489 Sansti
2004 2456 2076 2490 Fla-

1194 2502 1282 2536 viani
1303 2501 1569 2542 damnationem,
1598 2504 1971 2546 &superordinationem
1990 2506 2075 2540 Ana-

1192 2552 1265 2586 tolii
1279 2578 1286 2585 .
1314 2553 1468 2596 Episcopi
1481 2553 1568 2587 enim
1581 2554 1764 2593 Severiani,
1792 2555 1824 2587 in
1840 2555 2076 2590 Constantino-

1193 2602 1336 2645 politana
1359 2602 1539 2640 collatione
1570 2603 1713 2637 dicentes
1747 2603 1920 2649 Eutychen
1956 2607 2071 2639 erroris

1192 2652 1373 2695 poenituiffe
1389 2676 1400 2691 ,
1421 2662 1517 2695 atque
1530 2652 1571 2686 ita
1583 2653 1673 2687 fiiiffe
1695 2662 1855 2697 receptum
1867 2655 1884 2690 a
1896 2655 2074 2696 Dioscoro,

1189 2702 1329 2736 delirant
1350 2702 1483 2745 potius,
1507 2703 1605 2746 quam
1627 2714 1754 2737 errant.
1795 2703 1958 2739 Adversus
1986 2704 2075 2740 Ana-

1189 2752 1262 2786 tolii
1285 2752 1530 2794 promotionem
1555 2751 1662 2787 scribit
1685 2753 1840 2788 Pontifex
1861 2754 1900 2788 ad
1939 2755 2074 2789 Clerum

1188 2802 1221 2835 &
1243 2802 1404 2844 populum
1418 2801 1843 2846 constantinopolitanum.
1871 2802 2015 2848 ,Quisquis
2028 2811 2074 2837 in·
2092 2802 2226 2843 Epist.22.'

1188 2852 1290 2888 columi
1321 2861 1411 2894 atque
1436 2850 1588 2894 superstite
1612 2855 1764 2886 Flaviano
1786 2852 1929 2896 Episcopo
1959 2855 2072 2895 vestro,

1190 2903 1388 2937 Sacerdotium
1402 2904 1469 2943 ejus
1484 2901 1583 2943 fuerit
1605 2901 1692 2944 ausus
1716 2905 1860 2937 invadere
1879 2928 1889 2945 ,
1918 2916 2071 2946 nunquam
2093 2919 2223 2958 Epist-25·

1190 2957 1221 2983 in
1243 2957 1437 2984 communione
1465 2952 1560 2992 nostra
1583 2952 1738 2986 habebitur
1753 2951 1915 2997 Episcopus
1928 2979 1937 2993 ‚
1965 2966 2015 2987 nec
2030 2961 2070 2987 in-

1190 3011 1236 3034 ter
1246 2999 1408 3043 Episeopos
1416 3007 1527 3045 poterit
1540 3010 1706 3035 numerari.
1735 3003 1777 3036 Et
1802 3004 1840 3037 ad
1866 3004 2069 3038 pulcheriam

1193 3051 1374 3095 Augustam
1390 3075 1397 3083 .
1435 3053 1611 3086 Flavianus
1625 3050 1786 3096 Episcopus
1796 3059 1827 3086 in
1839 3053 1930 3093 nostra
1946 3060 2072 3086 omnium

1189 3107 1384 3133 communione
1401 3099 1545 3144 perfistit,
1570 3112 1657 3144 atque
1681 3102 1731 3134 hoc
1743 3127 1753 3144 ,
1780 3104 1859 3146 quod
1870 3103 1989 3147 folium
2008 3122 2015 3136 ι
2016 3104 2044 3144 st
2059 3127 2069 3142 ,

1185 3148 1247 3191 fine
1270 3148 1490 3191 confidet-atione
1503 3150 1647 3191 justum,
1674 3154 1708 3185 (9·
1728 3162 1828 3186 contra
1849 3165 1961 3186 omnem
1977 3157 2071 3184 Cano-

1192 3210 1262 3231 num
1275 3198 1463 3242 disciplinam
1475 3223 1484 3239 ,
1495 3209 1596 3233 ratum
1606 3199 1706 3235 baberi
1719 3208 1798 3235 ratio
1810 3205 1889 3236 nulla
1897 3208 2050 3243 permittit
2063 3227 2069 3234 .

1192 3248 1319 3282 Eodem
1333 3258 1447 3282 tenore
1466 3249 1582 3292 scripsit
1596 3251 1637 3284 ad
1661 3250 1864 3285 orthodoxos
1886 3252 2070 3286 Constanti-

2096 1892 2227 1929 Epist-29·

1193 3297 1306 3341 nopoli
1320 3296 1600 3333 Archimandritas
1610 3325 1617 3332 .
1646 3301 1743 3335 Unde
1757 3301 1800 3334 illi
1814 3300 1970 3334 obediens
1983 3302 2072 3335 Con-

1191 3346 1498 3391 stantinopolitanus
1530 3349 1646 3383 Clerus
1679 3352 1711 3383 &
1741 3350 1878 3393 populus
1912 3351 2069 3385 Flaviano

1189 3406 1356 3440 tamquam
1380 3397 1541 3442 Episcopo
1567 3401 1625 3432 suo
1648 3400 1776 3442 publice
1801 3401 2008 3439 acclamavit,
2034 3402 2069 3434 &

1190 3447 1463 3483 acclamationum
1487 3448 1637 3494 exempla
1670 3449 1816 3484 Romam
1838 3451 1942 3484 mifit.
1972 3451 2068 3497 Qiia

1949 3501 2019 3543 post
