2340 3736
79 330 146 366 cap.
160 333 187 361 6.

666 143 733 173 ne
768 143 991 189 qurum
1039 129 1286 175 Sruono
1318 140 1638 176 Genauam.

252 214 288 248 ἀ
300 212 407 248 Sansti
418 209 537 254 Cyrilli
551 208 729 245 duodecim
741 210 894 254 Capitula
906 210 1047 246 omnino*
1069 211 1134 254 pes·

250 262 328 297 nme
335 260 552 296 calumniatur
565 259 708 304 Epistola
722 285 734 301 ‚
760 261 899 305 ideoque
909 260 1075 304 justiffime
1087 259 1134 295 est

249 313 422 348 damnata.
452 310 546 344 Errat
556 310 715 344 Leontius
724 310 1051 345 Scholasticusetiam
1073 309 1136 345 lbae

250 362 423 407 personam
445 360 538 395 fuiffe
558 360 766 396 damnatam.
801 362 943 405 Lapsum
966 361 1065 394 credo
1093 371 1134 394 ex

249 412 341 448 hisce
350 410 599 445 adclamationis
611 410 736 445 verbis:
761 411 893 453 Epistola
913 411 1054 444 baeretica
1073 409 1111 449 est
1124 424 1135 442 .-

253 464 385 503 Scrlptor
397 461 535 504 Epistolae
545 460 700 496 baereticus
720 460 894 501 ostenditur.
922 460 1026 505 Qod
1051 460 1072 493 fi
1087 470 1136 493 ve-

247 522 327 546 mm
338 512 456 552 fuerit,
482 522 551 544 non
563 512 674 548 minus
697 509 791 550 lbas,
817 509 915 552 quam
933 507 1137 544 Theodorus

246 562 364 607 potuit
383 559 552 596 damnari.
589 562 783 603 Utrumque
803 559 978 594 conciliare
998 570 1136 594 conatur

247 610 440 655 Cayphaici
451 621 564 646 contra
576 612 675 645 sacras
686 608 845 653 imagines
857 600 1072 644 conciliabuli
1084 621 1134 643 or-

250 661 404 696 thodoxa
416 661 568 696 refutatio
577 685 587 700 ,
615 660 694 693 lesta
703 658 738 692 δε
749 658 883 702 probata
897 671 954 703 per
967 660 1134 703 septimam

250 710 454 755 Synodum.-
479 710 663 749 Sacratiffimi
684 711 814 749 Patres,
840 715 891 752 qui
915 716 947 743 in
970 719 1081 752 quarta
1101 711 1135 743 ό·

255 759 420 804 universali
439 759 548 803 sanc‘la
571 758 801 800 chalcedonensi
830 762 939 798 synodo
969 765 1135 804 congregati

251 810 345 855 sunt,
370 809 532 851 Epistulam
542 810 679 851 quidem,
705 821 772 852 quae
786 810 900 843 dicitur
912 810 974 843 Jbae
996 808 1136 852 Episcopi

254 861 371 902 Edeffae
392 860 435 891 ad
457 862 568 892 Marim
593 857 740 901 Persam,
776 859 1137 899 anathematizaverunt,

252 911 350 943 veluti
370 908 503 949 Nestorio
526 910 765 951 concordantem3
796 908 929 951 fimiliter
962 911 997 943 (Ὗ
1022 914 1136 952 quintae

254 959 501 998 synodiPatres:
528 958 614 992 Ibam
635 966 731 993 autem
742 970 947 1000 nequaquam.
974 964 1046 992 Non
1057 965 1136 993 enim

252 1017 361 1042 verum
373 1015 512 1051 apparuit
524 1033 534 1049 ‚
560 1010 639 1051 quod
653 1009 816 1051 lbaefuerit
826 1009 978 1051 Epistola.
1008 1014 1085 1043 Hinc
1104 1014 1136 1042 in

254 1058 515 1102 anathematifim'r
529 1071 587 1092 non
608 1059 693 1092 Ibam
712 1058 900 1092 anathemat}
914 1057 1114 1102 submiserunt
1126 1085 1135 1100 ,

252 1105 312 1151 sed
319 1108 485 1150 Epistulam
496 1133 508 1150 ,
532 1120 597 1151 quae
608 1109 762 1143 dicebatur
772 1109 832 1142 Ibae
846 1134 854 1142 .
881 1109 1040 1143 Dicebatur
1049 1115 1136 1151 enim,

254 1159 327 1191 licit
335 1170 393 1192 non
413 1159 494 1204 effer,
533 1158 722 1198 Scabrosam
744 1158 956 1209 quaestionem
979 1160 1136 1210 relinqua-

259 1218 353 1244 mus,
857 1228 860 1235 ,

300 1387 858 1442 COLLATIO
931 1394 1062 1442 VII·

348 1508 384 1543 D
403 1508 505 1543 trium
525 1507 755 1554 Capitulorum
780 1508 1028 1547 damnationem
1054 1507 1138 1545 vide-

374 1558 492 1593 bantur
501 1560 613 1594 omnia
625 1559 753 1595 abunde
774 1571 882 1605 parata
902 1573 940 1596 ac
962 1561 1138 1601 instrusta‚

251 1609 367 1642 verum
379 1608 445 1643 duo
457 1609 613 1644 oberant:
642 1609 828 1645 Austoritas
841 1612 988 1646 Romani
1000 1611 1139 1646 Pontifi-

254 1659 304 1692 cis
314 1657 440 1693 adversa
459 1659 494 1693 ὅ(
515 1658 741 1694 contradicens
756 1684 767 1702 ‚
793 1670 890 1705 atque
909 1662 1059 1696 Eccleliae
1081 1659 1139 1695 sub

255 1708 385 1752 justino
397 1707 548 1753 Augusto
560 1734 571 1749 ,
585 1708 744 1744 Acaciani
757 1710 918 1745 schismati
930 1711 1138 1752 exstindtore,

253 1757 411 1802 pacificus
421 1758 520 1792 status
531 1782 543 1798 ,
568 1758 627 1793 sub
637 1770 705 1803 quo
717 1759 946 1803 Capitulorum
969 1761 1139 1795 damnato-

254 1818 306 1842 res
327 1818 389 1841 nec
411 1807 530 1841 mutire
551 1809 614 1842 auli
640 1810 768 1843 fuerant
780 1820 794 1848 ,·
814 1810 867 1844 sed
885 1811 1034 1854 suppressi
1059 1820 1126 1845 tam

251 1864 355 1899 quam
390 1857 519 1900 Synodi
545 1856 822 1894 Chalcedonensis
864 1858 1119 1904 praevaricatores
1131 1886 1138 1893 .

257 1906 472 1950 Justinianum
486 1907 638 1952 Capitula
650 1909 861 1945 damnantem
881 1909 1140 1945 multidixerunt

255 1957 274 1990 a
288 1966 419 2000 paterna
430 1957 547 2000 pietate
558 1958 780 2003 degenerasse.
809 1959 852 1993 Et
863 1959 970 1994 revera
991 1959 1056 1993 fine
1073 1962 1128 1996 Ro

254 2017 358 2040 mano
370 2007 535 2050 Episcopo
545 2008 681 2043 adunati
702 2009 857 2053 Episcopi
880 2010 954 2044 sunt
974 2020 1052 2044 oves
1073 2010 1140 2045 fine

257 2054 393 2090 Pastore
406 2080 417 2095 ‚
443 2067 503 2090 nec
514 2057 687 2099 Synodum
698 2059 845 2099 faciunt,
871 2058 926 2093 sed
948 2059 1139 2094 damnatum

255 2115 473 2141 conventum.
502 2105 596 2140 Hinc
617 2106 718 2151 igitur
739 2108 780 2141 ad
801 2108 971 2150 septimam
993 2108 1127 2144 collatio

257 2166 358 2195 nem,
397 2155 514 2189 fastam
535 2157 675 2199 septimo
697 2156 861 2201 Calendas
892 2157 1021 2200 Junias,
1049 2158 1139 2201 Juni-

255 2206 375 2238 nianus
386 2204 554 2249 Augustus
566 2206 689 2251 legavit
703 2206 961 2241 Constantinum
979 2208 1058 2241 sacri
1080 2208 1139 2243 Pa-

256 2254 329 2288 latii
351 2255 552 2301 Qaestorem
568 2281 578 2297 ,
609 2254 830 2290 exhibiturum
852 2254 1071 2298 documenta,
1098 2270 1138 2293 ex

251 2302 373 2348 quibus
385 2305 534 2339 luceat&
546 2306 708 2349 Justinum
726 2306 914 2351 Augustum
928 2331 938 2346 ‚
967 2307 1138 2350 Justiniani

254 2355 502 2388 Antecefforem
514 2355 547 2387 &
561 2366 709 2398 patruum
723 2380 733 2396 ,
746 2357 779 2390 &
792 2355 961 2399 praesertim
974 2356 1138 2401 Vigilium

252 2403 458 2439 Pontificem
471 2429 481 2445 ‚
507 2405 599 2439 fuisse
621 2407 744 2449 semper
766 2405 951 2442 constantes
972 2418 1009 2441 ac
1030 2407 1139 2443 firmos

255 2454 474 2497 capitulorum
485 2453 691 2491 damnatores
703 2480 710 2487 .

307 2503 419 2537 Primo
433 2503 540 2546 itaque
551 2504 786 2539 Constantinus
799 2504 949 2553 Qaestor
968 2503 1117 2541 exhibuit
1127 2532 1138 2548 ,

253 2554 292 2587 ὃ(
312 2553 482 2588 Diodorus
501 2553 650 2588 Ecclefiae
683 2555 1056 2598 Constantinopolitanae
1080 2557 1139 2590 Ar-

254 2602 495 2637 chi-Diaconus
524 2604 556 2637 &
578 2604 792 2639 Notariorum
821 2603 1027 2639 Primicerius
1058 2606 1137 2651 legit

255 2651 433 2692 Edistum‚
467 2663 535 2696 quo
570 2652 716 2697 Vigilius
750 2655 907 2688 Pontifex
943 2655 1138 2695 Rusticum,

256 2703 352 2736 suum
363 2713 406 2735 ex
426 2703 523 2736 fratre
543 2713 695 2745 nepotem
710 2729 721 2745 ,
744 2704 779 2738 &
801 2703 1045 2745 Sebastianum,
1072 2705 1135 2739 Ro·

256 2763 358 2786 manae
370 2751 514 2786 Ecclefiae
536 2752 706 2787 Diaconos
730 2753 919 2788 Cardinales
931 2779 940 2794 ‚
967 2766 1069 2798 nuper
1087 2755 1137 2789 de-

251 2802 422 2847 gradarat.
450 2802 566 2837 Unica
578 2802 797 2837 damnationis
807 2805 899 2838 causa
909 2805 1012 2838 suerat
1025 2829 1035 2844 ‚
1047 2805 1136 2848 quod

253 2852 314 2894 qui
327 2852 427 2885 trium
437 2851 664 2895 Capitulorum
683 2852 910 2888 damnativam
932 2853 1111 2898 judicatum
1125 2880 1136 2895 ,

255 2901 410 2945 scriptum
421 2900 612 2936 aPontifice
622 2902 660 2936 ad
683 2902 846 2938 Mennam
863 2904 977 2948 Regiae
994 2904 1136 2938 civitatis

252 2949 497 2991 patriarcham,
521 2951 727 2995 probassent,
764 2952 939 2989 laudaffent
964 2978 975 2994 ‚
1013 2953 1134 2998 ubique

255 3009 410 3035 terrarum
431 3001 658 3043 seminassent,
683 3002 748 3045 jam
761 3004 778 3036 a
791 3003 898 3037 Felice
922 3004 1074 3038 Gillitani
1097 3005 1132 3039 in

255 3048 370 3085 Africa
381 3051 567 3084 monasterii
578 3051 779 3096 Hegumeno
790 3052 908 3087 seducti
920 3054 1113 3088 damnarent
1124 3078 1134 3094 ,

254 3098 317 3134 tria
339 3100 492 3143 Capitula
513 3100 745 3142 defenderent,
770 3101 812 3136 ad
830 3104 935 3137 varios
953 3104 1134 3148 Episcopos

253 3149 446 3192 scripsissent
468 3149 631 3194 Vigilium
641 3151 790 3186 cecidisse
805 3154 839 3186 in
862 3153 1133 3197 SynodiChalce-

256 3199 407 3234 donenfis
421 3200 735 3242 praevaricationem,
761 3211 857 3243 atque
878 3203 921 3236 ita
942 3214 1058 3238 omnes
1078 3203 1134 3238 sub

254 3248 339 3283 coelo
351 3247 509 3284 Ecclefias
527 3251 561 3283 ὃ(
583 3251 771 3285 Romanam
792 3251 1043 3295 Rempublicam
1070 3263 1134 3288 tur-

257 3297 380 3333 baffent
399 3299 588 3344 insigniter,
615 3312 651 3334 ac
672 3300 855 3334 etiamnum
877 3302 1042 3336 turbarent
1055 3327 1062 3335 .
1090 3303 1134 3338 Et

254 3346 388 3389 quidem
411 3349 564 3383 Rusticus
584 3348 802 3383 Theodorum
823 3360 891 3384 non
924 3351 1134 3386 solummodo

257 3396 426 3437 damnari,
449 3397 723 3434 sed&exhumari
736 3424 746 3439 ,
776 3410 873 3444 atque
884 3412 960 3434 cum
981 3411 1055 3435 toto
1078 3412 1134 3436 ter-

257 3444 373 3488 ritorio
384 3447 515 3485 incendi
526 3449 666 3498 dignum
678 3475 690 3494 ,
715 3450 749 3486 ὄι
770 3449 893 3496 Vigilii
914 3449 957 3486 de
975 3451 1035 3486 illo
1054 3450 1135 3495 judi-

1196 216 1308 243 catum
1319 208 1381 242 esse
1393 206 1478 252 quafi
1490 209 1576 244 coelo
1585 210 1706 256 lapsum
1717 236 1731 254 ,
1754 212 1861 258 plenis
1869 214 1992 266 ubique
2001 217 2080 256 buc·

1198 270 1244 293 crs
1255 268 1445 292 cantitarat.

1248 309 1343 342 Lesta
1355 308 1454 342 etiam
1463 307 1509 342 est
1520 308 1661 352 ejusdem
1681 311 1853 349 Pontificis
1876 315 1918 350 ad
1931 315 2078 354 Valenti.

1198 358 1335 392 nianum
1347 357 1526 393 Tonitanae
1538 359 1571 393 in
1584 357 1722 402 Schytia
1734 364 1875 400 civitatis
1885 364 2077 403 Antistitem

1199 407 1361 451 Epistola,
1387 410 1485 443 trium
1507 408 1737 454 Capitulorum
1752 412 1978 450 damnativam
1998 416 2081 460 judi·

1197 469 1306 492 catum
1340 460 1561 502 confirmans,
1585 460 1620 494 δε
1649 470 1830 505 expurgans
1852 466 1871 499 a
1896 466 2079 510 calumnia,

1199 519 1260 550 qna
1271 519 1326 551 per
1344 509 1517 543 Rusticum
1530 509 1564 543 ὅ(
1575 509 1800 545 Sebastianum
1809 536 1820 554 ‚
1845 524 1924 550 tunc
1936 517 2079 552 necdum

1198 556 1408 602 degradatos,
1435 557 1490 593 sed
1500 559 1518 593 a
1529 559 1708 594 ministerio
1720 559 1891 596 dumtaxat
1904 567 2079 609 suspensOS,

1198 607 1404 652 spargebatur
1437 609 1537 644 etiarn
1556 608 1765 644 Theodoreti
1787 622 1825 646 ac
1845 611 1910 647 Ibae
1930 619 2081 657 personas

1196 656 1351 693 damnare
1364 682 1371 690 .
1400 659 1511 706 Qam
1523 660 1724 695 calumniam
1740 661 1855 695 nostrae
1865 663 1963 697 etiam
1976 666 2080 707 Syno-

1197 706 1242 741 do
1277 706 1361 740 male
1386 707 1545 753 impingit
1572 710 1606 744 in
1630 710 1715 745 libro
1737 710 1778 745 de
1798 712 1897 746 Seffls
1922 713 2082 750 Leontius

1199 807 1262 841 lius
1273 817 1389 855 rogat,
1414 819 1458 843 ne
1478 808 1631 855 deinceps
1651 809 1791 844 Rustico
1813 811 1848 844 δε
1870 812 2084 855 Sebastiano,

1197 867 1370 892 aureorum
1382 858 1599 902 complichus
1610 870 1665 904 per
1686 859 1810 896 litteras
1829 864 2057 899 communicet
2069 889 2081 906 ,

1197 917 1254 942 aut
1269 906 1413 951 ipsorum
1427 908 1605 944 mendaciis
1617 910 1726 945 credat
1742 934 1749 942 .

1247 957 1345 992 Lesta
1358 959 1403 992 est
1417 959 1450 993 ὅ(
1461 959 1574 993 fimilis
1584 958 1625 994 ad
1646 959 1865 997 Aurelianum
1886 961 2086 999 Arelatensis

1200 1005 1348 1041 Ecclesiae
1368 1008 1620 1052 Metropolitam
1644 1010 1791 1056 Epistola
1804 1038 1815 1054 ‚
1851 1013 1914 1059 qua
1935 1013 2086 1059 Vigilius

1200 1057 1321 1099 praestat
1332 1057 1417 1092 istud
1427 1060 1534 1102 ipsum
1548 1084 1560 1101 ,
1570 1061 1606 1094 δε
1620 1060 1702 1095 serio
1716 1063 1887 1106 profitetur
1897 1064 1961 1099 sese
1972 1089 1984 1105 ,
1994 1064 2085 1109 quod

1199 1105 1354 1141 Rusticus
1374 1108 1407 1141 &
1437 1108 1639 1144 Sebastianus
1670 1111 1876 1156 garriebant,
1912 1113 1931 1147 a
1956 1115 2086 1159 Synodi

1200 1154 1476 1191 Chalcedonensis
1487 1158 1620 1198 fide,aut
1631 1160 1704 1194 aliis
1718 1162 1876 1206 legitimis
1883 1163 2086 1204 definitioni,-

1200 1205 1258 1240 bus
1272 1207 1307 1241 in
1319 1207 1377 1240 suo
1386 1206 1531 1249 judicato
1542 1220 1610 1243 non
1623 1211 1774 1246 receffiffe
1788 1237 1795 1244 .
1823 1212 1875 1247 Ex
1897 1213 1984 1248 hisce
2009 1214 2085 1258 Epi-

1199 1255 1290 1290 stolis
1312 1255 1440 1292 abunde
1459 1267 1566 1300 patere
1588 1259 1711 1304 Vigilii
1730 1261 1904 1297 Pontificis
1926 1275 1964 1298 ac
1975 1264 2085 1298 omnis

1200 1306 1357 1340 Romanae
1369 1307 1516 1342 Ecclefiae
1538 1319 1704 1352 mentem,
1729 1311 1762 1344 ὅ(
1782 1311 1887 1355 ipsum
1911 1309 2084 1357 Episcopis

1199 1355 1233 1390 in
1245 1354 1306 1391 hac
1317 1356 1455 1401 Synodo
1465 1360 1676 1404 congregatis
1687 1384 1700 1401 ‚
1725 1360 1803 1394 licet
1823 1373 1892 1396 non
1915 1373 1971 1406 per
1984 1363 2088 1409 Lega-

1199 1415 1273 1447 tos,
1299 1416 1409 1442 tamen
1428 1419 1483 1451 per
1493 1406 1587 1443 hasce
1598 1410 1720 1444 litteras
1740 1411 1903 1454 praesidere
1925 1412 2089 1448 existima·
2111 1413 2115 1417 ’

1199 1456 1246 1490 vit
1263 1456 1463 1500 Iustinianus
1475 1483 1483 1490 .
1510 1458 1559 1492 At
1569 1459 1700 1494 fallebat
1713 1461 1935 1505 semetipsum.
1951 1462 2087 1498 Etenim

1198 1504 1378 1550 judicatum
1388 1507 1556 1542 dumtaxat
1569 1510 1669 1553 usque
1689 1508 1729 1543 ad
1753 1510 1896 1546 futuram
1910 1512 2087 1556 Synodum

1199 1556 1425 1601 &pleniorem
1447 1557 1638 1603 indaginem
1663 1560 1947 1604 interloquebatur
1968 1562 2010 1597 de
2031 1564 2087 1597 tri-

1200 1606 1258 1641 bus
1279 1608 1442 1651 capitulis,
1489 1609 1524 1642 &
1544 1608 1755 1652 postmodum
1779 1610 1927 1656 Vigilius
1947 1611 2088 1647 definiti·

1201 1668 1277 1692 vum
1291 1657 1518 1693 Constitutum
1534 1659 1704 1701 emiserat,
1732 1671 1799 1704 quo
1818 1661 2000 1709 judicatum
2019 1662 2087 1705 jam

1200 1708 1355 1742 cassatum
1368 1707 1509 1744 canabat
1520 1708 1629 1743 denuo
1643 1733 1654 1750 ,
1680 1711 1715 1745 ὅ(
1726 1710 1913 1746 constanter
1936 1712 2087 1747 edicebat

1202 1757 1263 1791 tria
1287 1757 1463 1801 Capitula,
1498 1757 1672 1795 Theodori
1699 1762 1870 1805 praesertim
1897 1764 2087 1807 personam,

1202 1818 1268 1841 non
1282 1809 1369 1850 posse
1378 1807 1527 1843 damnari
1538 1835 1545 1842 .
2064 1838 2069 1842 >

1250 1857 1349 1892 Lesta
1365 1857 1498 1893 tandem
1522 1861 1597 1895 sunt
1618 1859 1700 1895 Asta
1720 1861 1849 1907 publica
1863 1887 1875 1903 ,
1900 1863 1987 1908 apud
2016 1860 2086 1898 An·

1203 1905 1364 1942 tiochenae
1371 1908 1513 1942 civitatis
1524 1909 1740 1947 Defensorem
1751 1913 1894 1947 confecta
1903 1938 1914 1954 ,
1940 1914 2087 1948 accusan-

1202 1957 1247 1991 tia
1259 1955 1491 1994 Andronicum
1503 1959 1654 1995 Ecclesiae
1669 1959 1819 2003 Cyrenfis
1830 1962 2058 2005 Presbyterum
2074 1988 2085 2004 ,

1202 2018 1239 2041 ac
1251 2007 1433 2052 Georgium
1455 2008 1595 2052 ejusdem
1618 2008 1831 2053 Diaconum,
1859 2014 1947 2058 quod
1970 2013 2088 2048 Theo·

1201 2055 1305 2091 doreti
1317 2058 1365 2091 sui
1378 2057 1462 2092 olim
1483 2059 1636 2102 Episcopi
1660 2059 1839 2105 imaginem
1858 2062 2086 2106 imposuissent

1202 2105 1330 2146 rhedae,
1358 2118 1395 2141 ac
1407 2107 1603 2152 solenniper
1628 2109 1793 2144 civitatem
1812 2112 2013 2154 proceffione
2033 2113 2087 2147 de·

1200 2155 1383 2196 duxissent,
1410 2156 1580 2200 psallentes
1599 2158 1853 2195 &ostendentes
1876 2163 1907 2195 se
1926 2163 1988 2196 esse
2011 2162 2089 2205 ejus-

1200 2205 1275 2240 dem
1298 2205 1395 2239 fidei:
1434 2207 1632 2243 Accusantia
1656 2209 1734 2243 item
1761 2211 1907 2255 Sergium
1942 2211 2087 2254 ejusdem

1199 2255 1343 2290 civitatis
1383 2256 1579 2300 Episcopum
1595 2281 1606 2297 ,
1643 2260 1732 2300 quod
1769 2260 1810 2294 ad
1853 2261 2087 2304 Episcopatum

1199 2307 1329 2339 evestus
1351 2316 1428 2339 mox
1453 2307 1620 2347 Diodori,
1649 2307 1824 2344 Theodori
1847 2335 1858 2352 ,
1895 2309 2088 2346 Theodore-

1199 2355 1247 2395 ti,
1272 2366 1310 2389 ac
1346 2353 1519 2397 Nestorii,
1542 2357 1627 2401 quali
1654 2360 1826 2402 martyris,
1853 2360 1970 2395 festum
1998 2361 2089 2396 snsti·

1199 2404 1327 2444 misser,
1352 2405 1548 2441 celebratum
1572 2407 1690 2451 insigni
1715 2410 1830 2452 synaxi
1845 2435 1852 2442 .
1892 2412 2025 2445 Fadium
2053 2411 2089 2445 id

1200 2455 1304 2488 fuerat
1325 2453 1383 2487 sub
1403 2455 1528 2498 Juslino
1544 2456 1696 2502 Augusto
1713 2483 1723 2499 ,
1750 2460 1805 2504 qui
1822 2457 2010 2504 indignatus
2021 2463 2089 2496 Ser-

1200 2505 1292 2550 gium
1307 2504 1503 2548 Episcopatu
1514 2506 1630 2549 ejecit,
1647 2508 1690 2542 ¹&
1703 2520 1868 2552 nunquam
1882 2511 1986 2545 voluit
1998 2511 2087 2546 resti-

1200 2564 1308 2588 tutum
1318 2579 1325 2585 .
1348 2553 1395 2588 Ita
1408 2554 1587 2599 Dionysius
1599 2554 1809 2591 seleuciensis
1821 2582 1832 2598 ,
1858 2560 2087 2604 Hermogenes

1200 2603 1579 2648 Constantinopolitanae
1591 2631 1601 2646 ,
1630 2619 1667 2641 ac
1679 2607 1855 2642 Heraclius
1867 2608 2087 2645 Antiochenae

1199 2653 1412 2688 Ecclesiarum
1447 2654 1630 2698 Presbyteri
1650 2668 1761 2691 coram
1783 2659 1924 2701 praesenti
1949 2660 2086 2702 synodo

1199 2705 1272 2737 sunt
1292 2703 1421 2742 testati,
1447 2715 1544 2750 atque
1568 2704 1646 2740 inde
1669 2706 1907 2742 Constantinus
1935 2709 2085 2757 Qaestor

1198 2752 1309 2786 intulit
1319 2753 1416 2787 etiam
1431 2754 1593 2796 Iustinum
1606 2755 1791 2801 Augustum
1804 2757 1905 2792 tribus
1920 2760 2083 2802 Capitulis

1197 2803 1290 2837 fuisse
1300 2802 1498 2838 adversatum
1511 2804 1677 2850 ,adeoque
1690 2807 1907 2850 justinianum
1922 2810 1940 2843 a
1952 2810 2084 2852 piiffimi

1195 2852 1308 2889 Patrui
1335 2853 1479 2899 vestigiis
1506 2867 1574 2889 non
1595 2854 1788 2891 declinasse.
1828 2859 1922 2893 Hinc
1949 2860 2080 2895 interim

1195 2902 1287 2937 vides
1307 2903 1465 2938 sacrarum
1483 2903 1667 2949 imaginum
1690 2907 1938 2946 venerationem
1959 2910 2083 2956 semper

1194 2952 1230 2987 in
1242 2953 1384 2989 Ecclefia
1400 2955 1539 3002 viguisse
1554 2980 1561 2989 .

1349 3127 1756 3179 coLLATlo
1808 3101 1931 3178 v111.‘

1287 3250 1436 3286 Ctava&
1455 3252 1572 3287 ultima
1584 3253 1754 3295 Collatio,
1780 3255 1858 3288 fasta
1873 3251 1988 3296 quarto
2010 3253 2081 3289 No·

1313 3313 1369 3336 nas
1389 3301 1525 3344 Iunia,
1551 3304 1685 3338 tandem
1711 3303 1860 3347 proceffit
1871 3302 1912 3336 ad
1938 3303 2081 3338 definiti-

1196 3363 1268 3386 vam
1289 3351 1386 3385 trium
1399 3351 1628 3395 capitulorum
1654 3353 1987 3392 condemnationem,
2012 3365 2082 3397 pro·

1196 3401 1418 3446 mulgavitque
1439 3403 1617 3436 Decretum
1640 3403 1791 3446 elegans,
1816 3401 2001 3441 eruditum,
2027 3402 2082 3436 ha·

1196 3452 1274 3486 bens
1299 3452 1404 3496 capita
1426 3453 1532 3486 varia.
1559 3451 1696 3495 Primo,
1722 3452 1915 3496 protestatur
1926 3451 2080 3536 fibisnon

1924 3502 1982 3536 dee
1998 3512 2032 3537 se

1197 754 1415 794 Scholasticus
1435 757 1658 806 Byzantinus.
1687 760 1963 797 Valentinianum
1988 762 2085 809 Vigi-
2102 768 2215 806 Cap‚6.'
