2340 3736
69 1118 157 1162 Epist,
180 1131 193 1149 z
200 1132 222 1150 z.

65 1962 160 2002 6:224«
176 1970 220 1998 ,³5-

303 129 415 169 106„

685 114 1001 166 „CANONES
1038 113 1620 165 CHALC‘fiDONENses

234 217 274 250 go
300 210 384 237 viros
410 213 449 236 ex
466 200 555 235 vobts
578 200 646 234 bom*
675 197 852 239 testimonii,
878 208 948 240 quos
979 194 1130 235 constitue·
1175 191 1271 250 'vem
1285 209 1345 243 p„
1367 203 1507 244 laicalem·
1517 211 1751 246 procurationem
1760 209 1876 252 elegerit
1886 209 2096 251 administren?

240 265 304 289 mus
321 251 410 297 super
430 251 482 285 boc
503 260 592 294 opus.
621 250 674 284 Ex
698 248 764 291 hoc
773 248 856 285 olim
880 248 1022 282 Canone
1043 244 1128 287 apud

241 306 432 343 Romanam
446 303 481 338 ἀ
493 303 571 337 alias
583 300 750 347 plerasque
763 299 920 335 Ecclefias
933 295 1139 330 Archi-Dian

241 367 348 392 conus
369 350 839 399 paffimysuit.&fficonomus:
869 347 957 397 Qis
969 346 1060 381 enim
1080 357 1138 388 qe-

242 407 323 443 sciat
349 406 458 440 Xixto
477 402 822 449 Pontificissanctum
854 396 1075 440 Laurentium
1102 401 1137 434 in

242 467 384 501 utroque
409 452 522 489 officio
543 452 755 492 ministrasse?
781 452 826 485 Et
846 450 888 483 de
910 448 1033 486 Santi-'to
1055 451 1139 485 Cor-

244 507 336 544 nelio
346 507 434 549 Papa
457 504 540 539 dicit
561 502 662 539 Liber
683 500 913 545 Pontificalis:
944 504 1022 536 Ante
1045 512 1139 544 quam

240 559 341 602 paffus
362 556 400 597 est
418 560 519 590 omnia
538 554 613 588 bona
645 551 780 595 Ecclesiae
802 550 940 589 tradidtt
960 545 1151 586 Archi-Dia!

243 619 326 641 cono.
354 607 398 641 Et
410 606 451 641 de
472 607 589 641 Sancto
607 606 716 640 Lucio
736 602 824 636 illius
843 601 1041 638 successore.
1082 607 1139 636 Hic

243 669 359 695 omnem
373 656 543 699 potestatem
556 653 688 696 Ecclefiae
709 654 793 692 dedit
816 653 1053 689 Archi—Diacono
1060 652 1114 697 suo
1127 678 1138 694 ‚

244 710 316 742 dum
338 709 383 740 ad
400 708 551 750 paffionem
567 712 718 748 pergeret.
757 703 865 752 O4uod
886 705 992 748 ipsum
1014 703 1140 739 Pontio

245 755 519 795 Archi-Diacono
540 756 618 790 fecit
631 756 666 788 in
681 756 736 788 sua
748 755 895 799 'passione
915 755 1046 788 Sanctus
1072 753 1140 797 Cy-

243 810 376 854 prianus
390 833 397 839 .
426 806 529 854 Qod
542 807 622 840 item
645 805 791 841 Ecclefia
814 804 1041 839 Alexandrina
1063 805 1140 838 sem-

243 870 301 903 per
320 859 540 895 OEconomum
562 855 738 896 habuerit,
763 866 851 900 patet
872 868 913 890 ex
938 852 1140 897 lschyrionis

244 909 393 943 Diaconi
415 909 455 942 ad
475 909 631 942 Sanstum
660 907 810 941 Leonem
834 906 958 949 Papam
980 906 1013 938 ἅ.
1034 904 1139 947 Syno-

245 959 326 993 dum
347 957 652 1001 Chalcedonensem
663 957 813 991 adversus
827 954 1029 999 Episcopum
1043 956 1137 993 suum

244 1011 447 1045 Dioscorum
468 1007 610 1048 libellis,
635 1018 673 1040 ac
690 1019 732 1040 ex
754 1007 870 1041 litteris
896 1006 1137 1053 Episcoporum

242 1059 458 1104 AEgyptiacae
477 1058 670 1092 Dioeceseos
693 1056 734 1090 ad
757 1057 908 1091 Leonem
926 1055 1115 1100 Augustum
1128 1078 1139 1094 ,

243 1107 445 1144 exstantibus
465 1106 713 1151 postlaudatam
725 1105 920 1150 Synodum.
944 1107 1004 1140 De
1029 1105 1135 1140 Eccle·

242 1156 514 1194 fiaAntiochena
536 1158 649 1202 liquee
664 1169 705 1192 ex
727 1157 865 1192 adduQa
891 1157 1035 1203 superius
1047 1156 1140 1190 inter-

241 1210 414 1250 locutione
425 1205 540 1247 Photii
560 1209 595 1242 δε
609 1209 749 1243 Eustatii
773 1208 1013 1252 Episcoporum
1032 1208 1067 1240 in
1083 1207 1140 1241 Be-

238 1260 511 1303 sytenfisynodo
525 1259 566 1293 de
579 1258 637 1297 Iba
650 1258 811 1293 Edeffeuo
827 1283 833 1290 .
864 1258 908 1292 Et
930 1259 1073 1304 Joannes
1095 1259 1139 1291 sa-

241 1321 368 1346 crarum
387 1310 607 1355 largitionum
623 1309 770 1350 Comes,
797 1307 982 1344 Theodosii
996 1308 1138 1354 Augusti

242 1362 285 1398 ad
296 1361 470 1406 Synodum
482 1360 679 1404 Ephesmam
690 1360 833 1404 Legatus
844 1384 855 1401 ,
882 1359 917 1393 in
931 1361 985 1394 sua
1009 1359 1049 1393 ad
1063 1371 1137 1393 eun·

241 1412 320 1446 dem
330 1412 520 1455 Principem
532 1410 712 1445 Relatione
724 1411 878 1447 meminit
900 1410 1139 1454 Dispensatoris

243 1462 396 1496 Ecclesiae
407 1459 576 1506 Ephesinae
589 1487 596 1493 .
624 1462 669 1495 Et
680 1460 850 1495 Charisius
870 1459 1047 1504 Presbyter
1061 1483 1071 1500 ,
1082 1461 1136 1504 qui

242 1513 351 1549 eidem
363 1510 503 1555 Synodo
525 1510 721 1554 Symbolum
735 1510 972 1546 Nestorianum
993 1510 1113 1544 detulit
1128 1534 1139 1550 ,

241 1573 311 1597 erat
322 1563 357 1596 in
374 1562 482 1605 Lydia
494 1561 696 1600 OEconomus
713 1561 861 1595 Ecclesiae
872 1558 1136 1603 Philadelphien-

241 1614 299 1647 sis.
336 1612 420 1646 Sane
455 1610 527 1644 lbas
559 1609 738 1644 Edeffenus
761 1610 795 1643 ὃς
825 1610 959 1645 Sanftus
997 1611 1140 1653 Joannes

240 1661 501 1705 Chrysostomus
521 1672 591 1695 non
614 1670 765 1705 poterant
779 1661 820 1695 de
835 1672 904 1694 non
920 1659 1036 1694 habito
1048 1660 1143 1695 OEco-

240 1724 348 1747 nomo
382 1712 525 1746 accusari
546 1736 557 1752 ,
591 1711 651 1746 nisi
675 1710 710 1745 id
743 1711 1139 1755 cuipiam—antiquissimo

241 1762 375 1798 Canoni
399 1763 625 1807 repugnasset.
651 1761 742 1796 Nam
764 1761 799 1796 δε
822 1762 947 1797 Canon
977 1759 1139 1796 Arabicus

239 1812 407 1857 Episcopo
429 1813 654 1850 OEconomum
677 1812 843 1857 imponit¹

289 1861 347 1898 Ad
369 1864 580 1907 quaestionem
612 1874 722 1898 tamen
747 1861 928 1906 respondeo
962 1859 1136 1906 negative.

240 1914 375 1949 Etenim
401 1913 554 1958 Synodus
575 1911 790 1947 Antiochena
812 1914 984 1956 Episcopis
1009 1912 1140 1947 dumta-
1172 1904 1174 1922 ³

240 1965 297 2001 κὰτ
318 1963 430 2006 jubet,
458 1974 495 2001 ut
530 1963 791 2000 Ecclefiasticam
813 1962 1027 1998 substantiam
1059 1973 1138 1996 cum

239 2013 510 2058 Presbyterorum
544 2026 583 2048 ac
614 2014 845 2052 Diaconorum
868 2012 989 2048 notitia
1021 2011 1138 2057 guber-

239 2076 321 2101 nent
334 2088 346 2105 ‚
370 2064 498 2098 nullam
508 2064 682 2101 OEconomi
697 2064 821 2098 faciens
834 2064 1040 2099 mentionem
1055 2087 1063 2095 .
1092 2062 1136 2098 Et

239 2117 277 2151 in
299 2113 439 2159 synodo
460 2114 626 2157 Berytensi
661 2114 734 2148 Ibas
765 2114 948 2147 Edeffenus
971 2112 1137 2157 promisit,

240 2178 310 2202 non
335 2165 426 2208 juxta
446 2164 590 2207 aliquem
615 2164 813 2202 Cauonem,
849 2163 902 2198 sed
925 2162 1138 2203 solummodo

239 2217 331 2261 juxta
354 2211 588 2249 patriarchalis
602 2214 818 2248 Antiochenae
830 2213 983 2248 Ecclesiae
1002 2213 1136 2248 consue-

240 2267 394 2302 tudinem
419 2265 588 2299 adsumere
615 2264 859 2304 OEconomum‚
886 2264 984 2306 idque
1006 2265 1132 2306 sponta-

241 2328 304 2352 nea
324 2316 494 2349 voluntate
507 2339 517 2355 ,
544 2315 635 2358 quod
647 2324 764 2358 nempe
785 2314 897 2348 nullus
919 2314 996 2351 esset
1017 2314 1137 2348 Canon

242 2368 283 2403 eo
294 2376 434 2411 cogens.
461 2365 506 2399 Et
528 2364 638 2399 noster
664 2364 719 2399 hic
750 2365 870 2398 Canon
893 2363 1019 2398 nullam
1048 2362 1135 2407 Apo·

242 2417 352 2451 stolici
375 2425 430 2449 aut
442 2415 612 2449 anterioris
632 2416 711 2449 facit
729 2415 935 2451 mentionem
949 2438 960 2454 ,
987 2414 1137 2457 adeoque

244 2467 387 2501 omnino
399 2466 519 2508 primus
539 2466 634 2498 omni
647 2465 810 2508 Episcopo
836 2464 1059 2503 (Economum
1080 2464 1139 2498 im-

243 2517 358 2561 ponit.
386 2515 443 2550 Ab
471 2515 531 2549 illo
543 2514 729 2550 institutum
754 2517 809 2549 seu
824 2514 917 2549 omni
942 2515 1139 2560 generaliter

245 2569 412 2611 Episcopo
435 2565 623 2609 impositum
645 2564 761 2599 diserte
786 2564 869 2600 dicit
892 2575 1006 2607 quarta
1033 2566 1138 2607 Syno-

246 2618 308 2652 dus
328 2615 517 2651 Toletana.
554 2613 711 2659 Vulgaris
742 2614 817 2649 sane
839 2614 1051 2658 Apostolicus
1076 2614 1136 2648 Ca·

247 2679 315 2702 non
338 2666 384 2701 est
411 2665 583 2710 Apostolis
604 2665 704 2710 longe
729 2664 913 2710 posterior,
933 2664 1139 2709 utpoteluci-

248 2717 288 2751 da
308 2717 451 2751 mixtura
473 2728 513 2750 ex
535 2714 600 2750 hoc
623 2716 737 2750 nostro
759 2727 796 2750 ac
819 2715 946 2750 duabus
970 2714 1141 2760 postremis

249 2765 488 2803 Antiochenis.
516 2766 645 2809 Septem
666 2767 897 2801 Diaconorum
920 2777 975 2808 per-
998 2765 1140 2809 Aposto-

250 2818 300 2852 los
335 2819 414 2851 faeta
441 2817 558 2854 electio
590 2815 762 2863 Episcopis
790 2817 886 2852 suasit
916 2815 1141 2858 OEconomos,

250 2879 320 2903 non
343 2867 530 2910 imperavit.

302 2916 417 2951 Altera
441 2917 573 2960 quaestio
586 2916 655 2957 est,
683 2916 740 2951 An
766 2916 970 2951 OEconomus
992 2915 1142 2952 debuerit

183 2979 189 2987 ·
251 2966 427 3002 necessario
446 2968 508 3002 esse
535 2966 710 3002 Clericus?
746 2965 946 3010 Respondet)
979 2965 1141 3001 debuisse.

252 3017 368 3052 Palam
399 3017 519 3060 quippe
552 3016 633 3052 dicit
667 3016 778 3051 noster
803 3017 947 3051 Canon:
988 3020 1035 3050 De
1060 3017 1145 3050 clera

249 3074 392 3111 proprio.
421 3068 463 3101 Et
485 3067 564 3102 hinc
575 3068 696 3103 Canon
709 3067 1145 3111 secundus-Dispensatorem

254 3129 343 3152 vetat
357 3120 462 3162 pretio
474 3119 573 3152 creari
588 3144 595 3151 .
626 3119 669 3154 Et
689 3118 1008 3162 secunda.synodus
1029 3118 1146 3161 Hispa·

261 3169 371 3202 lenfis.
401 3172 504 3201 Laicos
516 3170 704 3202 Divinarum
724 3180 822 3202 rerum
835 3173 1005 3205 oeconomos
1026 3168 1088 3202 esse
1099 3168 1147 3202 di-

259 3218 305 3251 cit
339 3228 439 3252 contra
470 3230 564 3251 mores
597 3219 826 3260 Ecclest‘asticos,
852 3220 886 3253 &
907 3217 1017 3253 addit.
1056 3216 1147 3262 Unus-

267 3266 387 3309 quisque
411 3267 576 3312 Episcopus
601 3266 761 3311 secundam
791 3269 1067 3312 Chakedonenfium
1087 3271 1148 3302 Pa-

261 3325 343 3349 rrum
356 3319 472 3351 decreta
495 3323 672 3361 ex'proprio
693 3320 780 3351 clero
801 3323 991 3352 oeconomum
1008 3318 1066 3361 fibi
1085 3329 1148 3353 con-

259 3365 381 3409 stimat.
409 3368 578 3401 Indecorum
600 3374 679 3402 enim
712 3367 749 3408 est
779 3369 888 3400 laicum
919 3369 968 3412 effe
994 3374 1148 3403 Virunum

264 3413 427 3458 Episcopi,
454 3417 487 3448 l&
507 3416 665 3459 saeculares
698 3423 730 3451 in
752 3417 879 3459 Ecclefia
904 3420 1065 3460 judicare.
1103 3420 1146 3454 Et

261 3465 348 3502 infra
371 3489 381 3498 .
413 3467 450 3499 ,δι’
483 3472 547 3508 quis
578 3468 742 3511 Episcopus
771 3467 890 3511 posthac
922 3469 1145 3512 Ecclcfiasticam

1184 3318 1366 3354 ·P-0nt'ifex
1381 3315 1572 3352 Gaudentio
1595 3316 1779 3352 Aufinienfi
1802 3314 1968 3356 Episcopo
1992 3311 2095 3348 solam

1204 252 1276 283 dam
1297 274 1308 289 ‚
1332 259 1365 284 ut
1386 262 1562 295 contemptor
1586 259 1745 291 Canonum
1769 260 1791 290 ἃ
1815 259 1929 301 Christo
1942 256 2096 302 >judicaba-

1204 310 1348 335 turreus.
1376 302 1562 338 Confirmat
1581 315 1697 346 quarta
1722 308 1877 351 Synodus
1903 310 2093 346 Tolera-na.
2109 308 2202 344 048·

1204 351 1330 387 Canxti
1357 352 1491 387 secundi
1533 355 1688 396 synodus
1710 357 1944 395 *Lateranenfis
1974 361 2095 397 exinde
2109 348 2181 384 04·

1203 402 1303 440 etiam
1333 402 1424 437 laicis
1455 402 1664 447 Principibus
1695 417 1734 441 ac
1759 409 1834 453 ipsis
1859 410 2010 457 Regibus
2036 411 2096 447 sub

1203 453 1362 498 sacrilegii
1383 463 1473 488 reatu
1497 454 1665 490 interdicit
1698 464 1835 495 ornnem
1856 463 1901 495 rei
1935 462 2093 497 Ecclesia-

1202 503 1289 537 sticae
1307 502 1626 540 administrationem
1649 514 1688 541 at:v
1709 506 1926 548 donationem
1952 525 1960 546 ε
2008 514 2093 561 Qae

1203 554 1360 591 violentia
1389 555 1567 592 Ecclesiam
1588 566 1669 591 tunc
1691 556 1764 592 dire
1785 560 1940 595 vexabat.
1968 563 2013 598 Et
2039 564 2094 598 ad-

1203 603 1300 639 dus-ta
1323 617 1379 648 per
1401 605 1628 649 Hispalensem
1655 619 1693 642 ac
1715 609 1919 644 Toletanam
1941 613 2093 655 Synodos

1203 655 1286 688 ratio
1308 655 1354 688 est
1377 657 1520 691 omnino
1540 658 1652 692 firma:
1680 658 1783 704 Qod
1813 671 1933 704 nempe
1953 662 2094 697 OEcono·

1202 705 1247 738 mi
1259 705 1319 738 sint
1333 705 1462 740 Vicarii
1474 707 1731 752 Episcoporum.
1758 709 1807 743 lta
1826 710 2011 756 Gregorius
2023 712 2097 747 Ma·

1201 767 1286 800 gnus
1311 755 1497 799 Apostolici
1518 757 1908 802 PatrimoniiRestores,
1932 762 2093 804 quierant

1201 806 1346 849 quaedam
1359 806 1573 842 Ecclesiastici
1587 808 1763 845 OEconomi
1774 811 1894 855 species
1910 837 1920 852 ‚
1941 813 1987 845 ait
1999 812 2094 857 fungi

1202 858 1273 890 vice
1295 856 1489 899 Apostolica
1509 857 1614 901 &pro
1624 859 1859 895 Ecclefiasticis
1871 862 2095 902 utilitatibus,

1200 907 1233 941 &
1255 918 1315 950 pro
1335 917 1513 951 pauperum
1533 907 1576 942 ab
1594 909 1689 944 omni
1702 912 1907 953 oppressione
1928 912 2096 947 vindican-
2126 926 2158 955 L,
2177 932 2202 953 1,
2216 923 2268 960 Ep.

1201 958 1320 991 dorum
1344 956 1604 992 necessitatibus.
1630 959 1758 994 Eorum
1784 962 1939 1004 potestati
1964 963 2091 998 suberat
2115 973 2159 1001 53·
2226 1001 2232 1006 ,

1200 1008 1312 1042 omnis
1322 1009 1448 1044 familia
1461 1009 1659 1046 Patrimonii
1670 1035 1677 1041 .
1690 1022 1695 1027 ·
1706 1009 1799 1045 Hinc
1811 1010 1851 1044 de
1864 1012 1999 1058 laudato
2010 1012 2096 1047 Pon·
2114 1007 2173 1039 L·⁷·
2184 999 2268 1040 31³st

1201 1058 1290 1092 tifice
1314 1058 1424 1093 scribit
1445 1058 1590 1103 Joannes
1610 1060 1786 1095 Diaconus
1802 1086 1809 1092 .
1835 1065 1935 1095 Nemo
1956 1065 2096 1097 laicorum
2115 1055 2159 1114 ζ’·
2172 1054 2217 1079 ⁵⁷'‘

1200 1108 1350 1152 quodlibet
1372 1110 1487 1143 Palam
1507 1110 1698 1151 ministerium
1719 1121 1772 1144 aut
1796 1111 2026 1154 Ecclefiasticum
2038 1116 2097 1147 Pa·
2137 1095 2172 1113 ἰ’
2185 1092 2212 1114 ε’
2225 1089 2270 1117 ¹5⁶

1199 1164 1371 1193 trimom'um
1387 1161 1588 1202 procurabat.
1616 1161 1661 1194 Et
1683 1161 1767 1195 infr&
1780 1186 1788 1194 .
1814 1167 1890 1196 Haet'
1908 1164 2100 1205 prudentiffi-

1200 1221 1265 1242 mus
1278 1213 1371 1243 Pater
1395 1215 1555 1255 Gregorius
1577 1222 1635 1244 non
1653 1210 1750 1256 saltim
1776 1218 1808 1245 in
1816 1206 1975 1254 Romana,
1996 1212 2098 1256 s‘ed&

1197 1269 1252 1302 per
1262 1259 1399 1303 diversas
1411 1260 1555 1303 Ecclefias
1576 1263 1797 1305 perpetualiter
1818 1259 2011 1306 observanda
2034 1275 2098 1296 cen-

1197 1310 1299 1354 sebat.
1330 1311 1436 1346 Unde
1447 1312 1637 1355 Januarium
1650 1312 2098 1356 calaritanumArehi-Epi-
2118 1309 2273 1350 1..7.EP³st·

1203 1364 1360 1405 scopum,
1388 1362 1537 1397 Ecclefiae
1556 1364 1620 1398 suae
1651 1362 1862 1401 Patrimonia
1895 1364 1988 1398 laicis
2013 1362 2100 1399 dele·
2123 1365 2181 1384 ¹00·

1201 1423 1334 1458 gantem
1346 1436 1358 1452 ,
1382 1412 1463 1446 dure
1474 1413 1656 1457 increpavit
1667 1437 1674 1445 .

1251 1463 1369 1497 Tertia
1381 1463 1515 1507 quaestio
1526 1463 1571 1498 est
1582 1489 1593 1504 ,
1621 1462 1654 1497 A
1664 1474 1732 1509 quo
1743 1462 1893 1498 debuerit
1905 1463 1985 1508 eligi
2005 1464 2100 1499 <Eco-

1205 1523 1324 1549 nomus
1338 1537 1348 1553 ,
1375 1512 1393 1547 a
1417 1513 1490 1548 solo
1514 1514 1704 1558 Episcopo,
1730 1526 1771 1548 an
1792 1514 1833 1553 ab
1852 1514 1953 1549 omni
1975 1514 2098 1548 Clero?

1202 1562 1400 1607 Respondeo
1420 1564 1526 1598 varlas
1549 1564 1584 1597 in
1603 1565 1701 1598 variis
1725 1563 1880 1611 Ecclesiis
1899 1564 1993 1599 fuisse
2017 1575 2098 1598 con-

1201 1613 1410 1654 suetudines,
1448 1613 1589 1657 ideoque
1611 1613 1630 1646 ὲ
1656 1615 1798 1649 Canone
1818 1615 1960 1654 nostro,
1985 1624 2098 1647 earum

1204 1662 1327 1697 nullam
1351 1662 1560 1707 improbante
1574 1687 1585 1704 ‚
1611 1661 1698 1699 nihil
1720 1664 1762 1697 de
1783 1662 1854 1698 hoc
1881 1665 2002 1706 pun-sto
2022 1662 2100 1697 defi-

1202 1713 1283 1747 niri.
1323 1710 1559 1749 Alexandrinae
1582 1712 1729 1749 Ecclefiae
1749 1713 1955 1748 OEconomus
1979 1713 1998 1746 a
2025 1723 2100 1747 toto

1201 1763 1302 1797 Clero
1324 1764 1389 1797 suit
1409 1765 1532 1806 semper
1553 1763 1692 1797 elenus.
1723 1763 1860 1797 Etenim
1883 1764 1951 1805 ejus
1966 1763 2100 1806 Episco-

1174 1816 1176 1819 '
1201 1824 1260 1856 pus
1279 1812 1455 1858 &grandis
1468 1813 1597 1847 Dostor
1607 1811 1822 1857 Theophilus
1841 1813 1924 1852 dicit
1945 1812 2098 1849 in‘Corn-

1202 1863 1406 1896 monitorio:
1433 1866 1535 1897 Totius
1565 1864 1765 1898 sacerdotalis
1788 1864 1915 1897 Grdnis
1944 1861 2097 1905 sententia

1200 1915 1278 1946 alius
1298 1918 1484 1953 renuncietur
1516 1918 1711 1946 oeconomus.
1749 1913 1794 1947 Et
1819 1911 1907 1948 hinc*
1923 1910 2097 1956 Ischyrion

1171 1979 1174 1988 ν
1199 1964 1340 2006 ejusdem
1351 1963 1501 1998 Ecclefiae
1531 1963 1726 2006 Diaconus,
1755 1964 1791 1998 in
1832 1963 1955 1999 libellis
1974 1964 2097 1998 Sancto

1200 2014 1308 2050 Leoni
1332 2013 1466 2059 Magno
1489 2026 1528 2049 ac
1549 2014 1690 2056 synodo
1712 2011 2096 2053 Chalcedonenfioexhi-
2154 2042 2158 2045 .

1200 2064 1298 2104 bitis,
1332 2065 1461 2099 accusat
1498 2064 1702 2108 Episcopum
1731 2065 1827 2098 suum
1858 2062 2069 2102 Diosmmm,
2083 2085 2101 2103 ,

1197 2115 1288 2159 quod
1314 2113 1500 2159 proterium
1533 2114 1758 2148 OEconomum
1790 2113 1878 2147 solus
1898 2110 2097 2154 tdejeoiffee,

1196 2165 1369 2208 aliumque
1393 2164 1482 2198 solus
1498 2163 1538 2196 'm
1558 2164 1627 2207 ejus
1637 2163 1750 2198 locum
1760 2162 2096 2206 imposuiflet.nEjus-
2115 2151 2176 2183 Ast·
2193 2161 2222 2189 3·

1173 2212 1177 2235 ί
1197 2215 1275 2249 dem
1297 2214 1455 2248 facinoris
1487 2213 1701 2258 AEgyptiacae
1723 2214 1911 2248 Dioeceseos
1934 2210 2094 2256 Episcopi

1198 2265 1352 2301 accusant
1384 2263 1609 2298 Timotheum
1645 2263 1831 2304 AElurum,
1856 2262 2004 2305 ejusdem
2029 2262 2091 2296 Ec-
2112 2269 2252 2310 aputu,

1199 2315 1506 2355 elesiaintrusum,
1532 2313 1569 2348 in
1595 2314 1712 2350 litteris
1732 2312 1772 2347 ad
1799 2313 1951 2350 Leonem
1976 2311 2094 2357 Augu-

1176 2405 1179 2410 ·
1199 2365 1308 2406 stum,
1331 2360 1536 2398 exstantibus
1557 2363 1628 2407 post
1641 2361 2095 2406 vsynodumChalcedonen-

1199 2417 1267 2450 sem
1279 2439 1289 2454 ‚
1314 2414 1485 2450 asserentes
1507 2413 1604 2447 illum
1624 2414 1725 2458 egisse
1735 2421 1837 2446 contra
1849 2414 2001 2456 Regulam
2031 2412 2095 2447 uti·-

1199 2477 1262 2510 que
1282 2465 1374 2502 istius
1403 2464 1570 2504 Ecclefiae,
1594 2472 1695 2506 atque
1713 2464 1756 2497 ita
1779 2473 1949 2506 promotos
1967 2462 2008 2496 ab
2031 2463 2095 2497 illo

1200 2526 1291 2550 novo
1311 2515 1512 2554 OEconomos
1534 2512 1701 2556 postulant
1721 2514 1942 2547 exauaorari.
1969 2513 2036 2549 Eos
2046 2512 2096 2547 di·-

1199 2573 1281 2601 cunt
1302 2576 1378 2601 cum·
1394 2565 1509 2606 Judict'o
1530 2565 1566 2598 &
1583 2562 1711 2607 finiaris
1735 2566 1819 2601 Cleri
1842 2561 1956 2605 consilio
1976 2567 2096 2607 *eligim-

1202 2618 1257 2649 dos
1269 2641 1276 2648 .
1966 2642 1969 2646 .
1989 2638 1991 2640 -
2062 2621 2065 2625 ’

1251 2665 1300 2704 At
1314 2663 1392 2700 vero
1402 2664 1436 2698 in
1448 2664 1591 2698 Ecclesia
1604 2663 1819 2699 Antiochena
1845 2674 1884 2697 ac
1896 2661 1993 2699 om-ni
2004 2661 2096 2698 Dioe·

1200 2717 1261 2750 cesi
1273 2714 1439 2751 Orientali
1453 2714 1657 2752 OEconomus
1672 2718 1795 2758 semper
1807 2715 1871 2750 fuit
1884 2713 1902 2747 a
1925 2712 1997 2746 solo
2019 2711 2098 2756 Epi«

1201 2768 1301 2810 scopo
1315 2765 1451 2799 elesius.
1478 2765 1615 2798 Etenim
1636 2764 1709 2798 lbas
1721 2764 1900 2798 Edeffenus
1923 2762 2098 2806 Metropo÷

1203 2817 1261 2850 lita
1284 2814 1544 2850 Ecclesiasticam
1569 2815 1782 2851 substantiam
1806 2813 1964 2857 deinceps
1974 2812 2097 2856 ,sjuxta

1203 2864 1352 2902 Ecclefiae
1365 2863 1587 2899 Antiochenae
1596 2875 1723 2899 morem
1734 2890 1745 2905 ‚
1763 2864 1928 2908 spondens
1938 2874 1994 2907 per
2003 2862 2097 2900 (Βεσ-

1205 2927 1325 2951 nomos
1352 2914 1602 2955 administrare,
1629 2914 1780 2949 addidit:
1808 2909 2097 2960 Ordinandosdsuae

1204 2964 1415 3011 Religiqfitate.
1444 2965 1666 3013 Qodipsum
1690 2965 1807 2998 Romae
1821 2989 1832 3005 ,
1859 2965 1895 3001 in
1918 2962 2014 2999 omni
2034 2962 2097 2996 Ita-

1204 3019 1269 3057 lia,
1295 3016 1458 3059 Hispania
1473 3040 1484 3056 ‚
1509 3027 1548 3053 ac
1562 3016 1672 3051 Gallia
1685 3016 1748 3051 fuit
1761 3015 1963 3051 observatum
1976 3038 1983 3045 .
2019 3012 2096 3049 Επε-

1205 3068 1275 3102 nim
1297 3067 1430 3105 Sanetus
1443 3065 1622 3110 Gregorius
1641 3066 1789 3111 Magnus
1810 3064 1997 3100 Anthemio
2019 3061 2096 3098 sub·

1206 3118 1351 3152 diacono
1365 3139 1376 3155 ,
1402 3115 1774 3160 Campanisspatritnonii
1786 3115 1919 3153 Restori
1931 3112 2072 3150 *mandat
2082 3135 2094 3150 ‚

1206 3166 1366 3212 quatenus
1395 3165 1822 3211 PaschasiumEpischum
1847 3172 1946 3209 cogat
1971 3162 2012 3196 ad
2035 3161 2096 3197 sta·

1206 3217 1368 3253 tuendum
1389 3217 1448 3252 fibi
1478 3216 1767 3254 Vice-Dominum
1781 3241 1793 3258 ‚
1815 3210 2007 3251 amente,
2033 3211 2095 3245 illo

1208 3269 1398 3314 negligente
1410 3291 1420 3308 ,
1447 3267 1527 3312 eligi
1547 3267 1646 3303 faciat
1662 3269 1680 3302 a
1702 3267 1820 3302 Clerot
1843 3262 1892 3298 Ita
1908 3260 2096 3305 Simplicius

2114 3191 2133 3219 L
2145 3202 2174 3227 9.
2186 3189 2269 3229 Epist.

2112 3235 2160 3260 66.

1208 3379 1357 3413 quartam
1379 3368 1608 3411 Episcopalem
1632 3366 1806 3412 regendam
1834 3362 2096 3407 permisit-‚treli-
2113 3342 2234 3383 Epist,3.

1207 3427 1287 3464 quas
1297 3431 1361 3454 tres
1375 3418 1603 3453 Ecclefiasticae
1614 3416 1795 3453 substantiae
1809 3413 1982 3458 portiones
1991 3408 2097 3447 a‘usto-

1207 3469 1528 3518 titateJApostolica
1550 3469 1596 3504 ob
1612 3467 1756 3505 rationes
1774 3464 1942 3510 'delegavit
1959 3475 2096 3500 oecono·
2113 3460 2186 3499 Cap·
2215 3462 2246 3499 9;

1949 3516 1960 3542 '.
1974 3514 2047 3551 miae
2115 3502 2205 3535 C.48.
