2340 3736
74 2845 160 2887 Epist.
184 2850 210 2877 ε.

600 114 684 158 AD
720 111 1005 157 SYNODUM
1039 111 1646 158 CHALCEDONENSEM.

246 201 425 243 clausulam
445 199 528 235 sexti
548 197 697 233 canonis
717 198 865 232 Nicaeni:
893 199 958 231 Suis
967 197 1132 240 privilegia

244 251 403 296 servemur
413 249 546 291 Ecclqfiis
555 273 563 280 .
583 248 627 283 Et
640 248 856 292 gloriofiffimi
869 248 992 291 judices
1004 248 1132 289 respon-

247 302 365 337 demur
378 315 386 334 :
406 303 437 336 58
448 309 511 333 tota
519 298 696 342 sandltffima
710 300 836 338 synodus
845 297 984 342 consentit
991 301 1132 339 petitioni

246 355 379 394 Cecropii
390 348 548 395 Episcopi,
574 351 696 383 doceat.
723 349 767 384 Et
790 349 900 383 omnis
920 347 1074 390 Synodus
1085 357 1133 379 ac-

246 401 421 437 clamavit:
447 404 556 433 Omnes
579 400 683 433 eadem
701 400 844 435 dicimur.
872 395 1018 439 Universa
1041 399 1133 439 Prag-

248 456 360 485 matica
377 450 524 493 ceffabunt
544 474 551 482 .
577 450 700 494 Regulae
721 457 859 483 teneant.
887 450 933 479 Et
951 446 1003 479 boc
1021 445 1133 479 anobis

247 500 324 544 fiat.
353 500 399 534 Et
420 499 554 545 gloriosi
576 499 718 542 judices:
744 503 799 532 Ex
806 497 957 541 sententia
962 494 1078 539 sanc‘lae
1089 497 1134 534 sy-

248 552 321 585 nodi
341 556 374 584 in
396 551 465 584 alm
485 561 598 593 quoque
622 545 755 582 omnibus
782 550 955 581 Provinciis
975 546 1081 591 regulae
1093 555 1134 579 te-

248 602 358 635 ne‘ant.
388 601 432 635 Et
445 600 585 635 iterum:
612 602 660 632 De
670 598 776 639 quibus
787 598 966 631 interlocutio
969 595 1059 638 fac‘la
1073 595 1110 635 est
1124 620 1134 635 ‚

246 649 363 692 ffillui
389 649 630 684 mandabantur.
658 646 706 684 At
730 647 788 682 ille
813 647 881 681 dies
907 647 1028 682 Graecis
1054 657 1135 679 nun-

251 711 352 745 quam
363 699 474 735 illuxit
486 725 492 731 .

299 750 464 794 Deinceps
484 750 503 784 a
513 749 670 793 Principe
679 757 747 782 non
759 747 841 792 erigi
857 759 956 782 novas
969 747 1067 782 solius
1080 758 1131 781 no>

249 799 351 836 minis
371 798 569 843 metropoles
591 809 798 843 nequaquam
820 798 1000 842 Cecropius
1020 797 1135 841 petiit,

249 859 307 884 aut
326 848 480 892 Synodus
500 848 610 883 nostra
631 849 764 883 statuit.
792 849 927 882 Etenim
952 847 1011 881 hac
1025 848 1089 890 ipsa
1100 847 1134 880 in

250 898 391 943 synodo
413 898 605 933 Marcianus
628 897 796 942 Augustus
815 898 850 931 in
862 896 1018 941 ejusmodi
1031 896 1137 930 hono-

247 960 318 984 rem
337 948 450 982 evexit
469 950 636 984 civitatem
657 948 980 983 Chalcedonensem.
1011 947 1054 980 Et·
1063 957 1136 980 eam

247 997 444 1044 potestatem
464 998 582 1034 diserte
605 1011 643 1033 ac
653 999 850 1044 generaliter
858 996 1070 1031 duodecimus
1082 1008 1137 1030 no-

249 1049 320 1083 stra:
341 1047 471 1090 synodi
494 1050 613 1084 Canon
636 1048 783 1092 Principi
808 1046 961 1083 adscribit
983 1073 990 1080 .
1017 1047 1136 1081 ,Cecro-

250 1099 324 1142 pius
349 1098 431 1143 ergo
458 1099 545 1134 sacra
572 1100 778 1145 pragmatica
800 1097 983 1142 ‘postulavit
1014 1096 1136 1140 duplici

249 1149 407 1192 deinceps
426 1150 539 1184 effectu
562 1150 598 1184 ὅτ.
618 1150 739 1184 virtute
759 1149 900 1191 privari.
928 1147 1042 1182 Primo
1063 1171 1075 1187 ‚
1101 1155 1137 1179 ut

249 1197 358 1233 eidem
380 1199 522 1234 civiliter
545 1211 613 1233 non
634 1200 742 1235 divisae
764 1198 946 1234 Provinciae
971 1198 1138 1241 imponere

249 1259 322 1283 non
334 1258 455 1292 queant
467 1249 549 1283 duas
561 1248 659 1283 reales
669 1248 909 1284 Ecclesiasticas
919 1245 1116 1290 metropoles
1127 1270 1138 1285 ,

248 1298 306 1332 seu
315 1297 394 1334 duas
405 1299 663 1342 metropoliticas
675 1298 867 1342 potestates.
894 1294 1044 1332 Secundo
1066 1320 1076 1335 ,
1102 1305 1138 1329 ut

250 1345 338 1382 istud
359 1348 466 1392 ipsum
489 1359 559 1382 non
582 1348 701 1392 possint
727 1347 827 1382 etiam
847 1359 904 1390 per
915 1346 1051 1381 civilem
1061 1344 1140 1379 Pro-

252 1397 366 1431 vinciae
387 1398 599 1434 divisionem.
628 1398 672 1432 Et
682 1398 752 1441 jure
765 1398 882 1432 merito
896 1423 903 1429 .
931 1397 1066 1431 Etenim
1078 1396 1139 1439 pri-

250 1459 344 1482 mum
375 1456 490 1492 quarto
513 1448 654 1482 Nicaeno
675 1448 808 1485 Canoni
830 1447 938 1495 palam
959 1458 1140 1492 repugnat,

250 1497 421 1542 ipsumque
446 1498 593 1533 Ecclesia
619 1509 790 1542 nunquam
818 1496 972 1532 toleravit
998 1523 1006 1530 .
1035 1497 1137 1543 Qod

249 1548 350 1582 etiam
369 1548 550 1583 secundum
571 1550 744 1583 excusserit
755 1556 830 1582 ante
842 1549 1025 1592 praesentem
1035 1547 1140 1590 Syno-

251 1597 332 1634 dum
355 1620 367 1636 ,
403 1598 474 1632 dixi
500 1599 536 1632 in
562 1598 644 1632 locis
669 1598 815 1642 pluribus
836 1622 848 1638 ,
884 1599 918 1632 &
942 1596 1138 1633 monstravi.

250 1648 395 1690 Oportet
416 1658 563 1691 tempora
584 1647 764 1693 distingui.
792 1648 912 1682 Primis
933 1648 1084 1682 Ecclesiae
1094 1647 1140 1680 sae·

250 1697 334 1732 culis
369 1697 482 1732 Patres
515 1697 615 1732 nostri
640 1699 826 1742 oppositum
847 1697 989 1732 omnino
1008 1697 1142 1731 admise-

250 1756 329 1781 runt
347 1771 354 1779 .
392 1748 529 1782 Etenim
555 1746 726 1782 Phaeniciae
746 1771 758 1789 ,
784 1749 883 1792 Syriae
905 1772 916 1788 ‚
936 1746 1141 1789 Palestinae,

248 1797 353 1832 Ponti
376 1820 387 1836 ,
415 1796 554 1831 Galatia:
575 1821 585 1837 ‚
619 1797 745 1832 Ciliciae
767 1809 823 1840 per
845 1797 950 1831 varios
973 1797 1151 1841 Augustos,

251 1847 335 1883 facta
347 1845 466 1880 divifio
476 1846 722 1880 Damascenum
737 1871 747 1887 ‚
775 1847 1011 1890 Apameensem
1021 1871 1031 1887 ‚
1043 1845 1140 1889 Schy-

252 1896 477 1940 ropolitanum
497 1922 508 1938 ‚
536 1896 859 1931 Neo-Caesareensem
883 1922 893 1938 ,
920 1896 1142 1936 Peffinuntis.,

252 1958 291 1984 nc
315 1945 486 1981 Anazarbi
510 1946 690 1990 Episcopos
702 1958 782 1981 mox
793 1946 997 1982 exaltavitin
1018 1947 1142 1981 Metro-

254 1996 374 2039 politas
393 2021 402 2028 .
428 1997 581 2031 sanetum
609 1996 806 2041 Gregorium
828 1996 1143 2042 Thaumaturgum‚

252 2045 398 2089 primum
415 2044 658 2081 Neo-Caesareae
670 2047 868 2091 Episcopum
881 2071 891 2087 ,
919 2047 1010 2089 cujus
1027 2048 1142 2082 succes-

253 2095 369 2130 soresa
387 2095 579 2130 Caesareenfi
601 2096 636 2129 in
660 2096 871 2140 Cappadocia
884 2098 1069 2141 Episcopo,
1094 2107 1143 2131 to-

252 2146 319 2179 tius
330 2146 477 2179 Ponticae
488 2144 664 2180 dioeceseos
674 2146 818 2181 Primate
830 2171 841 2187 ,
867 2148 998 2181 fuerunt
1016 2147 1143 2181 ordina-

255 2196 302 2236 ti,
329 2194 520 2230 ordinatum
531 2196 623 2230 fuisse
633 2197 652 2230 a
663 2198 782 2231 Sando
793 2195 963 2231 Phaedimo
977 2196 1142 2231 Amaseno

254 2245 444 2289 Episcopo,
473 2245 583 2280 scribit
606 2246 640 2280 in
664 2245 753 2281 illius
776 2247 842 2281 vita
865 2247 999 2281 Sandius
1019 2247 1143 2291 Grego-

253 2295 320 2330 rius
343 2295 513 2338 Nyssenus
527 2309 537 2329 .-
565 2296 669 2342 Quod
697 2307 814 2341 nempe
833 2297 981 2331 Pontum
1004 2297 1143 2330 necdum

252 2344 295 2379 ad
318 2345 430 2379 matris
450 2345 632 2380 Helenae&
645 2345 836 2381 Polemonis
846 2346 950 2392 Regis
961 2358 1142 2390 perpetuam

251 2397 448 2432 memoriam
469 2395 714 2430 Constantinus
725 2397 872 2441 Magnus
884 2399 918 2431 in
930 2397 1143 2441 Helenopon-

252 2454 325 2479 tum
335 2457 371 2479 ac
392 2444 543 2479 Pontum
565 2444 838 2491 Polemoniacum
851 2447 1000 2482 divififfet
1014 2472 1024 2488 ,
1049 2445 1144 2482 aded-

252 2505 317 2536 que
339 2493 526 2529 Amasenus
547 2493 727 2538 Episcopus
746 2496 848 2531 totius
870 2496 1053 2531 Provincia:
1064 2508 1144 2531 tunc

251 2546 330 2579 esset
351 2543 589 2586 Metropolita.
617 2542 674 2578 Ab
694 2544 752 2580 ista
766 2546 854 2589 prius
873 2546 1034 2581 divisione
1044 2548 1142 2591 coepit

253 2592 554 2630 Neo-Caesateensis
576 2617 588 2633 ,
624 2594 740 2637 utpote
774 2606 881 2629 novus
907 2596 1143 2640 Metropolita,

250 2654 310 2686 per
328 2643 565 2678 caesareensem
585 2645 765 2679 consecrari
779 2669 786 2676 .
814 2645 926 2679 Etiam
939 2646 1144 2690 Lycaoniaea

252 2691 375 2728 Pisidia
395 2692 508 2728 divisae
530 2691 637 2727 statim
659 2693 753 2728 fuisse
777 2695 870 2729 suum
892 2696 1143 2740 Metropolitam

250 2742 462 2777 iconiensem
482 2741 592 2776 scribit
613 2743 653 2778 ad
678 2745 830 2781 Sanctum
845 2746 1021 2780 Eusebium
1034 2747 1145 2781 Sarno-

250 2794 410 2828 satensem
434 2791 637 2837 Episcopum
661 2794 792 2830 Sanctus
822 2795 958 2830 Basilius
980 2798 1142 2842 Magnus.

249 2842 377 2878 Eadem
398 2843 636 2887 sorma.viguit
661 2844 695 2877 δε
717 2846 751 2879 in
773 2845 975 2880 Occidente.
1005 2847 1143 2892 Belgicae

249 2892 366 2927 nostrae
398 2892 518 2926 divisio
540 2891 735 2931 Remeusem
757 2896 915 2930 exaltavit
944 2897 1142 2937 Ecclesiam,

248 2944 283 2977 <Sc
309 2943 404 2976 matri
434 2941 626 2979 Treverenfi
654 2945 732 2978 fecit
765 2947 903 2980 sororem
930 2958 1138 2992 germanam.

250 2991 485 3037 Lugdunensis
525 2992 703 3028 Provincia
739 2995 801 3030 fuit
837 2997 921 3030 olim
948 2998 1137 3032 vastissima:

250 3043 332 3085 Ejus
358 3044 393 3076 in
420 3050 567 3085 quatuor
591 3044 724 3079 sectioni
751 3047 1025 3090 metropoliticam
1052 3050 1141 3083 suam

251 3092 445 3137 potestatem
471 3090 596 3126 debent
624 3094 778 3138 Episcopi
806 3096 1010 3132 Turonensis
1037 3123 1047 3139 ,
1074 3100 1141 3133 Ro-

250 3141 492 3186 thomagensis‚
519 3152 556 3176 ac
568 3143 780 3178 Senonenfis.
808 3146 930 3180 Exillo
948 3149 1139 3183 fundamen-

250 3204 289 3227 to
328 3192 513 3236 Gregorius
538 3192 691 3235 septimus
717 3195 973 3240 Lugdunensem
1001 3209 1141 3242 quatuor

251 3242 387 3278 istarum
396 3241 649 3277 Provinciarum
661 3244 747 3287 juffit
758 3246 820 3279 effe
830 3246 1022 3281 primatem:
1037 3248 1140 3295 Qod

253 3303 372 3336 nempe
392 3301 511 3328 omnes
532 3303 643 3326 earum
666 3293 819 3338 Episcopi
838 3297 920 3331 olim
934 3297 1023 3331 istius
1035 3299 1140 3332 suffra-

255 3343 352 3386 ganei
374 3342 506 3376 fuissent
535 3367 542 3374 .
569 3342 842 3379 Mauritaniarum
869 3371 879 3386 ,
919 3347 952 3380 &
972 3347 1102 3390 Byzacii
1124 3350 1141 3382 a

256 3391 419 3428 Numidia
439 3402 495 3436 por
516 3392 772 3429 Constantinum
797 3395 875 3429 fasta
896 3395 1013 3430 divisio
1032 3398 1143 3432 multi-

257 3442 392 3487 plicavit
413 3443 512 3480 etiam
533 3444 568 3479 in
594 3443 705 3480 Africa
721 3445 895 3481 Primates.
924 3445 973 3481 Ita
994 3447 1086 3485 suiffe
1097 3449 1142 3482 vi·

368 3489 644 3537 chrss.1aspioper.
660 3498 774 3528 TomJl.

1196 193 1288 228 detur
1299 194 1397 237 usque
1410 193 1450 227 ad
1463 192 1638 229 Valentem
1650 194 1836 241 Augustum
1849 215 1859 240 ⁴,
1886 202 1943 245 qui
1965 214 2005 237 ex
2015 195 2085 236 hat-²

1197 245 1298 278 retico
1315 243 1422 278 Sansti
1434 243 1540 277 Basilii
1552 243 1631 279 odio
1644 247 1887 290 Cappadociam
1897 251 1996 286 secuit
2007 275 2017 290 ‚
2042 254 2076 286 δε

1196 295 1245 328 illi
1267 292 1482 328 adversarium
1503 294 1666 329 suscitavit
1689 297 1940 341 Metropolitam
1961 301 2079 347 Thya-

1198 345 1346 379 nensem.
1373 344 1452 390 Qo
1473 341 1542 378 haec
1562 344 1694 378 tendere
1719 349 1845 389 possent
1865 350 2078 384 consideravit

1195 404 1276 429 tunc
1298 394 1439 429 Ecclesia
1451 419 1462 435 ,
1488 395 1522 428 δε
1538 393 1631 427 istam
1646 393 1802 439 Augustis
1814 398 2020 444 Principibus
2032 400 2081 433 in-

1196 444 1321 479 dultam
1340 445 1439 489 usque
1461 442 1526 478 huc
1548 443 1739 487 potestatem
1767 449 1915 484 castravit
1939 474 1950 490 ‚
1976 448 2088 483 immo

1183 495 1372 529 exstinxit.
1398 494 1580 529 Indulserat
1606 493 1650 531 ob
1678 506 1880 539 paganorum
1908 500 2080 542 praesertim

1199 545 1391 589 Principum
1411 545 1640 579 reverentiam:
1670 545 1724 579 Ne
1738 545 1894 581 Romanae
1915 549 2087 593 Reipublia

1197 607 1241 628 cae
1266 597 1406 629 formam
1433 594 1615 639 improbare
1641 595 1803 630 videretur
1828 608 1884 629 aut
1917 600 2080 639 spernere.

1199 643 1273 681 Scio
1294 645 1475 679 Provinciae
1499 645 1690 680 Honoriadi
1705 669 1715 686 ,
1741 657 1782 679 ex
1802 645 2082 688 Bythiniae&Pa-

1200 693 1385 740 phlagoniae
1412 695 1557 737 partibus
1583 695 1821 730 dismembratis
1845 707 1902 739 per
1922 696 2090 740 Theodw,

1198 745 1280 779 sium
1299 744 1487 789 Augustum
1508 747 1543 779 in
1555 746 1702 780 Honorii
1714 746 1774 779 filii
1786 745 1950 780 honorem
1965 749 2084 781 confla-

1198 805 1237 828 tae
1262 818 1274 834 ,
1299 796 1391 829 suum
1418 796 1520 829 etiam
1544 805 1625 828 mox
1652 795 1808 830 emersisse
1832 797 2084 840 Metropolitam

1203 845 1400 889 Episcopum
1423 859 1434 878 :
1462 844 1573 879 Plures
1593 844 1650 879 ille
1670 870 1681 887 ,
1707 846 1741 879 in
1767 846 1883 890 quibus
1906 857 1985 880 mox
2007 847 2093 880 novi*

1199 905 1414 938 apparuerunt
1440 895 1661 939 Metropolitae
1687 919 1698 935 ‚
1733 896 1940 931 Provincias
1959 897 2086 931 divisit.

1201 946 1254 979 Ex
1273 946 1371 980 causis
1393 945 1534 981 Ecclesia
1554 944 1779 980 disiimulavit.
1805 945 1986 981 ‚Adversam
1999 958 2089 991 regu-

1201 995 1266 1029 lam
1278 996 1350 1039 quis
1361 995 1499 1030 ediderit
1510 1021 1521 1037 ‚
1547 995 1669 1041 ignoro
1683 1009 1694 1029 .·
1714 995 1941 1042 propagarunt
1953 998 2091 1032 Sanstus

1202 1045 1333 1080 Basilius
1344 1046 1491 1091 Magnus
1500 1047 1536 1081 dt
1559 1047 1695 1081 Sanctus
1705 1046 1862 1081 Pontifex
1873 1046 2088 1082 Innocentius

1202 1096 1341 1137 primus,
1366 1095 1541 1140 nostraque
1565 1096 1699 1130 tandem
1721 1097 1875 1141 Synodus
1897 1098 1939 1132 ad
1950 1108 2089 1132 omnem

1205 1144 1379 1179 Ecclesiam
1402 1146 1567 1180 extendit.
1594 1147 1640 1180 Et
1660 1145 1740 1181 hinc
1760 1144 1959 1192 Justinianu's
1975 1147 2100 1192 Augw.

1202 1194 1289 1234 stus,*
1310 1195 1390 1230 dum
1416 1195 1519 1230 varias
1544 1195 1739 1231 Provincias
1765 1198 1800 1231 in
1826 1198 1927 1232 aliam
1952 1198 2093 1232 civilem*

1201 1246 1340 1278 formam
1351 1245 1546 1288 transposuit
1555 1270 1566 1286 ,
1592 1248 1801 1290 transponere
1811 1259 1880 1283 non
1893 1247 2094 1291 praesumpsit

1203 1295 1335 1337 antiqua
1344 1295 1415 1338 jura
1425 1294 1662 1340 Episcoporum
1675 1296 1965 1341 Metropolitanum
1980 1323 1986 1330 .
2003 1298 2092 1345 Qa-

1203 1356 1236 1379 re
1256 1344 1361 1379 Graeci
1381 1344 1605 1386 schismatici,
1633 1357 1768 1381 omnem
1793 1347 2091 1382 Ecclesiasticarum

1204 1394 1432 1439 metropoleon
1444 1420 1455 1435 ,
1474 1393 1729 1429 provinciarum
1748 1421 1759 1436 ,
1787 1398 1913 1430 sedium
1935 1422 1946 1437 ‚
1971 1397 2089 1431 dioeee-

1205 1446 1282 1479 seon
1305 1444 1538 1480 mutandarum
1561 1445 1755 1489 potestatem
1768 1446 2093 1490 permittentesPrin-

1207 1495 1270 1539 cipi
1285 1519 1295 1535 ,
1321 1496 1339 1529 ὲ
1352 1494 1487 1529 Patrum
1500 1495 1643 1540 vestigiis
1653 1494 1838 1540 longiffime
1850 1496 2021 1532 deviarunt
2032 1523 2039 1529 .

1441 1777 1742 1830 ACTIO
1812 1781 1869 1829 V.

1314 1947 1433 1982 Uintas
1453 1947 1588 1982 Affloni
1603 1973 1615 1990 ‚
1641 1949 1731 1983 faetae
1741 1948 1919 1984 undecimo
1931 1947 2094 1984 Kalendas

1328 1996 1535 2032 Novembres
1546 2023 1556 2038 ‚
1582 1997 1622 2033 ad
1632 2000 1932 2044 gloriosissimorum
1946 2000 2094 2043 judicum

1344 2048 1640 2082 interlocutionem
1686 2049 1897 2092 Asclepiades
1943 2045 2093 2085 Ecclesiae

1209 2097 1584 2141 Constantinopolitanae
1607 2098 1781 2132 Diaconus
1810 2100 1952 2144 praelegit
1975 2112 2095 2134 conce-

1209 2158 1297 2191 ptam
1324 2147 1401 2181 fidei
1428 2147 1658 2182 definitionem
1678 2172 1688 2188 ,
1714 2148 1755 2182 de
1781 2161 1846 2192 qua
1872 2150 2094 2193 Synodalium

1181 2233 1186 2240 ,
1209 2199 1368 2232 Λᾶοτυιῃ
1399 2198 1556 2242 Digestor
1577 2222 1588 2238 ,
1620 2202 1702 2231 Eam
1726 2198 1883 2242 Eplfcopis
1905 2212 1962 2233 non
1981 2202 2095 2242 placuit

1209 2246 1300 2286 Gestis
1325 2246 1454 2291 inserere
1479 2272 1485 2279 .
1522 2247 1651 2281 Primus
1676 2260 1791 2282 contra
1819 2261 1891 2284 eam
1919 2250 2092 2285 intercessit

1212 2298 1353 2340 Joannes
1373 2298 1645 2332 Germaniciensis
1657 2299 1697 2332 ad
1711 2300 1879 2336 Eufratem
1892 2301 2071 2344 Episcopus
2083 2315 2091 2333 ι

1211 2352 1282 2385 Non
1303 2347 1375 2382 bene
1399 2347 1491 2381 habet
1514 2349 1667 2390 definitio,
1687 2348 1747 2392 sed
1769 2350 1853 2386 debet
1874 2353 1988 2394 integr?
2003 2351 2090 2393 ficri.

1212 2399 1259 2431 At
1294 2396 1372 2432 vero
1405 2409 1513 2440 praeter
1540 2399 1713 2433 Romanos
1739 2400 1881 2444 Legatos
1906 2402 1938 2435 ὃς
1965 2402 2093 2444 aliquot

1211 2447 1397 2483 Orientales
1409 2447 1589 2492 Episcopos
1599 2450 1703 2483 caeteri
1719 2450 1902 2485 clamarunt
1915 2464 1921 2483 :
1951 2452 2093 2494 Definitio

1210 2498 1342 2531 omnibus
1357 2499 1460 2540 placet
1482 2523 1488 2530 .
1517 2504 1592 2532 Haec
1611 2499 1689 2540 fides
1713 2502 1839 2532 Panum
1860 2527 1866 2533 .
1895 2504 1960 2544 ,Qui
1977 2510 2091 2543 praeter

1210 2546 1353 2591 istasaplt
1365 2572 1375 2587 ,
1401 2547 1555 2586 haeretuus
1567 2549 1606 2589 est
1619 2574 1626 2580 .
1637 2551 1701 2592 ‚Qui
1713 2550 1801 2583 aliter
1808 2549 1893 2593 sapit
1906 2575 1915 2589 ‚
1927 2551 2091 2584 anathema

1202 2597 1261 2639 fit.
1289 2597 1479 2638 Nestorianos
1499 2603 1585 2632 mitte
1594 2598 1704 2640 foras.
1731 2602 1799 2631 Haec
1810 2600 1945 2642 definitio
1955 2601 2090 2644 omnibus

1204 2649 1303 2690 placet
1317 2673 1324 2679 .
1351 2647 1462 2680 SanHa
1485 2651 1586 2681 Maria
1605 2648 1756 2683 Theotocos
1772 2648 1920 2693 siribatur
1932 2665 1943 2684 .·
1968 2655 2005 2685 In
2018 2654 2094 2690 sym-

1209 2699 1270 2730 bolo
1280 2697 1320 2739 fic
1342 2698 1494 2730 addatur.
1521 2700 1614 2732 FaCla
1641 2699 1685 2733 est
1700 2698 1780 2733 dura
1791 2702 1964 2735 contentio
1979 2727 1986 2733 .
2014 2702 2092 2745 Ejus

1208 2749 1336 2782 causam
1357 2747 1432 2781 audi
1454 2748 1471 2781 a
1494 2748 1644 2792 gloriosis
1665 2749 1850 2792 judicibus.-
1878 2750 2032 2795 Dioscmus
2045 2755 2093 2786 di-

1207 2797 1290 2832 cebat
1310 2805 1431 2840 propter
1456 2797 1508 2831 boc
1526 2797 1561 2841 se
1585 2799 1735 2843 damnasse
1761 2802 1950 2835 Flavianum
1975 2827 1985 2843 ‚
2021 2809 2094 2845 qum

1209 2847 1344 2882 DUAS
1366 2847 1613 2883 NATURAS
1634 2851 1813 2894 ajebateffe3
1841 2852 2090 2895 definitioautem,

1209 2898 1272 2931 EX
1294 2897 1503 2933 DUABUS
1526 2899 1751 2935 NATURIS
1769 2900 1878 2935 habet.
1907 2903 2088 2940 Etiterum:

1208 2947 1360 2991 Dioscorus
1372 2948 1487 2982 dicebat
1498 2973 1510 2990 ,
1537 2949 1687 2995 QUOD
1710 2950 1772 2983 EX
1785 2952 1995 2989 DUABUS
2006 2953 2091 2987 NA-

1206 2998 1359 3033 TURIS
1382 2998 1494 3043 EST,
1513 2996 1657 3041 suscipio,
1685 3001 1762 3034 duas
1781 3014 1838 3035 mm
1844 3001 1989 3046 sufiip103
2016 3007 2091 3037 san-

1205 3048 1339 3088 c‘liffimus
1360 3058 1459 3081 autem
1483 3048 1747 3093 Archi-Episcopus
1772 3056 1831 3087 Leo
1847 3053 1984 3088 DUAS
2006 3054 2041 3086 N
2045 3054 2090 3087 A*

1206 3097 1380 3132 TURAS
1398 3099 1472 3130 dien
1481 3099 1532 3141 effe
1543 3103 1576 3131 in
1587 3099 1703 3139 Christo
1713 3108 1816 3136 unitas
1827 3125 1838 3142 ‚
1862 3114 1920 3136 uno
1941 3109 2090 3147 unigenito

1208 3148 1285 3181 Filio
1298 3171 1308 3187 ,
1335 3148 1493 3182 salvatore
1519 3147 1611 3189 nostro
1636 3175 1644 3181 .
1671 3152 1772 3194 ,Quem
1796 3158 1889 3197 igitur
1907 3152 2090 3197 sequimini?

1206 3197 1415 3237 sanae‘hffimum
1441 3200 1567 3232 Leonem
1583 3223 1594 3239 ‚
1620 3209 1673 3233 aut
1699 3201 1867 3246 Diofisorum
1894 3204 1910 3234 ,ἓ
1936 3204 2087 3242 Vocem,

1211 3252 1289 3280 Duas
1305 3256 1432 3281 naturas
1443 3270 1454 3286 ‚
1479 3247 1565 3291 apud
1586 3249 1853 3293 Eutychianistas
1866 3252 1907 3286 de
1920 3252 2089 3290 Nestoria·

1207 3298 1312 3331 nismo
1335 3299 1510 3341 suspectam
1532 3299 1706 3335 omittebat
1723 3327 1734 3342 ‚
1760 3313 1878 3337 vocem
1899 3302 1976 3338 vero
1995 3326 2006 3342 ‚
2030 3307 2084 3339 Ex

1205 3348 1320 3380 duabus
1348 3354 1486 3388 naturis,
1513 3349 1562 3382 uti
1588 3350 1675 3393 apud
1702 3351 1918 3388 Nestorianos
1938 3377 1950 3394 ‚
1977 3352 2022 3388 ita
2052 3354 2087 3388 &

1205 3398 1290 3441 apud
1326 3396 1543 3433 Orthodoxos
1569 3400 1611 3433 de
1648 3399 1835 3443 Eutychete
1859 3404 1894 3438 dc
1920 3404 2088 3438 Dioscoro

1207 3448 1380 3491 suspestam
1399 3448 1616 3485 canonizabat
1637 3449 1809 3494 definitio,
1834 3463 1933 3498 atque
1960 3454 2005 3487 ita
2017 3453 2089 3489 infi-

1640 3499 1680 3534 M
1704 3510 1739 3535 m
1932 3503 2040 3552 gniter
