2340 3736
330 137 452 189 ,134
721 123 1332 187 an'riGnNtRALrs
1370 126 1668 172 CONCILII

282 202 424 240 docuiss'e
439 207 650 252 fateturapud
674 207 831 244 photium
845 210 877 243 in
893 207 1094 243 Bibliotheca
1120 210 1168 242 in·
1211 216 1215 246 ι
1233 221 1268 240 ra
1281 207 1333 247 rfla
1351 211 1495 252 relegatas
1504 212 1584 244 luere
1602 220 1711 253 poenas
1738 218 1882 254 antiqun
1906 220 2114 255 peccaterum,

279 256 436 299 cognitus
447 257 474 292 A
481 259 637 304 pol'ogus.
658 258 869 306 Qiisirnmo
879 258 961 301 apud
973 260 1166 293 Facundum
1230 259 1267 291 (ν
1287 260 1407 299 corpori:
1424 259 1600 293 credentiam
1619 273 1677 294 non
1699 264 1815 304 'templa
1835 262 1887 305 effe
1907 262 2036 303 Christi,
2049 259 2120 306 Zfid'

281 304 554 343 Hermianensem
579 310 792 344 Domitianus
813 309 963 350 Ancyrae.
987 307 1166 351 Episcopus
1227 318 1356 344 carceres
1378 309 1607 343 damnatorum.
1633 312 1841 355 ·,‚Qu0dcorpus
1860 314 1907 345 πᾶ
1919 319 2053 345 animam
2077 318 2114 345 in

259 365 319 392 ,ac
328 357 436 402 primae
448 358 584 394 Galatiae
604 358 822 402 Metropolita
836 359 960 402 dogma
980 356 1046 391 hoc
1057 381 1069 399 ,
1095 358 1167 391 scri·
1226 356 1260 399 se
1280 355 1412 400 clausam
1431 356 1582 398 habebat,
1609 362 1750 400 quomode».
1760 361 1920 404 sepulchra
1945 362 1980 397 Θ
2002 361 2113 395 tumuli

260 404 263 411 ¹
279 414 340 450 pto
355 408 398 448 ad
420 408 805 454 VigiliumPo'ntificem
830 408 935 447 libro,
961 407 1169 451 pertinaciter
1226 408 1382 446 cadavera
1400 415 1578 441 mortuorum
1599 432 1608 439 .
1644 405 1750 455 Qud
1770 411 1912 446 humana
1942 413 2111 457 generatio

279 454 432 491 defendit
451 483 462 499 ,
489 456 611 492 addens
630 457 671 493 de
692 459 807 494 nossrae
828 457 923 500 hujus
943 456 1069 501 Synodi
1093 457 1170 499 Epi·
1225 458 1268 495 ‚sit
1290 457 1416 497 Divina
1439 481 1450 497 ,
1475 469 1543 492 non
1568 457 1752 492 benedictio
1775 484 1786 500 ,
1819 457 2109 500 sedumaledistio:

102 505 134 535 1.·
156 512 181 533 ¹-
202 511 265 534 ται·
278 506 388 550 scopis
413 533 419 540 .
448 507 629 550 Prfflierum
653 511 698 542 ad
716 507 1017 541 anathematizandos
1033 506 1169 550 sanlltffi-
1192 521 1195 522 ⁷
1228 502 1319 550 ,Qiila‘
1335 510 1418 541 Deus
1423 513 1528 551 generi
1551 507 1676 539 humano
1689 519 1747 540 non
1763 510 1846 549 *poffit
1857 517 1979 545 ammiti-⁷
1992 519 2051 555 per
2063 511 2112 543 lte.

102 546 133 575 L·
144 551 172 575 4·
196 552 259 579 ‘²¹4'
279 567 348 589 mos
375 559 410 593 (⁴5
429 557 632 602 glottofiffimos
658 558 800 592 nociores
821 556 879 600 sub
903 555 1039 598 occasione
1049 568 1144 590 eorum
1157 582 1166 596 ‚
1228 557 1422 591 nedic‘lionem
1446 556 1541 599 dare,
1568 557 1625 598 nisi
1644 559 1745 600 Angeli
1761 565 1952 599 peccaverint
1973 584 1985 600 ,
2011 563 2046 594 (Ὗ
2067 569 2111 593 tot

280 617 348 647 quae
373 609 410 642 de
424 608 648 650 praeexrstentia
668 617 749 641 mota
768 606 861 651 sunt,
886 609 1055 651 dogmatum
1074 631 1086 650 ,
1109 605 1170 650 siah
1215 611 1261 642 ,in
1269 606 1405 649 coelofim,
1417 613 1515 641 ruinae
1527 631 1543 648 ,<
1565 615 1632 650 quot
1643 614 1675 640 in
1687 618 1771 642 terra
1794 613 1973 642 nativitates
1985 633 1993 641 .
2015 609 2110 644 Hinc

275 654 372 703 specie
386 660 504 700 quidem
514 664 651 703 engenii
663 683 674 699 ,
697 669 800 691 omnes
812 666 930 699 autem,
957 663 1009 700 qui
1020 665 1091 690 ante
1099 667 1171 691 eum
1220 657 1882 701 Grigenistae5-testeSancioHieron‘ymo,
1895 658 1936 692 ad
1949 659 2018 692 suas
2028 659 2112 702 ipso-

277 706 313 739 &
322 706 383 748 post
395 719 460 741 eum
466 709 591 750 fixerunt
601 733 612 750 ‚
637 708 759 741 samqos
771 708 1075 741 anathematizantes.
1104 706 1161 740 Ast
1227 718 1297 740 rum
1309 706 1500 749 quaestiones
1510 733 1520 748 ‚
1545 708 1655 753 Qare
1668 705 1733 741 haec
1746 709 1856 741 anima
1869 707 1910 742 de
1932 707 2103 749 fidelibus,

277 751 497 793 hallucinatur
516 757 618 792 homo
641 758 833 802 Origenista
848 783 855 791 .
883 758 1017 792 Etenim
1038 757 1161 791 dudnm
1225 756 1279 789 illa
1291 757 1332 789 de
1343 756 1563 799 gentilibus&
1577 757 1714 791 barbaris
1727 759 1874 791 nascatur
1893 756 2082 801 parentibus
2093 782 2109 799 ,

1216 835 1227 856 x
1262 818 1335 839 uare
1358 802 1413 851 hic
1438 816 1494 841 aut
1513 804 1572 840 'ille
1598 807 1705 849 infans
1727 808 1884 843 innoxius
1904 809 1922 842 ὲ
1946 806 2109 845 Daemo'ne

321 817 353 843 te
378 810 528 852 quintam
556 808 878 852 Synodu‘m‘scripfit
896 805 956 845 'nd
995 806 1160 851 Juliarffim

273 814 328 941 ἕο
1212 895 1215 898 ,
1243 857 1480 899 orripiaturaut
1491 856 1609 890 morbo
1620 853 1711 904 regio
1725 881 1736 898 ,
1761 866 1918 901 reponere
1938 859 2012 892 sunt
2029 857 2109 905 sofi-

331 860 440 893 ensem
462 859 662 902 Episcopum
685 857 818 895 santius
841 859 919 899 Leo·
934 858 1098 902 Magnus.
1125 862 1162 890 1η

258 935 261 937 ,
318 912 399 953 igene
422 911 525 942 merito
559 909 734 942 damnatum
751 908 790 949 est
812 932 823 949 ,
861 911 943 951 quad
973 909 1162 948 animarum,
1198 910 1201 915 ¹
1223 907 1266 940 ti:
1294 906 1572 948 Quoniam-Deus
1595 906 1917 950 justuemaculatasa
1930 908 2105 952 semetipsis

1222 957 1255 990 in
1267 956 1352 991 coelo
1367 959 1494 991 animas
1510 957 1679 991 damnavit
1694 957 1726 990 in
1750 968 1909 1000 corpora,
1934 968 2104 1000 tamquam

273 966 433 1001 antequam
443 958 608 1000 corporibus
622 958 835 1002 insererentur,
860 969 917 990 non
935 957 1027 1001 solitm
1052 963 1135 990 vitas
1149 983 1160 999 ‚

267 1006 328 1051 fied
336 1012 369 1043 (ν’
380 1007 517 1054 diversas
520 1007 733 1054 fuiffi’ajftrutt
753 1008 899 1042 ammes.
1221 1007 1255 1040 in
1277 1007 1393 1054 vallem
1416 1007 1632 1050 lacrymarum
1655 1031 1667 1049 ,
1693 1017 1913 1053 carceremque
1939 1008 2104 1052 poenalem

1222 1066 1368 1102 yeterum
1378 1068 1585 1103 peccatorum
1600 1083 1606 1090 .
1915 1066 1917 1069 ·

322 1059 486 1094 Tertiusa
506 1057 696 1102 quibusdam
710 1057 915 1094 existimatur
936 1050 1046 1100 error,
1072 1057 1159 1102 quod
1904 1086 1909 1093 .

1269 1111 1432 1152 Origenes,
1460 1107 1568 1151 inquit
1591 1109 1623 1140 in
1636 1106 1726 1142 libris
1747 1107 1789 1141 de
1799 1107 1935 1142 civitate
1945 1108 2013 1141 Dei
2025 1109 2103 1142 San·
2125 1107 2307 1166 thcdffi‘

270 1108 381 1142 afferat
393 1118 509 1141 omnes
521 1117 645 1142 mentes
657 1108 807 1143 conditas
818 1109 851 1142 in
867 1109 996 1143 Divinae
1020 1109 1159 1143 effenriae

269 1158 549 1201 contemplatione
570 1169 607 1192 ac
631 1158 827 1193 dilestione.
854 1158 916 1193 Ast
944 1159 1050 1193 male.
1080 1159 1159 1192 Ete·
1220 1158 1287 1190 ctus
1309 1158 1514 1201 Augustinus
1529 1183 1540 1198 ,
1566 1159 1638 1190 dicit
1660 1164 1777 1190 animas
1798 1157 1923 1200 peccasse
1944 1159 2104 1190 recedendo

1220 1208 1239 1239 ἃ
1263 1210 1346 1248 Deo,
1369 1207 1542 1250 &diverfis
1562 1208 1751 1252 progrefflbus
1769 1216 1824 1250 pro
1846 1206 2016 1249 divevfitate
2036 1215 2103 1249 pec-

269 1207 339 1240 nim
351 1207 513 1251 quidquid
524 1210 557 1243 in
576 1208 664 1245 libris
677 1208 716 1243 de
732 1208 851 1242 Genefi
872 1208 912 1243 ad
924 1209 1064 1242 litteram
1082 1209 1161 1242 San-

267 1259 336 1291 stus
349 1257 554 1302 Augustinus
565 1259 707 1303 disputat
720 1258 760 1292 de
775 1259 939 1294 matutina
952 1259 986 1293 δε
1009 1259 1157 1301 vesperti·
1220 1266 1348 1292 catorum
1373 1259 1394 1290 ἃ
1415 1259 1498 1292 coelis
1523 1256 1612 1301 usque
1633 1259 1680 1294 ad
1694 1254 1796 1292 *terras
1821 1255 1941 1301 diversit
1965 1266 2103 1299 corpora,

1221 1306 1305 1349 quasi
1311 1308 1431 1340 vincula
1442 1309 1569 1350 meruisse
1580 1321 1587 1340 :
1616 1312 1660 1340 Et
1670 1307 1746 1339 bum
1757 1309 1806 1350 effe
1817 1309 1959 1340 mundum
1974 1332 1982 1338 .
2008 1310 2104 1340 Eam-

267 1318 310 1341 na
332 1318 548 1343 creaturarum
573 1309 614 1342 inv
636 1309 763 1343 Divino
789 1307 904 1343 Verbo
938 1309 1156 1353 cognitione,

264 1356 406 1401 disputat
418 1360 510 1393 causa
535 1358 741 1404 Angelorum
753 1382 763 1398 ‚
788 1359 905 1402 eosque
918 1357 1046 1392 videtur
1071 1358 1159 1392 adse-

259 1417 334 1449 ,rere
345 1409 486 1444 omuino
498 1410 652 1444 conditos
664 1410 697 1445 in
711 1409 830 1444 notitia
844 1411 944 1444 etiam
967 1409 1128 1444 matutina
1148 1434 1155 1440 .

266 1455 375 1492 Unde
385 1459 463 1493 &in
476 1459 567 1493 libris
577 1459 618 1494 de
630 1460 762 1494 civitate
774 1459 839 1493 Dei
852 1459 982 1493 eosdem
1000 1459 1045 1492 ait
1063 1470 1159 1492 num-

264 1519 362 1551 quam
374 1509 392 1542 ἐι
407 1510 482 1543 Deo
493 1520 549 1552 per
561 1510 636 1543 fidei
650 1509 788 1553 aenigma
801 1508 893 1542 fniffe
915 1509 1136 1552 peregrinatos
1146 1534 1153 1540 .

263 1558 394 1592 Eodem
406 1557 546 1592 tendunt
559 1582 571 1600 ,
596 1559 713 1602 quaein
726 1557 812 1592 libro
825 1556 865 1591 de
884 1558 1094 1601 correptione
1121 1558 1156 1591 &

261 1609 366 1653 gratia
391 1609 495 1653 agitat
518 1606 559 1642 de
580 1620 695 1642 eorum
719 1608 839 1642 merito
863 1632 874 1649 ,
901 1608 1160 1652 perseverantia,

83 1657 152 1689 12⁸1-
168 1666 224 1693 c-7·
260 1656 418 1693 mercede.
444 1658 487 1692 Et
502 1658 536 1692 in
550 1657 638 1693 libris
650 1657 900 1701 soliloquiorum
914 1657 1042 1692 scribit.
1069 1658 1159 1691 Illam

257 1705 437 1752 fingularem
460 1733 471 1749 ,
502 1720 664 1752 veramque
680 1708 935 1750 pulchritudinem
956 1708 1021 1741 cam
1045 1709 1158 1741 viderit

259 1764 366 1792 anima
380 1784 390 1800 ‚
411 1760 487 1802 plia(v
499 1761 634 1793 amabit:
662 1762 706 1791 Et
729 1757 785 1801 nist*
799 1764 912 1807 ingenti
922 1769 1021 1791 amore
1046 1758 1157 1790 oculum

259 1809 412 1852 infixerit,
439 1820 492 1843 nec
503 1809 542 1842 ab
569 1812 618 1844 illo
642 1807 829 1853 adspiciendo
850 1806 965 1851 uspiam
991 1809 1158 1841 declinave-

259 1865 302 1893 rit
323 1884 334 1900 ,
369 1871 488 1894 manere
506 1865 538 1893 in
560 1861 613 1894 illa
637 1860 792 1900 beattffima
817 1857 923 1900 vifione
945 1869 1001 1891 non
1026 1862 1138 1900 poterit
1156 1882 1163 1889 .

259 1911 372 1944 Docet
394 1910 539 1944 animam
571 1911 637 1944 sola
663 1910 844 1943 intuitione
875 1919 942 1942 non
971 1907 1093 1942 firmari
1121 1908 1155 1941 in

259 1961 360 2000 Deo,
386 1960 578 2003 sedinsuper
599 1959 662 1993 effe
673 1970 755 2002 opus
775 1956 941 1992 immobili
957 1969 996 1991 ac
1020 1957 1159 1992 indecli-

262 2010 366 2044 nabili
392 2010 491 2053 ipsam
504 2011 654 2043 firmante
675 2009 834 2042 charitate
847 2032 855 2039 .
886 2007 930 2042 Et
944 2005 1030 2042 hanc
1042 2007 1156 2042 doetri-

259 2072 365 2101 nam,
392 2062 433 2093 de
444 2071 506 2104 qna
531 2059 572 2094 ab
593 2057 762 2092 hodiernis
783 2056 913 2092 Scholis
937 2068 1007 2091 non
1030 2067 1161 2101 recepta,

260 2120 328 2155 ego
352 2108 501 2143 dubitare
526 2109 660 2148 malim,
690 2106 872 2141 defendunt
892 2108 1000 2151 Hugo
1012 2107 1054 2141 de
1078 2109 1155 2142 San-

263 2162 318 2194 tto
342 2159 496 2201 Vistore,
521 2156 652 2202 &apud
673 2158 826 2191 Sanctum
850 2156 1055 2191 Bernardum
1082 2156 1151 2189 Au-

263 2212 332 2244 {tor
344 2210 446 2244 libelli
465 2209 505 2244 de
517 2209 647 2244 Divino
658 2219 786 2242 amore.
815 2205 1014 2241 Defendunt
1042 2206 1151 2251 quoad

263 2259 354 2294 solos
366 2260 535 2304 Angelos:
565 2257 655 2293 Nam
665 2258 706 2292 de
716 2257 829 2301 primis
841 2254 1048 2300 parentibus,
1074 2267 1155 2290 num

265 2311 302 2344 in
316 2311 382 2343 Dei
398 2310 580 2344 intuitione
591 2309 652 2343 sint
667 2307 819 2347 conditi,
845 2305 965 2340 merito
976 2306 1022 2340 ob
1032 2307 1155 2340 anima-

266 2361 298 2394 le
310 2370 426 2403 corpus
437 2359 567 2400 dubitat
591 2359 625 2392 in
637 2358 729 2392 dictis
739 2358 781 2391 de
792 2355 911 2390 Genesl
923 2355 1013 2390 libris
1023 2357 1154 2390 Sanetus

266 2410 475 2454 Augustinus
497 2435 505 2442 .
532 2409 611 2452 Ejus
635 2408 805 2441 fidissimus
828 2407 985 2449 interpres
1020 2407 1154 2440 San-stus

264 2459 425 2504 Prosper,
446 2460 481 2492 in
502 2458 586 2493 libro
616 2468 733 2492 contra
760 2456 969 2491 Collatorem
983 2480 994 2496 ,
1020 2456 1054 2489 in
1077 2456 1155 2496 fide,

268 2511 383 2545 nonin
413 2508 537 2543 vifione
550 2507 703 2542 conditos
724 2506 864 2545 diserte,
892 2504 1040 2549 recteque
1063 2506 1156 2540 adfir-

265 2570 355 2595 mat.
384 2559 553 2606 (Quocirca
565 2558 679 2592 tertius
698 2556 854 2601 origenis
867 2566 955 2591 error
978 2557 1017 2590 fit
1029 2578 1040 2595 ,
1066 2555 1155 2598 quod

267 2608 456 2653 blaspheme
468 2608 588 2643 dixerit
613 2607 722 2642 beatas
733 2616 859 2641 mentes
873 2605 1000 2639 Divina
1023 2605 1155 2639 essentia

268 2660 363 2695 fuisse
386 2660 533 2700 satiatas,
560 2667 658 2701 atque
670 2658 714 2691 ita
735 2668 777 2691 ex
792 2655 923 2690 fastidio
944 2654 1135 2699 apostatasse
1148 2680 1155 2687 .

267 2710 365 2744 Pravi
375 2710 500 2754 Angeli
513 2719 715 2752 nequaquam
724 2707 838 2740 Deum
849 2706 1055 2740 fastidierunt
1068 2729 1079 2745 ,
1103 2705 1155 2739 sed

271 2760 333 2794 illo
347 2771 415 2793 non
426 2762 515 2794 fuere
536 2758 709 2796 contenti,
734 2756 882 2791 volentes
892 2755 992 2789 etiam
1015 2754 1050 2787 in
1062 2756 1155 2789 seme-

271 2809 361 2852 tipsis
373 2810 506 2853 gloriari
519 2835 526 2842 .
554 2809 597 2842 Et
608 2806 674 2841 haec
685 2806 730 2841 est
743 2817 835 2839 avara
847 2805 991 2848 superbia
1005 2816 1042 2839 ac
1053 2806 1158 2849 super-

272 2858 316 2893 ba
328 2859 460 2893 avaritia
473 2884 484 2900 ,
509 2869 608 2903 quam
625 2856 805 2901 Apostolus
817 2854 929 2889 scribit
939 2856 1002 2890 effe
1013 2855 1154 2890 radicem

271 2908 384 2943 omnis
394 2909 470 2943 mali
482 2921 519 2943 ac
533 2907 717 2952 iniquitatis
728 2931 737 2939 .

325 2958 469 3003 Qartus
482 2970 569 2993 error
578 2958 624 2993 est
635 2981 646 2999 ,
671 2954 761 3002 quod
778 2963 904 2990 mentes
916 2957 934 2989 a
945 2954 1023 2989 Deo
1034 2954 1157 2998 aposta-

271 3016 323 3043 tas
342 3008 430 3041 dieat
453 3010 488 3042 in
511 3009 597 3043 varia
612 3007 704 3051 juxta
726 3008 852 3040 varium
875 3006 967 3039 varias
1001 3005 1157 3048 apostafiae

274 3059 429 3093 meritum
448 3068 585 3101 corpora
604 3058 639 3091 &
660 3058 774 3092 omnia
800 3056 964 3100 paenaliter
992 3054 1157 3095 detrusas,

274 3107 430 3151 atqueita
449 3106 544 3140 aliam
553 3109 670 3142 factam
694 3107 758 3141 effe
778 3105 1078 3143 Dominationem‚
1106 3106 1155 3139 Se-

276 3157 375 3195 dem‚
401 3156 626 3199 principatum
639 3182 651 3198 ,
674 3154 898 3197 Potestatem,
923 3155 1022 3189 aliam
1043 3156 1158 3189 daemo-

275 3217 375 3246 nem,
399 3207 544 3240 animam
563 3229 577 3245 ,
603 3204 794 3250 Angelum,
818 3205 921 3240 solem
944 3214 1001 3238 aut
1020 3204 1155 3238 lunam.

276 3255 426 3298 Exponit
450 3256 584 3290 Sanctus
596 3253 799 3298 Epiphanius
823 3256 858 3288 in
870 3255 985 3289 litteris
1011 3254 1051 3288 ad
1063 3256 1156 3298 Joan·

276 3315 355 3339 nem
377 3305 616 3349 Hierosolymae
632 3304 834 3348 Episcopum
855 3329 862 3336 .
897 3309 1038 3347 Origenes
1060 3305 1132 3337 dicit
1145 3328 1155 3344 ,

102 3367 178 3407 Cap,
193 3368 221 3395 ,ς
275 3355 357 3397 quod
375 3359 491 3388 Am'mae
503 3356 624 3396 fuerint
649 3353 753 3397 Angeli
769 3357 802 3384 in
820 3354 899 3385 coelis
914 3377 925 3393 ,
948 3355 981 3386 <3¹
1004 3353 1156 3396 postquam

272 3409 460 3446 peccaverint
472 3409 504 3436 in
521 3403 658 3446 supernis
670 3428 683 3444 ,
706 3402 842 3442 dejeelas
856 3402 907 3444 effe
927 3407 962 3435 in
981 3403 1065 3442 istum
1075 3415 1156 3437 mun·

277 3454 370 3495 dum,
393 3453 523 3496 &quast
538 3460 571 3487 in
596 3454 721 3490 tumulos
731 3453 765 3486 et
769 3449 944 3495 sepulchra,
963 3450 1045 3493 ficin
1056 3462 1155 3496 corpo-

2129 633 2246 674 Epist.8.

98 886 184 928 Epist.
212 898 224 918 1
233 899 257 919 ι.

1221 1368 1276 1399 que
1296 1357 1414 1400 causam
1422 1357 1510 1399 fuiffi’
1532 1359 1635 1390 mundi
1636 1358 1776 1399 faciendi
1788 1382 1798 1397 ‚
1826 1369 1882 1389 non
1894 1367 1927 1390 ut
1947 1359 2104 1391 conderen-

1221 1416 1270 1440 tur
1284 1407 1359 1440 bona
1370 1431 1380 1447 ‚
1403 1406 1461 1451 sed
1469 1416 1501 1441 ut
1520 1408 1600 1441 mala
1611 1407 1812 1440 cohiberentur
1824 1433 1831 1439 .
1859 1407 2017 1444 Diversos
2028 1406 2104 1441 illos

1221 1459 1401 1501 progr-effus
1427 1458 1564 1501 exponit
1586 1456 1721 1492 Sanetus
1745 1458 1974 1500 Hieronymus
1996 1457 2030 1490 in
2053 1454 2106 1492 l&-

1221 1507 1296 1540 teris
1315 1506 1357 1541 ad
1380 1506 1631 1542 pammachium
1654 1507 1805 1541 adversus
1825 1518 1946 1541 errores
1966 1506 2106 1550 Joa'nnis

1222 1557 1375 1600 Episcopi
1396 1558 1694 1600 Hierosolymitani
1708 1582 1715 1589 .
1744 1561 1841 1600 Finge
1862 1557 1994 1599 aliquem
2014 1556 2105 1591 tribu·
2127 1551 2212 1591 ¹31³?st-
2238 1554 2289 1583 61*

1221 1606 1460 1648 nitlaepotestatt's
1478 1605 1620 1651 [novitio
1642 1608 1834 1651 regradatum
1854 1614 1908 1647 per
1912 1604 2029 1649 singula
2047 1604 2103 1639 mi·
2126 1601 2154 1622 ‘³'
2174 1602 2202 1629 3·

1220 1656 1296 1688 lmae
1318 1656 1455 1698 equestris
1478 1657 1567 1698 officia
1591 1658 1635 1688 ad
1656 1662 1763 1694 ryrom's
1787 1656 1962 1688 vocabulum
1984 1656 2106 1689 devolu-

1220 1715 1285 1739 tum
1305 1717 1311 1738 :
1340 1710 1413 1739 Non
1431 1706 1537 1746 statim
1554 1705 1589 1748 fit
1609 1714 1667 1745 tyro
1689 1729 1699 1744 ,
1719 1704 1778 1749 sed
1797 1707 1869 1738 ante*
1893 1708 2082 1739 primicerius
2096 1730 2109 1748 ‚

1221 1757 1329 1789 deinde
1350 1760 1492 1796 senator,
1520 1760 1700 1789 Ducenarzus
1724 1778 1735 1794 ,
1754 1754 1905 1788 Bias-chus
1919 1779 1930 1795 ,
1955 1756 2104 1796 Cir-citor,

1221 1809 1322 1847 Eques
1339 1829 1350 1845 ,
1375 1809 1444 1843 Tyro
1457 1830 1464 1837 .
1494 1806 1620 1838 Eodem
1632 1805 1735 1838 modo
1757 1814 1882 1838 mentes
1902 1804 2018 1839 delirat
2029 1804 2107 1840 Ori-

1221 1865 1320 1900 genes
1334 1865 1401 1888 non
1425 1855 1532 1888 statim
1562 1865 1603 1888 ex
1626 1855 1736 1888 nativa
1759 1854 1914 1888 felicitate
1934 1855 2049 1889 cadere
2069 1855 2106 1889 in

1221 1914 1400 1939 extremam
1428 1905 1648 1951 calamitatem
1672 1904 1829 1938 daemonis
1850 1923 1865 1944 ,-
1889 1903 1943 1937 sed
1966 1904 2053 1947 prius
2069 1904 2106 1939 in

1221 1954 1338 1988 statum
1352 1953 1508 1998 Seraphin
1522 1980 1531 1996 ,
1558 1954 1692 1988 Thi-oni
1709 1979 1727 1996 ›.
1746 1953 2001 1988 Dominationis
2012 1978 2021 1994 ‚
2035 1955 2107 1988 An-

1219 2005 1309 2049 geli,
1337 2003 1491 2045 Animae,
1518 2003 1615 2045 solis,
1642 2005 1745 2042 lunze,
1777 2006 1965 2046 variumque
1986 2005 2106 2049 &pro—

1222 2054 1448 2097 portIonatum
1472 2065 1613 2098 corpus.-
1640 2054 1683 2087 Et
1708 2051 1772 2087 hoc
1795 2053 1976 2086 innumeris
1987 2054 2105 2103 succes-

1220 2102 1283 2137 five
1294 2104 1336 2138 de
1359 2104 1437 2138 loco
1452 2104 1610 2139 inlocum
1632 2103 1826 2146 prolapsibus
1846 2103 1936 2145 juxta
1958 2100 2117 2143 innume?

1222 2165 1272 2188 ros
1295 2154 1460 2197 prolapsus
1479 2153 1512 2188 in
1525 2154 1662 2187 crimina
1682 2153 1850 2187 succeffive
1863 2153 1949 2195 plura
1973 2162 2030 2186 aut
2042 2163 2108 2187 ma-

1219 2203 1307 2246 jora.
1333 2207 1408 2243 Tot,
1432 2203 1525 2247 juxta
1544 2202 1612 2246 ejus
1626 2214 1750 2248 nugas,
1775 2205 1876 2234 eadem
1897 2213 1981 2235 mem·
2005 2210 2105 2236 mutat

1219 2262 1339 2295 corpora
1357 2278 1368 2294 ,
1393 2263 1463 2296 quot
1486 2256 1524 2287 de
1546 2255 1613 2286 coelo
1634 2255 1678 2285 ad
1695 2262 1807 2285 terram
1828 2257 1992 2285 mutaverit
2018 2263 2105 2286 man·

1213 2303 1328 2344 fiones.
1355 2303 1498 2337 Haecilli
1521 2304 1564 2336 est
1578 2302 1660 2337 scala
1682 2302 1780 2346 Jacob
1795 2326 1804 2341 ,
1830 2312 1928 2344 quam
1941 2301 2103 2345 gradatim

1219 2353 1420 2387 descendunt
1444 2363 1566 2387 mentes
1578 2352 1682 2396 magis
1704 2354 1737 2386 &
1752 2351 1900 2394 magisin
1921 2352 1990 2385 dies
2001 2352 2104 2385 delin-

1219 2401 1350 2446 quendo
1365 2428 1372 2434 .
1400 2402 1457 2435 Est
1478 2413 1565 2436 error
1583 2402 1697 2435 stultus
1717 2402 1751 2435 δε
1763 2400 1966 2444 blasphemus
1980 2425 1988 2432 .
2014 2402 2102 2449 Qis

1220 2463 1359 2496 namque
1385 2454 1466 2486 ferat
1491 2449 1675 2491 Thronos,
1702 2450 1980 2491 Dominationes‚
2007 2451 2105 2486 Pote-

1219 2502 1313 2537 states
1334 2526 1345 2542 ,
1372 2502 1499 2545 aliaque
1523 2503 1670 2544 suprema
1694 2502 1827 2535 Divinae
1847 2500 2022 2543 majestatis
2043 2501 2102 2535 mi-

1220 2551 1347 2585 nisteria
1372 2554 1515 2586 essenon
1527 2552 1659 2586 Divinae
1671 2552 1782 2595 gratiae
1802 2549 1888 2583 dona
1901 2574 1911 2589 ‚
1938 2550 1990 2584 sed
2002 2563 2106 2595 paena-

1218 2602 1261 2635 lia
1286 2601 1444 2645 supplicia
1466 2603 1483 2634 ,ἕ
1522 2600 1608 2648 Qis
1629 2603 1709 2635 ferat
1734 2600 1957 2634 admirandam
1984 2602 2102 2635 mundi

1218 2651 1373 2685 fabricam
1401 2663 1466 2684 non
1490 2651 1508 2685 ὲ
1531 2663 1660 2694 paterna
1683 2651 1746 2684 Dei
1776 2650 1925 2683 bonitate
1948 2675 1959 2691 ‚
1985 2650 2039 2684 sed
2059 2650 2103 2685 ab

1219 2701 1293 2736 irati
1315 2702 1455 2736 Domini
1480 2700 1623 2735 vindista
1648 2700 1842 2744 prodiisse?
1891 2700 1939 2733 nis
1952 2700 2031 2735 ferat
2055 2702 2105 2734 so·

1219 2752 1285 2785 lem
1298 2752 1403 2795 ipsum
1427 2762 1493 2784 non
1506 2752 1568 2785 effe
1590 2752 1692 2785 totius
1713 2750 1851 2783 humani
1875 2749 2003 2794 generis
2023 2750 2102 2784 sola-

1219 2802 1303 2836 tium
1322 2824 1333 2840 ,
1358 2802 1412 2836 sed
1434 2802 1541 2834 nescio
1565 2800 1655 2843 cujus
1682 2801 1800 2843 iniquae
1824 2801 1942 2833 mentis
1962 2801 2103 2846 ergastu-

1219 2851 1289 2885 lum
1312 2852 1329 2885 ἒ
1354 2854 1414 2885 Per
1434 2851 1486 2884 boc
1513 2874 1524 2890 ,
1550 2852 1659 2895 inquit
1678 2852 1813 2884 Sanctus
1839 2849 2045 2894 Augustinus
2065 2849 2101 2883 in

1220 2901 1295 2936 loco
1318 2901 1471 2940 laudato,
1489 2900 1584 2942 finon
1605 2912 1688 2940 una,
1709 2898 1767 2943 fied
1787 2900 1877 2941 duae,
1903 2901 2024 2940 decem,
2049 2907 2102 2932 aue

1217 2959 1333 2985 centum
1346 2959 1458 2985 mentes
1469 2952 1623 2992 ,equaliter
1644 2962 1679 2983 ac
1687 2951 1816 2989 fimiliter
1826 2951 1987 2992 peccaffent
1998 2972 2009 2988 ‚
2033 2960 2102 2983 cen-

1217 3010 1282 3035 tum
1299 3000 1374 3045 soles
1393 3001 1512 3034 haberet
1538 3000 1583 3033 bic
1605 3001 1733 3033 mundus·
1767 3025 1775 3031 .
1802 2999 1908 3034 Addit
1932 3010 2073 3033 errorem
2089 3022 2100 3039 ‚
2119 3025 2271 3060 [admotos

1219 3052 1276 3095 qui
1299 3050 1393 3095 plene
1406 3051 1539 3086 tandem
1561 3052 1708 3095 purgatis
1727 3051 1891 3093 promittit
1912 3049 2031 3083 coeltrm
2042 3059 2102 3083 no·
2117 3075 2141 3097 c,
2166 3051 2194 3096 {3-
2268 3049 2277 3057 ⁰

1219 3113 1296 3135 vum
1318 3101 1352 3135 ὃς
1373 3112 1486 3135 terram
1510 3111 1628 3134 novam
1642 3125 1654 3140 ,
1681 3100 1738 3133 fibi
1753 3100 1807 3142 ipfi
1832 3111 1900 3134 non
1924 3098 2099 3133 cohaerere.

1218 3153 1308 3194 ‚Quid
1329 3157 1408 3185 enlm
1426 3156 1569 3194 purgatis
1595 3159 1666 3192 opus
1692 3150 1729 3188 est
1754 3150 1821 3182 coelo
1846 3161 1921 3182 novo
1957 3150 1991 3181 ό·
2016 3156 2100 3179 terra

1219 3212 1297 3234 nova
1323 3223 1334 3241 ,
1353 3200 1384 3243 fi
1399 3210 1540 3244 purgatae
1566 3203 1610 3232 ad
1635 3200 1687 3233 hoc
1712 3198 1932 3239 restituuntur',
1957 3204 1991 3229 ut
2010 3195 2095 3236 fiat,

1218 3252 1461 3293 quemadmodiam
1480 3249 1607 3293 fuerunt
1628 3259 1699 3284 ante
1709 3252 1809 3283 coelum
1833 3250 2015 3285 (Burrum,
2035 3245 2097 3287 sine

1216 3302 1283 3335 coelo
1307 3303 1341 3336 (ν
1353 3309 1434 3334 terra
1446 3302 1459 3335 ἓ

1268 3351 1322 3384 Ex
1342 3351 1455 3385 eadem
1479 3349 1587 3385 radice
1601 3350 1739 3384 affirmat
1759 3347 1921 3390 Origenes
1935 3345 2094 3388 Jonnnem

1219 3400 1395 3445 Baptistam
1410 3427 1420 3442 ,
1444 3399 1647 3434 Malachiam
1669 3424 1680 3439 ,
1706 3399 1866 3441 Aggaeum
1888 3417 1899 3434 ‚
1925 3394 2098 3429 Melchise-

1216 3449 1299 3485 dech
1310 3451 1403 3485 fuisse
1416 3462 1508 3486 veros
1527 3451 1562 3484 in
1573 3460 1667 3483 carne
1680 3446 1827 3494 Angelos
1839 3460 1850 3479 .·
1877 3444 1998 3539 laud3ti
2013 3445 2093 3480 item

1975 3505 2051 3530 oan-
