2340 3736
987 73 1008 81 s

321 185 384 249 78
733 172 1021 234 CAnoNes
1062 188 1656 236 CHALCEDONENSES

291 271 347 306 fibi
373 269 556 317 &Regulae
579 281 617 306 ut
636 271 822 312 clericum,
852 270 986 308 nolebat
1012 268 1088 306 vero
1111 268 1169 302 iste
1236 267 1321 310 apud
1344 267 1505 311 Jacobum
1517 267 1730 306 sirmondum
1752 272 1847 309 tertia
1873 273 2032 318 synodus
2043 272 2124 310 Are·

290 323 405 357 dicens
425 323 456 357 se
479 323 519 358 ad
540 321 625 355 nihil
649 323 775 363 teneri,
802 321 861 355 nisi
881 320 922 355 ad
934 318 1099 355 honorem
1119 319 1170 353 de·
1235 317 1379 352 latensis:
1410 321 1551 351 Rationis
1574 320 1608 356 ζ’]
1621 322 1768 364 religionis
1782 325 1907 366 plenum
1925 319 1985 366 eff,
2011 329 2125 362 uic-le.

291 373 398 407 bitum
419 373 575 407 omnibus
595 372 786 416 Episcopis‚
813 371 903 415 quod
927 382 996 404 non
1019 370 1061 406 ad
1085 369 1172 404 Pres-
1235 373 1288 401 rici
1298 369 1342 401 ad
1352 370 1580 401 ordinationem
1589 369 1729 412 Episcopi
1750 374 1852 408 debita
1871 374 2053 418 subjefflone
2062 375 2126 419 'fs‘

113 422 197 462 Epist.
227 429 276 455 6]-
291 423 449 468 byteralis
468 423 642 468 dignitatis
651 433 734 456 onus
747 447 758 462 ,
784 422 836 455 sed
860 419 959 455 libere
979 422 1013 458 ὃς
1026 418 1172 454 absolute
1230 424 1349 461 pictam
1362 443 1373 459 ‚
1400 419 1478 455 laica
1503 420 1574 454 veri)
1585 424 1680 452 omnis
1702 425 1867 464 monasterti
1887 433 2068 470 congregatio
2079 428 2127 460 ad

112 473 136 495 c·
151 470 194 494 ¹⁶·
292 472 497 510 monachalis
534 473 736 517 professionis
763 471 861 506 titulo
888 471 964 506 effer
984 470 1170 506 ordinatus.
1228 467 1325 512 solam
1348 479 1384 503 ac
1409 468 1534 502 liberam
1547 468 1669 501 abbatis
1687 478 1803 513 proprii
1813 477 2042 512 Ordinationem
2062 476 2124 520 dis-

293 524 404 564 Eum,
431 535 473 557 ex
485 522 552 562 alio
571 533 681 558 tamen
703 522 921 557 fundamento
934 546 946 562 ,
970 520 1119 554 defendit
1139 520 1173 560 <St
1233 517 1456 562 pqfitionemque
1484 525 1637 560 pertineat
1659 544 1665 551 .
1692 522 1788 556 Sacra
1807 524 1907 568 igitur
1939 527 2122 561 Ordmatio

293 575 429 610 sanstus
449 572 654 618 Epiphanius
684 598 695 614 ‚
732 573 818 616 ajens
849 570 911 607 effe
932 572 1060 605 fratrem
1090 581 1176 614 pere·
1237 569 1439 606 monachum
1466 593 1477 609 ,
1510 568 1586 602 licet
1612 569 1648 603 in
1676 571 1818 606 claustro
1843 576 2121 618 perseverantem,

292 626 427 669 grinum
440 649 450 665 ‚
476 623 533 668 qui
542 622 587 664 isti
607 627 775 661 Provinciae
798 621 878 655 nihil
887 621 1020 657 deberet.
1047 620 1173 657 Eadem
1237 618 1445 654 transferebat
1466 619 1503 656 in
1516 618 1647 662 plenam
1659 620 1813 665 Episcopi
1838 624 2026 667 potestatem
2042 652 2049 660 ,
2077 627 2123 661 Et

290 674 467 709 contentio
489 674 551 708 fuit
584 675 668 708 inter
689 672 914 707 Theodorum
947 669 1173 706 Arelatensem
1238 670 1283 706 ita
1307 668 1365 703 sub
1376 667 1589 707 anterioribus
1600 670 1844 708 Arelatensibus
1870 673 2040 718 Episcopis
2056 679 2126 712 fue-

292 725 491 769 Epistopum
522 725 555 758 &x
577 724 731 757 Faustum
755 721 920 757 Abbatem
945 722 1175 762 Lerinensem‚
1238 730 1285 753 rat
1307 720 1431 763 semper
1451 718 1676 758 observatum,
1703 722 1807 768 Qod
1818 724 1925 768 ipsum
1952 736 2012 770 pro
2028 727 2123 764 omni

292 774 462 810 volentem
483 774 629 808 &laicos
648 774 681 807 &
708 773 856 808 Clericos
878 769 1061 808 monachos
1083 782 1176 815 aequo
1239 769 1381 809 Ecclesia
1403 769 1513 809 statuit
1524 770 1658 817 praesens
1679 773 1798 813 Canon
1814 798 1822 810 ,

292 826 325 866 ἀ
338 826 436 870 pleno
447 824 504 859 fibi
524 824 592 867 jure
604 824 743 866 subesse,
769 824 924 869 Longam
934 822 1028 859 litem
1052 821 1175 861 decidit

117 656 203 694 Epist·
228 662 277 695 ejo-

117 707 173 727 CA.

708 1097 1393 1175 CANON
1523 1102 1706 1178 IX.

378 1291 400 1337 1
434 1286 535 1353 quis
581 1283 780 1336 Clericus
830 1278 1037 1335 adversus
1073 1279 1293 1329 Clericurn
1344 1276 1476 1326 habet
1510 1282 1735 1341 negotium
1773 1318 1786 1342 ,
1833 1300 1922 1332 non
1959 1281 2128 1336 deserat

295 1286 378 1423 S
414 1356 639 1425 proprium
676 1351 938 1421 Episcopum
965 1387 977 1412 ,
1013 1354 1056 1399 &
1093 1348 1149 1397 ad
1185 1346 1399 1396 saecularia
1434 1365 1653 1418 percurrat
1679 1350 1870 1418 judicia;
1906 1351 1979 1402 sed
2010 1355 2129 1422 prius

291 1430 408 1483 afflo
443 1426 679 1476 ventiletur
711 1422 827 1492 apud
863 1420 1126 1490 Episcopum
1162 1420 1386 1486 proprium
1410 1454 1423 1477 ,
1460 1420 1531 1468 vel
1567 1421 1686 1471 certe
1722 1423 1901 1473 consilio
1937 1422 2128 1490 ejusdem

291 1496 498 1567 Episcopi
527 1532 541 1556 ,
576 1493 694 1562 apud
729 1511 841 1560 quos
878 1507 1071 1558 utraeque
1120 1505 1267 1557 partes
1301 1489 1518 1538 voluerint
1542 1525 1556 1550 ‚
1589 1490 1800 1556 judicium
1836 1494 2099 1544 obtinebunt
2116 1531 2130 1544 ,

292 1572 335 1619 Si
372 1569 470 1634 quis
506 1582 652 1614 autem
688 1579 841 1630 praeter
878 1563 966 1611 haec
1004 1561 1154 1609 fecerit
1180 1595 1193 1618 ,
1227 1561 1465 1608 canonicis
1501 1564 1849 1629 correptionibus
1878 1563 2129 1630 subjacebit.

295 1637 429 1707 Qod
463 1636 495 1685 si
530 1636 728 1685 Clericus
765 1633 897 1682 habet
932 1629 1102 1680 causam
1127 1628 1330 1679 adversus
1357 1627 1619 1697 Episcopum
1653 1636 1876 1699 proprium
1902 1670 1916 1693 ,
1951 1636 2023 1683 vel
2055 1633 2133 1682 ad-

292 1708 443 1759 versus
480 1707 662 1759 alterum
687 1742 700 1766 ,
737 1703 855 1772 apud
890 1700 1114 1770 Synodum
1149 1700 1389 1749 Provinciae
1423 1698 1636 1764 judicetur
1667 1737 1680 1751 .
1738 1702 1872 1770 Qod
1907 1703 1938 1752 fi
1974 1703 2129 1754 adver.

292 1779 366 1828 sus
400 1775 587 1843 ejusdem
623 1777 862 1825 Provinciae
912 1772 1305 1839 Metropolitanum
1341 1768 1582 1837 Episcopus
1629 1773 1701 1820 vel
1750 1775 1947 1821 Clericus
1996 1773 2132 1823 habet·

292 1850 516 1916 querclam
554 1884 567 1908 ‚
617 1861 742 1913 petat
778 1860 854 1894 aut
889 1845 1126 1892 Primatem
1164 1837 1414 1889 Dioeceseos
1447 1874 1462 1900 ,
1509 1855 1586 1892 aut
1619 1838 1762 1894 sedem
1808 1844 1957 1906 Regiae
2003 1843 2126 1895 urbjs

287 1918 795 1985 Constantinopolitanae
841 1919 885 1967 &
929 1912 1045 1986 apud
1080 1909 1214 1985 ipsam
1248 1908 1464 1979 judicetur
1491 1944 1504 1961 .

521 2093 547 2139 S
559 2090 602 2138 C
616 2091 661 2136 H
671 2093 717 2138 O
729 2091 765 2136 L
779 2092 858 2136 IO
868 2088 921 2135 N
933 2122 946 2136 .
1244 2090 1355 2116 matem
1380 2082 1538 2127 Dioeceſsos
1553 2089 1643 2126 perot
1666 2095 1676 2126 ;
1712 2085 1794 2127 quod
1805 2084 1837 2126 fi
1843 2086 1940 2125 Juxta
1964 2083 2134 2124 constami-

1244 2135 1443 2174 nopolitanam
1462 2134 1564 2166 urbem
1585 2132 1744 2176 quisquam
1764 2144 1862 2171 eorum
1884 2133 2053 2175 constitutus
2067 2134 2135 2176 fit,

1243 2180 1380 2225 &solius
1404 2181 1546 2226 Praefitlis
1570 2185 1634 2223 ejus
1652 2185 1769 2224 judicio
1790 2184 1865 2217 velit
1881 2184 1933 2226 effe
1946 2187 2131 2225 ”com-entus,

381 2240 577 2285 ltigantium
599 2237 804 2272 clericorum
823 2235 864 2270 ad
887 2236 970 2270 laica
993 2233 1114 2277 judicia
1140 2245 1185 2268 re·
1241 2241 1328 2274 petat
1350 2234 1477 2266 eandem
1491 2237 1616 2276 Regiam
1634 2233 1753 2266 urbem.
1781 2234 1858 2264 Ciam
1884 2238 1963 2265 enim
1984 2234 2104 2276 dixisset
2118 2257 2131 2273 ,

296 2240 380 2330 L
407 2291 536 2324 cursum
548 2286 680 2332 pessime
691 2289 813 2330 semper
824 2287 897 2321 odit
909 2284 1050 2319 Ecclesia
1065 2309 1075 2324 ‚
1099 2282 1185 2318 ided—
1247 2280 1415 2315 PETAT
1435 2281 1702 2328 PR1MATEM
1727 2281 1994 2325 DIOECESEOS
2006 2308 2016 2324 ‚
2038 2292 2120 2326 prae-

298 2352 363 2385 que
385 2340 507 2383 lapsam
517 2338 603 2383 apud
627 2349 688 2371 nos
703 2335 986 2371 Christianitatem
1009 2335 1187 2368 restaurans
1245 2340 1357 2374 ceptum
1373 2337 1460 2373 ponit
1480 2326 1585 2365 eadem
1611 2326 1720 2374 sant‘la
1740 2333 1868 2370 synodus
1892 2357 1904 2374 ‚
1940 2335 2128 2377 regulamque

299 2390 441 2427 Carolus
454 2390 601 2434 Magnus
611 2386 701 2422 hunc
714 2388 890 2421 Canonem
907 2385 1040 2419 inseruit
1053 2384 1190 2427 Capitu·
1245 2381 1406 2423 constituit3
1433 2382 1496 2414 ciam
1513 2384 1585 2416 vero
1596 2382 1784 2422 disjunctiva
1798 2387 1926 2415 oratione
1944 2384 2107 2426 addidisset
2117 2407 2130 2423 ‚

298 2441 361 2477 {nri
384 2442 442 2474 suo
455 2438 707 2483 Aquisgranenfi
718 2462 725 2470 .
753 2436 837 2471 Vult
862 2436 970 2480 itique
983 2434 1103 2468 Canon
1115 2434 1189 2468 Cle·
1249 2430 1362 2466 AUT
1372 2430 1534 2466 SEDEM
1548 2431 1714 2465 REGIAE
1730 2431 1872 2467 URBlS
1883 2432 2133 2467 CONSTAN-

302 2492 408 2526 ricum
428 2490 463 2524 in
485 2489 588 2533 prima
611 2488 766 2521 instantia
788 2484 1054 2521 conveniendum
1077 2495 1188 2518 coram
1247 2480 1667 2523 TINOPoLlTANAE,
1694 2482 1786 2524 liquet
1802 2480 1956 2523 profem,
1986 2489 2057 2525 quia
2078 2482 2131 2515 hoc

301 2541 472 2585 Episcopo
493 2565 503 2580 ,
533 2538 731 2581 Episcopum
766 2548 876 2571 coram
911 2534 1127 2578 Metropolita
1153 2535 1187 2567 in
1241 2530 1616 2574 secundiimpermiffionem
1641 2531 1780 2573 indulfit,
1805 2531 2132 2579 Qodipsum,cum

302 2589 486 2625 Provinciae
510 2588 664 2630 Synodo,
693 2587 946 2630 Metropolitam
968 2596 1079 2619 coram
1099 2584 1192 2618 Dioe-
1246 2581 1387 2623 quadam
1410 2591 1519 2615 tamen
1541 2581 1742 2621 diversitate,
1769 2583 1879 2615 scr-ibit
1900 2584 1936 2616 in
1954 2583 2074 2617 litteris
2089 2583 2132 2616 ad
2192 2611 2223 2644 ,st

303 2642 414 2676 ceseos
436 2640 582 2673 Primate
604 2663 615 2679 ‚
642 2647 698 2672 aut
720 2637 884 2680 Episcopo
911 2634 1191 2677 Constantinopo·
1249 2630 1407 2666 carolum
1433 2632 1574 2666 Calvum
1588 2632 1788 2666 Francorum
1799 2633 1927 2677 Regem
1941 2656 1951 2671 ‚
1978 2644 2078 2677 agens
2087 2631 2130 2666 de
2150 2615 2200 2655 EP'
2226 2624 2285 2649 '⁴⁰‘

306 2692 436 2731 lirano,
460 2689 645 2731 eisdemque
667 2687 822 2732 gradibus
846 2687 913 2719 fieri
939 2684 1193 2729 appellationes,
1251 2681 1470 2726 appellatione
1494 2681 1647 2716 Romana
1672 2681 1835 2717 Rothaldi
1858 2682 2015 2727 Episcopi
2044 2683 2134 2717 Sues-

308 2740 424 2783 nempe
446 2739 487 2773 ab
501 2739 667 2783 Episcopo
689 2738 729 2771 ad
750 2736 975 2780 Metropolirae
999 2734 1193 2778 Synodum,
1250 2731 1423 2766 sionensiS.

309 2790 350 2823 ab
362 2790 415 2823 illa
424 2790 464 2823 ad
473 2789 649 2823 Primatem
672 2797 729 2821 aut
740 2787 939 2832 Episcopum
951 2784 1195 2819 Constantino·
1302 2781 1500 2824 Respondeo
1529 2780 1616 2816 hanc
1649 2783 1713 2816 effe
1736 2794 1837 2817 unam
1861 2781 1881 2816 ὲ
1901 2782 2134 2827 quaestionibus
2174 2782 2177 2783 ⁷

308 2839 494 2884 politanum
517 2864 528 2880 ,
551 2850 627 2873 cum
650 2833 998 2880 comprovincialibus
1020 2846 1077 2869 aut
1098 2834 1189 2868 adve-
1253 2832 1663 2874 HincmariMetropolitae
1677 2832 1869 2873 Remenfis‚
1892 2832 2020 2867 adersus
2029 2833 2136 2874 Hinc·
2204 2846 2206 2849 ·

309 2890 363 2923 nis
387 2889 553 2933 Episcopis
571 2888 790 2931 judicaturum
805 2913 812 2920 .
839 2887 1080 2930 Episcoporum
1104 2885 1196 2919 enim
1255 2891 1381 2916 marum
1413 2892 1568 2925 nepotem
1593 2905 1604 2921 ,
1630 2882 1830 2926 Episcopum
1857 2883 2131 2920 Laudunensem.

311 2938 420 2973 causas
441 2951 508 2972 non
530 2940 589 2973 nisi
602 2937 804 2982 synodaliter
829 2936 956 2971 tractari
977 2946 1015 2969 ac
1034 2934 1123 2970 finiri
1135 2933 1197 2968 Ca-
1255 2931 1478 2967 Laudunenfis
1496 2932 1561 2975 jam
1582 2930 1705 2966 dictum
1730 2932 1881 2968 Canonis
1905 2941 2135 2968 commentum

314 3000 418 3022 nones
429 2987 777 3032 antiquipermiserunt
791 3012 799 3020 .
1257 2983 1383 3017 invenit
1405 3006 1416 3023 ‚
1440 2981 1475 3016 &
1498 2981 1610 3016 multis
1629 2983 1720 3026 quod
1739 2994 1797 3026 pro
1822 2985 1913 3020 Sedis
1933 2982 2135 3027 Apostolicae

367 3038 514 3084 Qaestio
534 3036 579 3073 est
593 3064 604 3079 ,
630 3037 702 3082 quis
724 3036 927 3081 intelligatur
947 3048 1002 3079 per
1026 3038 1194 3070 Primatem
1257 3032 1434 3078 privilegiis
1448 3042 1604 3072 certaret,
1633 3034 1800 3076 persuasit.
1830 3034 1878 3067 At
1897 3033 2025 3078 penitus
2045 3031 2138 3066 veris·

316 3086 499 3130 Dioeceseos?
526 3089 685 3123 Nicolaus
705 3088 826 3132 primus
851 3086 1009 3121 Pontifex
1022 3086 1057 3119 in
1081 3085 1198 3119 litteris
1257 3082 1334 3116 fime
1354 3082 1521 3117 Remenfis
1532 3082 1682 3117 adfirmat
1702 3082 1791 3116 hunc
1801 3083 1974 3118 Canonem
1995 3083 2036 3116 ad
2049 3082 2139 3114 Ana·
2158 3110 2178 3137 Ε
2201 3105 2233 3136 ist
2267 3116 2279 3126 Ἰ
2309 3107 2313 3111 .

314 3138 359 3173 nd
381 3135 585 3170 Michaelem
604 3138 796 3182 Augustum
822 3139 868 3171 ait
890 3136 1033 3180 intelligi
1058 3134 1198 3169 Pontifi-
1259 3132 1874 3177 toliiConstantinopolitaniEpiscopi
1897 3134 2056 3169 ambitum
2071 3141 2138 3173 per·
2155 3114 2312 3184 c·¹²²3·‘22·3'
2337 3144 2339 3146 ·

317 3199 391 3222 cem
404 3187 595 3221 Romanum
609 3211 616 3218 .
643 3190 739 3230 ,Quem
753 3212 762 3227 ,
788 3188 918 3231 inquit,
945 3189 1108 3219 Primatem
1122 3187 1199 3217 Dioe-
1259 3184 1363 3216 tinere
1384 3205 1395 3222 ‚
1420 3182 1577 3224 fuisseque
1603 3184 1818 3227 proscriptum
1841 3184 1860 3219 ὲ
1880 3183 1996 3218 San-{to
2024 3180 2140 3214 Leone

318 3236 411 3280 cestos
425 3238 538 3270 dixerit
555 3234 662 3278 sanda
672 3239 818 3275 synodus,
840 3246 957 3278 praeter
969 3235 1089 3278 Apostoli
1103 3240 1197 3276 primi
1261 3232 1390 3276 Magno
1419 3257 1425 3266 .
1453 3233 1867 3277 constantinopolitanum
1903 3231 2140 3274 Episcopatum

321 3291 473 3320 Via-arium
497 3286 593 3324 nullus
614 3285 784 3326 intelligitur
799 3299 808 3317 :
834 3284 899 3327 Ipse
910 3286 946 3325 est
957 3292 1037 3318 enim
1053 3288 1175 3319 Primos
1187 3309 1198 3326 ‚
1262 3294 1360 3317 nemo
1382 3281 1454 3326 plus
1472 3282 1570 3327 quium
1596 3283 1776 3319 Anatolius
1791 3308 1804 3324 ,
1827 3280 1904 3316 licet
1926 3279 1966 3314 ad
1978 3280 2073 3314 illum
2083 3277 2142 3312 hu-

321 3342 372 3378 qui
393 3339 426 3369 (9·
446 3343 567 3378 primus
594 3334 721 3368 habetur
745 3336 780 3368 (9'
795 3333 944 3376 summus.
972 3336 1065 3369 Hinc
1088 3334 1196 3370 addit.
1261 3332 1458 3368 miliandum
1479 3334 1497 3368 ὲ
1520 3333 1682 3367 Οἰοίὲοῐο
1716 3334 1751 3367 in
1774 3330 1940 3375 Ephelino
1962 3330 2141 3364 latrocinio

322 3390 359 3419 In
383 3390 503 3418 Canone
515 3385 567 3419 bic·
583 3381 664 3418 tenor
682 3382 884 3426 observandus
904 3384 942 3424 est
957 3407 967 3423 ,
992 3393 1023 3415 ut
1028 3384 1058 3426 fi
1063 3386 1199 3418 videlicet
1264 3394 1433 3427 promotus
1456 3409 1466 3423 ,
1497 3383 1656 3418 exaltavit
1679 3408 1686 3414 .
1723 3381 1809 3415 Tres
1844 3379 1982 3415 famosas
2014 3391 2142 3413 autoce-

322 3435 458 3468 clericus
483 3444 536 3467 aut
573 3432 738 3478 Episcopus
764 3434 911 3466 advertiis
939 3437 1199 3475 Metropolitanum
1262 3431 1372 3476 phalas
1399 3434 1563 3467 Dioeceses
1584 3459 1594 3473 ,
1629 3431 1831 3467 Thracicam
1855 3456 1866 3471 ‚
1893 3430 2050 3464 Afianam
2070 3454 2081 3470 ‚
2108 3431 2144 3463 <Sc

323 3484 413 3518 babet
433 3484 580 3526 querelam
603 3509 613 3524 ‚
639 3486 672 3518 (15
693 3494 782 3517 tanta
805 3491 924 3526 urgetur
948 3485 1126 3526 necestitate,
1153 3485 1202 3516 vel
1264 3483 1437 3518 Ponticam
1462 3508 1471 3523 ‚
1513 3484 1601 3518 illius
1625 3480 1849 3515 Anteceffores
1872 3479 1998 3514 strenue
2027 3480 2146 3512 invase-

316 3534 406 3576 fihoc'
417 3545 518 3579 grave
538 3533 687 3574 nons‘erat
700 3558 710 3574 ‚
736 3534 902 3574 ubicumque
918 3531 956 3573 fit
976 3532 1082 3574 positus
1095 3557 1106 3577 2
1134 3536 1202 3567 Pri·
1267 3544 1361 3574 rant,
1385 3545 1422 3568 ac
1442 3534 1500 3567 fibi
1511 3532 1598 3575 quasi
1620 3529 1848 3576 subjugarant3
1876 3541 1909 3565 at
1929 3531 2089 3565 violentia
2111 3530 2146 3564 ἃ

1971 3590 2096 3624 anurla:

140 3215 226 3255 Epist.
257 3219 283 3244 8.
