2340 3736
661 130 748 172 AD
783 126 1066 170 SYNODUM
1102 124 1712 171 CHALCEDONhNSEM.

276 211 452 246 Nicaenum
474 234 486 250 ‚
511 206 566 242 sed
590 206 632 241 ad
646 205 936 241 Nicomediensem
964 206 1165 249 Episcopum

279 264 403 306 semper
416 260 513 294 fuifle
524 256 590 292 huc
601 258 701 301 usque
720 257 896 298 directum,
924 257 957 292 ὅ(
969 257 1073 290 ΕΙεὲὶί
1085 268 1164 290 con-

278 312 503 346 firmationem
527 308 561 342 ἀ
596 307 873 342 consecrationem
895 306 936 340 ab
969 306 1072 341 hocce
1095 306 1167 340 solo

277 363 397 405 semper
412 358 607 403 postulatam
621 383 632 399 ,
658 357 807 400 adeoque
818 358 924 402 ipsum
945 359 1008 392 efle
1024 357 1092 399 ejus
1107 356 1167 400 pri-

275 409 382 445 vative
392 406 645 453 Metropolitam
669 430 678 440 .

323 459 381 494 Ad
401 470 472 503 quae
483 457 609 493 rursum
623 457 820 491 Anastasius:
844 455 960 501 Jubete
978 467 1025 489 me
1039 455 1168 498 probare

268 510 444 554 paululum.
473 510 575 544 Obtult
597 508 703 542 lihellos
717 504 957 549 Archi-Epistopo
977 505 1168 539 Constanti-

271 560 469 604 nopolitano
484 582 495 600 ,
520 559 665 603 quisuit,
691 567 798 602 rogans
811 566 877 589 eum
899 567 934 590 ut
944 566 1063 590 vocaret
1077 559 1164 588 Dom-

272 623 342 643 num
366 611 545 644 Eunomium
568 606 768 651 Epifi‘opu'm‚
800 606 833 639 &¹
853 609 974 640 audiret
998 611 1077 639 inter
1089 608 1165 647 jura

270 660 383 701 nostra.
412 660 507 694 Dedit
524 661 643 692 litteras
666 657 710 689 ad
731 666 777 689 me
801 657 836 690 (θ’
857 658 903 689 ad
921 668 1005 696 eum,
1026 654 1161 699 scribens

269 708 430 750 ambobus,
457 720 492 742 ac
504 709 627 742 dicens:
659 707 769 740 Nullus
783 705 896 746 vellum
918 707 1090 740 introducat
1108 706 1163 738 ali-

268 772 359 803 quam
382 763 546 793 novitatem
558 783 568 799 ,
601 755 659 800 sed
677 755 811 799 confistite
842 761 874 788 in
895 757 983 790 rebus
1003 761 1137 799 antiquis
1155 781 1160 787 .

267 813 334 854 Ego
355 815 436 844 enim
458 810 550 848 novi,
575 807 715 849 quomodo
735 806 859 840 debeam
884 808 1055 848 metropoles
1078 806 1161 838 hono-

266 870 352 892 rare.
380 860 426 891 Et
438 857 528 890 babeo
539 855 707 900 huJusmodi
726 858 864 894 litteras,
889 858 924 890 (τ
949 867 998 900 ego
1024 858 1058 889 (ν
1078 854 1157 899 ipse.

267 913 371 951 Accepi
382 919 430 952 ego
440 908 516 941 tales
528 908 646 940 litteras
659 921 670 941 .·
698 909 800 940 sciunt
811 905 861 938 hoc
882 908 917 940 (⁴5
929 910 1054 939 Notarii
1070 930 1077 937 .
1106 910 1162 938 Dt-

264 964 335 992 eant
362 960 397 993 <a
427 961 500 991 alii.
549 962 700 991 Venerunt
734 955 995 997 Bafilonvpolttani
1027 956 1135 989 clerici
1150 980 1160 996 ,

264 1009 410 1042 adeuntes
436 1020 482 1042 me
501 1009 648 1052 adversus
666 1006 846 1051 Episcopum
854 1004 959 1049 suum.
988 1009 1053 1050 Ego
1073 1005 1148 1046 custo

264 1060 351 1092 diens
362 1059 511 1091 mandata
535 1056 697 1101 Epiftopi,
724 1059 793 1090 dixi
811 1068 817 1088 ε
844 1061 917 1089 Non
942 1068 995 1090 vos
1012 1055 1161 1099 suscipio,

262 1104 366 1152 sedite
375 1109 422 1142 ad
431 1106 732 1151 Archi-Episcopum,
758 1109 793 1141 (a
805 1105 837 1149 fi
855 1106 929 1139 mibi
945 1107 1083 1149 jusserit,
1109 1116 1160 1138 au-

265 1160 371 1191 diam.
398 1162 446 1191 Et
467 1159 664 1200 relinquentes
681 1158 727 1190 illi
750 1159 784 1191 δ’
806 1167 852 1189 me
875 1158 909 1190 <a
931 1156 1048 1200 ipsum,
1075 1166 1161 1188 vene-

262 1217 334 1241 runt
356 1209 401 1240 ad
410 1209 611 1242 SanRitatem
635 1212 745 1241 Domni
769 1210 930 1240 Eunomii:
961 1207 1113 1240 Dederunt
1134 1211 1160 1238 et

260 1257 391 1290 libellum
401 1259 555 1291 adversus
571 1257 751 1300 Episcopum
757 1256 863 1301 suum.
892 1255 971 1297 Misit
984 1254 1046 1299 ipse
1057 1264 1161 1297 repen-

260 1303 514 1350 tepraesentans,
537 1307 591 1340 seu
623 1318 786 1347 evocans,
812 1304 991 1349 Episcopum
1015 1303 1162 1345 Bafilono.

262 1357 363 1399 polis:
401 1356 546 1401 Confugit
573 1354 735 1400 Episcopus
759 1357 805 1388 ad
823 1366 887 1388 me.
915 1355 1097 1398 Episcopus
1118 1352 1158 1387 ad

263 1406 462 1447 Nicaenum,
500 1406 623 1440 Clerici
647 1407 870 1450 confugerunt
895 1405 934 1438 ad
963 1404 1158 1448 Metropoli-

257 1466 327 1490 tam
353 1457 663 1492 Nicomediensem:
700 1457 771 1489 Hic
793 1454 888 1488 illum
904 1480 913 1496 ,
939 1454 997 1488 iste
1020 1453 1081 1488 hos
1105 1465 1158 1488 ex-

257 1507 524 1541 communicavit
534 1507 583 1540 uti
604 1516 836 1546 contumaceS,
863 1515 962 1548 atque
982 1503 1064 1539 hinc
1082 1514 1155 1538 nata

258 1557 305 1590 est
316 1558 448 1599 praesens
463 1556 502 1591 lis
516 1557 639 1600 dejure
662 1555 908 1599 metropolitico
929 1555 965 1589 in
986 1555 1154 1588 civitatem

258 1606 602 1650 Bafilonopolitanam
614 1631 624 1639 .

308 1655 413 1690 Porro
437 1655 524 1690 istud
542 1654 737 1690 Patriarchae
762 1654 1155 1698 constantinopolitani,

256 1706 438 1751 quidquam
457 1704 498 1739 ab
521 1715 660 1751 utroque
683 1706 902 1749 Metropolita
929 1704 1079 1738 innovari
1100 1715 1154 1738 ve-

256 1756 379 1796 tantis,
407 1755 617 1799 Rescriptum
632 1755 778 1790 ostendit
788 1754 958 1790 adductam
971 1755 988 1788 a
1013 1754 1154 1787 Nicaeno

255 1804 552 1846 consuetudinem,
591 1805 826 1847 fundatamque
845 1805 880 1837 in
904 1805 971 1848 ipsa
996 1803 1154 1848 poffeffio-

255 1865 335 1889 nem
357 1854 452 1888 fuisse
472 1854 638 1889 infirmam
658 1855 691 1888 ὅ(
711 1855 868 1888 caducam
882 1878 893 1894 ,
917 1854 1058 1898 ideoque
1081 1854 1153 1898 glo-

256 1905 333 1939 riofi
356 1904 479 1948 judices
501 1904 577 1938 sunt
598 1904 807 1939 interlocuti:
834 1909 974 1937 Canones
994 1905 1151 1948 legantur.

254 1955 302 1989 Et
315 1954 424 1988 statim
436 1954 673 1988 Beronicianus
695 1955 773 1988 sacri
798 1953 988 1988 Confistorii
1013 1955 1153 1988 Secreta-

255 2005 323 2038 rius
337 2005 418 2049 legit
428 2012 583 2047 quartum
598 2004 770 2039 Canonem
789 2004 984 2044 Nicaenum,
1011 2003 1150 2037 statuen-

255 2063 338 2094 tem,
351 2063 388 2087 ut
400 2053 697 2088 consecrandorum
710 2055 947 2098 Episcoporum
967 2054 1000 2087 &
1011 2055 1151 2087 aliorum

255 2104 293 2138 in
317 2103 431 2147 quavis
445 2102 622 2137 Provincia
643 2103 864 2148 gerendorum
885 2103 1094 2137 confirmatio
1118 2105 1150 2138 δε

254 2155 402 2197 suprema
413 2153 554 2197 potestas
578 2154 615 2187 sit
637 2165 735 2196 penes
748 2153 854 2187 solum
878 2153 1149 2196 Metropolitam.

254 2203 312 2238 Ad
325 2215 394 2247 quae
409 2202 620 2237 Anastafius:
646 2203 801 2247 Consentio
811 2207 942 2236 Canont.
972 2206 1003 2236 si
1025 2215 1083 2236 non
1098 2203 1151 2245 fui

256 2255 520 2296 Metropolitanus,
550 2265 600 2287 nec
622 2265 672 2297 ego
691 2255 750 2287 illic
773 2254 865 2288 habeo
883 2261 1022 2296 partem.
1053 2252 1149 2288 Dixit

255 2305 287 2336 se
299 2326 310 2344 ‚
337 2303 414 2338 licet
426 2315 496 2338 non
509 2304 611 2338 totius
623 2302 791 2348 Bithynia:
806 2329 817 2345 ,
846 2315 954 2338 tamen
977 2304 1011 2337 in
1035 2302 1149 2347 Bithy-

254 2353 312 2387 nia
338 2355 402 2388 esse
428 2354 701 2397 Metropolitam,
726 2354 929 2397 proindeque
952 2354 985 2388 &
1007 2353 1063 2387 fibi
1087 2354 1149 2388 effe

255 2403 373 2438 debere
385 2403 528 2447 aliquam
552 2403 802 2447 metropoliticae
813 2403 979 2448 potestatis
1003 2414 1125 2446 partem
1137 2428 1148 2444 ‚

255 2454 310 2486 seu
322 2453 514 2496 potestatem
527 2451 804 2497 metropoliticam
826 2454 862 2488 in
874 2453 998 2497 aliquas
1008 2453 1147 2488 Provin-

255 2505 314 2536 ciae
324 2502 474 2536 civitates
486 2527 494 2534 .

304 2551 522 2595 Dependebat
532 2551 566 2586 id
588 2563 630 2586 ex
640 2553 788 2586 mensura
808 2552 842 2586 &
865 2553 967 2587 modo
987 2553 1068 2587 datae
1087 2552 1144 2598 ipfi

255 2601 430 2648 dignitatis
442 2602 709 2645 metropoliticae.
737 2603 829 2635 Hinc
843 2601 883 2636 ad
895 2603 999 2646 ipsum
1011 2604 1143 2647 gloriosi

255 2652 394 2697 judices:
423 2651 545 2693 Ostende
565 2652 812 2694 quemadmodum
825 2654 903 2693 jura
919 2655 1137 2695 Metropolitani

256 2702 364 2735 babes.
393 2702 437 2735 Et
450 2702 539 2746 ipse.-
566 2703 701 2744 supplico
721 2703 779 2746 legi
793 2703 885 2745 legem
909 2702 1061 2736 Valentis
1078 2705 1145 2738 Au-

255 2752 364 2797 gusti,
390 2762 455 2794 qua
479 2751 535 2786 ille
555 2752 723 2793 Nicaenis,
748 2751 793 2786 ob
814 2752 882 2795 ejus
906 2752 945 2786 ad
972 2753 1142 2796 imperium

254 2801 494 2836 exaltationem
518 2801 650 2846 publica
671 2802 791 2847 gaudia
812 2801 1071 2841 celebrantibus,
1099 2805 1144 2837 al-

254 2851 439 2896 legantibus
459 2852 626 2886 civitatem
653 2853 743 2887 suam
765 2851 830 2895 jam
851 2853 935 2887 olim
964 2852 1005 2887 ab
1027 2852 1145 2898 Augu-

253 2902 309 2936 stis
330 2900 538 2946 Principibus
559 2901 652 2936 fuisse
672 2903 879 2937 nominatam
912 2903 1143 2947 metropolim,

253 2952 575 2996 supplicantibusque
594 2950 790 2997 dignitatem
809 2951 894 2988 hanc
920 2953 979 2987 fibi
1001 2954 1072 2988 fieri
1093 2956 1144 2988 fir-

213 3001 215 3003 ’
254 3014 343 3041 mam
363 3012 401 3037 ac
424 3001 651 3044 immobilem,
686 3012 784 3046 atque
802 3004 902 3038 etiam
926 3004 1063 3048 augeri,
1089 3004 1141 3038 ad-

256 3063 370 3086 nuerat
385 3053 418 3086 in
432 3051 500 3086 haec
510 3052 606 3087 verba
620 3066 631 3085 .·
659 3055 837 3087 Permaneat
847 3060 880 3087 tn
886 3062 1064 3097 perpetuum
1085 3054 1140 3096 ista

255 3101 422 3145 conficetudo
446 3127 457 3143 ‚
493 3104 526 3136 (a
551 3106 662 3135 civitas
695 3102 794 3144 vestra
815 3114 820 3118 ·
823 3102 862 3146 fit
893 3106 1138 3147 metropolitana,

254 3151 459 3195 consuetudine
470 3161 569 3185 tamen
583 3158 615 3185 in
633 3154 756 3197 proceffu
778 3153 928 3193 Bithynice
939 3157 1055 3195 judicis
1071 3164 1140 3197 per-

255 3212 393 3236 manente
414 3228 421 3234 .
458 3202 571 3236 Nullus
601 3207 681 3236 enim
712 3202 814 3245 aufert
844 3205 960 3247 aliquid
990 3205 1137 3239 aliorum.

255 3252 334 3299 Qa
364 3252 436 3296 lege
460 3253 560 3291 Ietta,
594 3246 735 3296 rep‘osuit
756 3254 959 3288 Eunomiusz'
985 3257 1064 3298 Rogo
1087 3267 1137 3288 ve-

250 3301 346 3341 stram
372 3304 644 3346 Magnificentiam‚
669 3310 701 3335 ut
720 3303 855 3344 jubeatis
876 3305 931 3348 legi
953 3305 1043 3346 legem
1072 3305 1138 3339 Va-

254 3350 425 3385 lentiniani
449 3351 612 3397 Augusti,
640 3352 822 3386 concessam
844 3351 1053 3396 postmodum
1077 3353 1136 3388 Ni-

255 3401 509 3438 comedienfibus
522 3427 533 3443 ‚
560 3402 651 3446 cujus
661 3401 715 3436 hic
727 3412 820 3437 tenor
833 3416 844 3436 .·
870 3408 957 3437 Circa
974 3405 1136 3448 privilegia

1930 146 2021 189 295

1228 212 1362 240 civitatis
1379 205 1482 246 vestra?
1495 231 1505 246 ,
1531 219 1598 248 quae
1609 210 1676 241 olim
1680 209 1788 250 fuerat
1799 235 1809 250 ,
1835 210 2004 254 consuetudo
2010 214 2112 258 prisca

1223 255 1377 300 servetur.
1406 262 1511 299 Neque
1537 264 1614 289 enim
1637 259 1750 292 honoris
1771 262 1896 301 adjectio
1918 268 2110 298 Nicaenorum

1222 312 1362 353 'civitatis
1378 308 1435 348 jus
1457 305 1584 346 vestrum
1604 309 1710 341 laedere
1725 315 1855 351 poterit,
1880 313 1945 344 cum
1967 324 2111 357 augeatur

1230 359 1362 400 dignitas
1393 355 1655 398 Nicomedienfium
1677 365 1813 392 civitatis
1833 385 1844 402 ,
1879 364 1996 403 quando
2031 366 2107 403 illa,

1228 419 1295 449 quae
1322 408 1447 451 secundo
1472 409 1529 440 loco
1553 405 1610 445 est,
1635 413 1798 449 metropolis
1823 417 1938 445 nomine
1969 423 2109 445 vocatur.

1230 456 1410 491 Adversum
1423 456 1578 492 Nicaenos
1590 459 1609 497 ‚s
1625 467 1665 490 ex
1688 457 1837 494 Valentis
1858 461 1988 496 indulto
2009 459 2110 505 phila-

1228 508 1322 542 <teria
1342 508 1534 547 dilatantes,
1560 507 1646 550 apud
1667 506 1936 545 Valentinianum
1960 512 2111 546 interces-

1229 559 1291 592 sere
1304 559 1338 591 N
1343 558 1598 595 icomedienses,
1623 568 1660 591 ac
1671 557 1883 600 impetrarunt
1896 562 2000 606 legem
2017 588 2026 602 ‚
2041 574 2110 606 qna:

1229 608 1363 642 istorum
1397 607 1679 651 metropoliticum
1700 607 1904 652 privilegium
1935 611 2109 647 declaravit

1225 659 1287 691 esse
1308 657 1480 693 dumtaxat
1510 657 1698 692 nominale.
1736 657 1779 691 Et
1801 668 1934 702 utraque
1959 660 2009 694 lex
2032 663 2107 697 solis

1223 707 1373 742 civilibus
1395 707 1487 742 rebus
1509 708 1643 748 statuit,
1670 719 1873 751 nequaquam
1910 709 2105 745 Ecclesiasti-

1223 757 1287 792 cis.

1274 807 1367 842 Hinc
1378 807 1507 853 gloriosi
1530 806 1652 849 judiees
1670 809 1745 840 'sunt
1767 808 1974 843 interlocuti:
2002 812 2107 843 Nullae

1222 870 1259 891 ex
1273 858 1319 891 his
1333 861 1459 892 Divinae
1469 857 1578 891 litterae
1590 858 1626 890 de
1636 856 1817 900 Episcopatu
1828 860 1986 901 loquuntur
1995 884 2005 900 ,
2020 870 2108 892 utra·-

1222 919 1276 950 que
1297 916 1375 941 enim
1398 908 1533 941 honorem
1552 907 1690 940 tribuunt
1712 909 1943 950 metropolitanis
1969 909 2106 942 urbibus.

1223 961 1319 992 Sacrae
1332 969 1431 992 autem
1442 959 1550 992 litterae
1562 960 1697 990 Valentis
1708 981 1718 996 ,
1743 970 1810 1000 quae
1832 963 1970 993 Nicaenae
1989 965 2107 993 civitati

1222 1009 1390 1044 tribuerunt
1412 1009 1653 1050 metropoliticum
1668 1010 1746 1048 jus,
1769 1015 1951 1051 praecipiunt
1977 1009 2015 1042 ab
2039 1011 2108 1042 aliis

1221 1059 1395 1092 civitatibus
1407 1058 1484 1091 nibil
1491 1057 1604 1099 auferri
1617 1070 1623 1089 :
1652 1057 1695 1090 Er
1708 1059 1840 1092 adduCta
1861 1058 2033 1102 fiznc‘lorum
2047 1063 2107 1094 Pa-

1222 1117 1303 1141 trum
1318 1110 1451 1142 Nicaena
1462 1110 1562 1151 regula
1574 1109 1612 1142 de
1633 1119 1688 1140 uno
1710 1111 1901 1151 Metropolita
1922 1115 1953 1143 in
1975 1122 2108 1152 unaqua-

1222 1169 1277 1199 que
1289 1161 1451 1191 Provincia
1464 1161 1593 1190 decernit
1606 1183 1613 1190 .
1642 1159 1729 1201 ,Quid
1737 1163 1829 1202 igitur
1839 1161 1876 1193 de
1890 1159 1946 1194 hac
1958 1172 1990 1194 re
2006 1165 2108 1193 Conci-

1222 1210 1259 1240 lio
1273 1206 1378 1251 sano‘lo
1390 1209 1510 1241 videtur
1524 1208 1540 1239 ,Ρ
1568 1208 1612 1240 Et
1633 1208 1786 1251 Synodus
1808 1208 1982 1243 clamavit:
2011 1214 2110 1242 Cano-

1223 1269 1272 1290 nes
1296 1266 1438 1298 teneant,
1463 1257 1635 1290 canonibus
1649 1257 1802 1300 satisfiat.
1840 1259 1971 1293 Atticus
2004 1260 2109 1294 Nico-

1223 1308 1387 1350 politanus
1407 1308 1605 1351 EpiscopuS‚
1630 1309 1747 1342 veteris
1781 1310 1871 1352 Epiri
1891 1310 2107 1353 Metropolita

1222 1356 1368 1391 addidit.-
1395 1357 1509 1400 Regula
1524 1357 1658 1390 Nicaena
1681 1363 1726 1390 ita
1742 1364 1901 1400 praeciptt,
1927 1369 1961 1391 ut
1982 1366 2014 1391 in
2037 1372 2108 1392 una-

1219 1419 1335 1450 quaque
1360 1410 1522 1440 Pro-cincta
1532 1407 1774 1448 Metropolitanus
1787 1407 1895 1441 habeat
1913 1408 2083 1450 potestatem
2098 1434 2107 1449 ,

1220 1505 1379 1550 Episcopus
1393 1531 1400 1538 .
1427 1509 1472 1538 Et
1482 1505 1528 1538 hic
1538 1505 1576 1546 est
1595 1504 1698 1548 sensus
1720 1508 1829 1550 regulae
1844 1532 1852 1540 .
1881 1509 2107 1550 Nicomedienfis

1219 1566 1319 1592 autem
1339 1554 1498 1600 Episcopos
1512 1580 1523 1596 ,
1550 1559 1696 1598 quiajam
1714 1558 1835 1598 pridem
1857 1557 1920 1590 haec
1940 1559 2107 1600 metropolis

1219 1606 1278 1649 est,
1305 1607 1392 1640 debet
1403 1618 1502 1639 omnes
1524 1604 1704 1648 Episcopos,
1732 1613 1782 1649 qui
1804 1613 1835 1640 in
1855 1609 1957 1641 eadem
1980 1611 2107 1642 Provin-

1218 1663 1264 1690 cia
1271 1655 1367 1701 sunt,
1397 1658 1556 1690 ordinare.
1584 1655 1642 1688 Ait
1651 1667 1704 1699 per
1715 1657 1867 1691 adductas
1888 1658 1976 1702 leges
1989 1658 2106 1701 Bithy-

1221 1707 1309 1741 niam
1331 1718 1399 1740 non
1420 1706 1523 1740 dividi
1550 1707 1584 1739 in
1606 1706 1688 1739 duas
1716 1706 1928 1747 Provincias,
1965 1707 2105 1752 ideoque

1218 1769 1353 1791 omnem
1364 1755 1435 1791 istic
1447 1755 1721 1800 metropoliticam
1735 1757 1923 1800 potestatem
1934 1770 1974 1792 ex
1987 1769 2104 1801 quarto

1218 1807 1357 1841 Nicaeno
1371 1806 1512 1841 Canone
1534 1808 1597 1840 effe
1619 1807 1899 1842 Nicomediensss.
1928 1808 1970 1842 Et
1994 1810 2104 1843 omnis

1217 1857 1370 1900 synodus
1398 1856 1609 1890 acclamavit:
1638 1861 1710 1890 Haec
1729 1869 1828 1890 omnes
1855 1859 2012 1898 volumus,
2039 1858 2103 1892 haec

1216 1908 1320 1950 ubique
1331 1916 1470 1940 teneant.
1499 1905 1658 1948 Bithynia
1668 1917 1736 1940 erat
1756 1906 1905 1941 Ponticae
1927 1907 2103 1942 dioeceseos

1218 1956 1391 1991 Provincia
1402 1980 1412 1996 ,
1439 1954 1580 1998 ideoque
1592 1955 1734 1999 Ioannes
1746 1956 1937 1991 Sebastenus
1950 1958 1982 1990 in
1997 1958 2102 2001 prima

1218 2006 1396 2044 Armenia,
1422 2005 1663 2048 Constantinus
1685 2005 1902 2041 Melitinensis
1928 2008 1962 2041 in
1989 2011 2103 2043 Arme-

1215 2058 1268 2090 nia
1279 2056 1419 2091 secunda
1431 2080 1441 2096 ,
1469 2054 1631 2089 Patricius
1643 2054 1897 2100 Thyanenfisin
1922 2058 2096 2101 Cappado-

1213 2105 1433 2145 ciasecunda‚
1461 2105 1576 2139 Petrus
1589 2105 1787 2148 Gangrenfis
1811 2108 1844 2139 in
1871 2106 2100 2153 Paphlagonia

1214 2155 1458 2200 Metropolitae,
1484 2154 1648 2199 acreliqui
1670 2156 1705 2188 in
1725 2156 1835 2190 Ponto
1866 2157 2015 2202 Episcopi
2044 2169 2099 2201 per

1212 2207 1336 2241 dicium
1372 2207 1532 2249 Joannem
1570 2204 1807 2247 adjunxerunt:
1847 2211 1982 2240 canones
2009 2219 2099 2241 unum

1207 2256 1306 2300 sciunt
1330 2256 1549 2298 Metropolitum
1572 2260 1768 2297 antiquiorem
1782 2281 1792 2296 ,
1819 2257 2096 2299 &manifestumest

1211 2313 1352 2349 quoniam
1362 2304 1554 2350 religiostjssmo
1571 2304 1718 2349 Episcopo
1737 2308 1921 2341 Nicomedtae
1937 2310 2097 2341 ordinatio·

1211 2368 1264 2390 nes
1285 2365 1472 2398 competunt,
1499 2357 1613 2397 &quia
1623 2356 1764 2390 addut‘lae
1774 2362 1864 2392 etiam
1886 2359 1962 2400 leges
1983 2364 2096 2392 nomine

1201 1456 1325 1591 ,ὑφῇ
1335 1456 1488 1496 constituat
1499 1468 1619 1495 omnes,
1644 1463 1695 1498 qui
1715 1463 1749 1489 in
1771 1469 1807 1490 ea
1832 1461 1992 1491 Provincia
2009 1457 2080 1501 fimf
2098 1482 2108 1496 ,

1209 2409 1375 2449 metropolis
1394 2404 1571 2449 solummodo
1596 2405 1777 2440 honorarunt
1808 2412 1970 2440 Nicaenam
1990 2414 2097 2441 civita-

1208 2465 1288 2495 tem,
1312 2457 1541 2498 &praeponitur
1553 2455 1673 2498 reliquis
1687 2455 1840 2499 Episcopis
1863 2460 2031 2491 Provinciae
2050 2457 2097 2501 so-

1206 2508 1372 2541 lummodo.
1413 2506 1457 2540 Et
1477 2505 1632 2548 synodus
1650 2506 1847 2541 adclamavit
1861 2520 1872 2540 .·
1909 2508 2094 2551 Regulariter

1208 2559 1367 2591 docuerunt
1377 2579 1387 2595 ‚
1413 2559 1512 2589 omnes
1523 2554 1586 2588 haec
1597 2557 1720 2588 dicimus
1735 2579 1742 2587 .

1260 2607 1305 2640 At
1316 2617 1390 2640 ecce
1413 2614 1499 2640 nova
1532 2605 1712 2639 interceffio
1743 2605 1784 2639 ab
1808 2606 1910 2640 AEtio
1944 2606 2091 2642 Ecclefiae

1208 2655 1587 2699 Constantinopolitanae
1617 2653 1935 2694 Archi-Diaconos
1961 2659 2094 2701 Suggeri-

1206 2719 1272 2740 mus
1295 2705 1400 2746 vestrae
1412 2704 1664 2749 MagnIficentiae,
1689 2714 1823 2749 rogantes
1837 2715 1870 2739 ut
1880 2706 1992 2740 nullum
2009 2715 2090 2749 prae-

1197 2753 1617 2798 judiciumsanc‘liffimaetsedi
1629 2754 1688 2797 fiat
1700 2766 1738 2789 ex
1759 2756 1807 2789 his
1822 2781 1831 2796 ‚
1856 2768 1923 2798 quae
1946 2768 2022 2790 nunc
2043 2763 2087 2790 in-

1205 2807 1382 2840 terlocutorie‘
1393 2806 1474 2839 ditia
1481 2803 1554 2848 sunt
1574 2802 1785 2848 asanc‘liffimts
1809 2804 1965 2849 Episcopts
1991 2810 2091 2840 Euno-

1204 2861 1262 2890 mio
1284 2858 1318 2891 <a
1342 2854 1510 2897 Anastasio,
1544 2863 1599 2889 aut
1620 2866 1688 2897 quae
1707 2857 1744 2890 de
1764 2862 1803 2889 its
1826 2856 1978 2897 constituta
1995 2855 2087 2900 sunt.

1204 2906 1383 2947 Sanc‘liffima
1394 2910 1474 2940 enim
1486 2905 1809 2948 constantinopolitana
1825 2904 1913 2949 sedes
1938 2915 1991 2941 aut
2011 2908 2089 2941 ordi-

1205 2962 1354 2990 nationem
1367 2955 1434 3000 ipsa
1437 2955 1519 2998 facit
1535 2962 1568 2990 in
1580 2954 1769 2998 Bafilonopoli
1794 2967 1858 2990 cum
1868 2956 2009 3000 reliquis,
2035 2966 2090 2990 aut

1202 3018 1268 3040 eam
1276 3013 1427 3049 permittit
1444 3006 1533 3048 fieri,
1553 3005 1625 3047 ficut
1644 3008 1775 3044 litteris,
1801 3017 1867 3049 quae
1889 3012 2014 3040 veniunt
2037 3008 2090 3040 vel

1203 3066 1350 3091 venerunt
1365 3079 1375 3095 ‚
1398 3055 1696 3099 ostenderepoffumus
1710 3081 1717 3089 .
1742 3059 1788 3089 Et
1797 3068 1933 3101 rogamus
1953 3067 1986 3090 ut
2006 3060 2086 3098 Epi-

1195 3106 1278 3147 stolae
1307 3113 1532 3149 proponantur.
1572 3106 1732 3150 Legitimi
1755 3105 1951 3141 Patriarchae
1970 3106 2019 3149 jus
2039 3106 2085 3139 est

1205 3168 1274 3190 non
1303 3156 1390 3190 solos
1417 3156 1478 3189 suae
1503 3155 1648 3190 dioecefis
1683 3156 1933 3200 Metropolitas,
1971 3155 2025 3189 sed
2050 3154 2085 3189 δε

1205 3205 1429 3240 Provinciales
1440 3204 1620 3250 Episcopos
1631 3231 1641 3247 ,
1667 3206 1797 3242 vicinos
1806 3205 1936 3251 quidem
1948 3205 2085 3248 propriis

1205 3255 1375 3296 manibus,
1400 3255 1591 3290 remotiores
1613 3265 1720 3292 autem
1744 3256 1861 3301 praevio
1884 3257 1946 3290 suae
1966 3256 2085 3290 coufir-

1204 3306 1359 3341 mationis
1379 3306 1525 3340 Decreto
1546 3317 1738 3349 promovere
1757 3306 2002 3340 &consecrarez
2029 3305 2085 3339 Li-

1201 3366 1278 3401 quet
1303 3367 1344 3391 ex
1367 3355 1483 3390 litteris
1513 3355 1701 3391 Innocentii
1724 3355 1819 3399 primi
1841 3355 2014 3391 Pontificis
2041 3354 2083 3390 ad

1204 3405 1431 3441 Alexandrum
1450 3405 1672 3442 patriarcham
1699 3404 1965 3442 Antiochenurn.
1993 3403 2082 3462 istud

1996 3467 2032 3489 ΠΣ
