2340 3736
400 78 494 123 208

310 160 506 204 praescribat,
534 159 744 205 exspec‘i‘amus.
785 160 832 197 Ita
850 162 1038 198 miserabilis
1056 165 1188 197 Patriar·

309 210 373 245 cha
385 236 395 252 ,
422 214 486 250 ciem
499 213 614 253 Palatii
623 210 714 255 caeusae
725 213 947 255 transferantur
957 216 1001 246 ad
1010 218 1039 245 E
1042 214 1164 254 cclcffizm
1179 237 1188 251 ,

312 260 446 302 Ecclefiae
468 261 582 306 causam
606 263 650 294 ad
670 263 818 295 Palatium
836 263 1055 304 transferebat.
1086 262 1186 308 Quod

311 312 410 345 etiam
434 312 470 346 in
495 313 580 346 laico
593 311 745 356 Principe
768 313 971 357 reprehendit
991 311 1109 345 merito
1130 313 1188 345 Fa-

310 362 437 396 cundus
460 363 719 396 Hermianenfis.
759 363 928 406 Episcopis
949 362 1053 395 audiri
1074 362 1186 395 saltem

137 405 168 435 L·
181 414 192 434 ¹
201 413 224 433 ²·
235 412 294 441 04·
310 412 503 457 rogantibus
513 412 653 455 reposuit
662 411 858 446 Homuncio
870 425 881 446 .·
908 415 965 444 Vos
971 410 1112 454 schedam
1130 409 1188 454 res·

133 2587 162 2618 1³.
173 2585 241 2622 4522

306 462 414 505 puistls
425 486 436 502 ‚
460 473 510 505 ego
520 463 623 501 synodi
634 462 727 495 verba
737 474 792 494 non
803 460 932 504 ausculto
941 486 948 492 .

358 511 440 558 Qae
451 512 564 546 omnia
574 512 707 546 audiens
719 512 736 545 a
753 511 896 555 regreffis
907 510 1079 555 Episcopis
1090 535 1101 551 ‚
1125 511 1185 545 &a

310 562 496 596 Memnone
515 574 553 596 ac
570 562 687 597 Sansto
699 562 830 605 Cyrillo
840 561 994 603 justitiam
1007 560 1188 604 expostula»

310 622 343 646 ta
353 612 613 655 sanctasynodus
625 613 658 645 in
670 612 750 654 Joan
757 621 828 644 nem
841 622 877 643 ae
889 611 1025 655 triginta
1039 622 1187 654 quatuor,

310 672 392 706 quos
414 662 499 696 inter
522 660 754 695 Theodoretus
778 661 952 703 Cyrensis,
978 660 1187 705 illicoopera-

308 721 361 747 tos
377 711 559 755 ·Episcopos
578 710 807 754 pronunciavit
819 723 829 743 :
857 711 900 743 Ab
912 710 1106 753 Ecclefiastica
1116 723 1186 744 com-

309 767 446 797 munione
470 764 559 795 alieni
577 761 637 802 fint
663 785 674 800 ,
710 762 823 793 nullam
848 759 989 794 habentes
1008 761 1187 803 facultatem

308 821 461 854 umquam
484 823 522 844 ex
544 811 715 846 auctoritate
737 811 934 852 sacerdotali,
961 823 1021 852 qua
1039 811 1187 853 aliquibus

308 864 361 895 vel
385 862 591 895 detrimentum
613 864 667 894 vel
685 862 887 894 adiumentum
917 861 1038 902 adferre
1059 871 1188 902 queant,

308 914 394 945 donec
410 910 518 955 seipsos
542 913 770 944 condemnantes
795 917 950 952 proprium
960 910 1096 943 delicium
1108 910 1188 952 confi-

306 969 426 995 teantur
438 986 447 1001 ‚
477 963 513 993 id
523 967 641 993 interim
650 969 705 1002 pro
716 970 792 993 certo
803 960 945 992 habentes
959 985 968 1001 ,
996 958 1052 1001 nisi
1056 962 1185 994 celeriter

306 1010 358 1045 hoc
374 1011 585 1052 praestiterint‚
605 1010 673 1051 fore
695 1019 728 1042 ut
750 1009 914 1051 perfidiam
946 1003 1188 1054 degradationis

303 1059 582 1103 sententiatnjuxta
594 1066 746 1093 Canonum
759 1060 874 1092 decreta
891 1060 1070 1093 incurrant.
1100 1063 1186 1103 ‚Quin

306 1112 340 1143 Θ
362 1111 438 1143 illud
456 1121 568 1151 quoque
590 1113 664 1143 certo
676 1109 785 1149 constat
798 1133 807 1148 ‚
835 1118 939 1151 nempe
950 1112 1095 1152 quaejam
1116 1119 1186 1144 ante

305 1161 454 1202 illegitime
476 1168 579 1193 contra
606 1164 742 1192 Canones
766 1160 800 1191 (ν
818 1161 1019 1194 contumeliose*
1027 1170 1128 1193 contra
1138 1165 1186 1199 Cy-

304 1210 405 1243 rillum
426 1211 460 1243 (²5
475 1213 658 1243 Memnonem
664 1210 854 1250 sandhffimos
866 1208 1023 1253 Episcopos
1046 1212 1080 1244 (u
1090 1212 1187 1244 Eccle-

300 1259 351 1301 fiae
372 1258 514 1301 Praefides
537 1259 700 1293 machinati
715 1258 811 1302 sunt,
837 1270 873 1292 ea
891 1261 1004 1293 nullam
1012 1260 1187 1302 firmitatem

303 1309 411 1344 babere
421 1334 432 1350 ‚
460 1310 705 1354 quemadmodum
717 1312 751 1347 (7
764 1308 898 1351 besterna
909 1311 957 1344 die
965 1308 1043 1354 satis
1055 1311 1187 1345 declara-

302 1368 364 1393 tum
376 1360 412 1400 est
424 1379 459 1394 κ-

352 1411 443 1446 Haec·
457 1412 502 1446 est
525 1411 581 1446 illa
598 1411 759 1446 sententia
771 1436 782 1452 ,
808 1410 957 1446 adversus
968 1422 1064 1455 quam
1075 1411 1188 1446 acerri-

301 1460 355 1497 me
377 1461 462 1503 apud
485 1462 672 1505 Principem
695 1462 804 1504 questa
816 1462 860 1495 est
881 1460 1081 1496 schismatica
1094 1462 1186 1505 Joan·

302 1513 355 1546 nis
375 1513 495 1552 factio,
522 1511 556 1545 &
583 1512 762 1545 conclusit.-
788 1514 820 1543 51·
842 1514 1007 1543 Memnonis
1028 1513 1063 1545 (5
1087 1512 1187 1550 cyrilli

302 1562 435 1603 depositio
444 1563 463 1592 ἃ
476 1561 558 1594 nobis
562 1560 654 1601 sac¹7a
666 1561 773 1593 valida
789 1558 952 1603 nonfuiffet
966 1584 977 1600 ,
1003 1572 1052 1594 nec
1073 1561 1185 1595 libellos

285 1606 287 1609 ’
301 1612 468 1652 exbibet-15
485 1621 538 1644 nec
547 1609 685 1652 deptss'tos
699 1609 814 1654 absolvi
824 1609 997 1652 oportebat;
1018 1610 1065 1652 fin
1087 1620 1187 1645 autem

303 1674 339 1696 ea
358 1661 564 1696 exautboran'o
576 1659 732 1702 verejusta
751 1660 1012 1704 legitimaquefuit
1024 1685 1035 1701 ,
1060 1660 1162 1693 borum
1175 1685 1187 1702 ,

302 1713 417 1756 utique
442 1712 679 1755 Episcoporum
700 1721 756 1745 eos
775 1710 1014 1744 absolventium
1039 1735 1050 1751 ,
1078 1722 1185 1754 quoque

301 1767 563 1797 excommunicatio
574 1760 657 1802 justa
668 1761 828 1803 validaque
838 1760 959 1801 existet.
988 1758 1043 1794 Ab
1064 1762 1184 1795 eisdem

300 1813 391 1848 enim
415 1813 480 1847 haec
501 1812 535 1846 ὅ(
547 1810 601 1846 illa
613 1822 758 1845 manarat
770 1837 777 1844 .
805 1811 886 1845 Non
898 1810 1107 1845 solummodo
1120 1812 1186 1854 Cy-

301 1863 413 1898 rillum
435 1875 472 1897 ac
496 1863 683 1896 Memnona
717 1861 909 1906 degradarat
934 1885 946 1901 ,
983 1860 1037 1895 sed
1062 1862 1096 1895 δε
1117 1872 1186 1896 om-

300 1925 379 1948 nem
412 1913 476 1947 illis
509 1912 811 1946 communicantem
847 1910 1022 1953 Synodum
1056 1922 1186 1945 excom—

301 1963 484 1999 municarat
504 1963 664 2006 Joannes,
690 1960 831 2002 ideoque
853 1959 938 1994 hanc
960 1960 1048 1994 illius
1062 1962 1186 1995 senten-

301 2015 384 2048 tiam
406 2013 513 2057 arguit
536 2011 820 2046 contradictionis:
848 2009 973 2053 Utpote
984 2022 1054 2054 quae
1067 2011 1184 2054 Cyrilli

302 2065 337 2105 ὃς
347 2062 543 2099 Memnonis
553 2060 819 2106 degradationem
831 2084 841 2100 ,
852 2059 1007 2104 fimulque
1017 2061 1103 2094 suam
1118 2073 1186 2096 uno

302 2113 445 2157 ejusdem
458 2111 622 2156 potestatis
634 2111 695 2144 istu
710 2110 865 2143 inflictam
876 2111 1187 2145 excommunicatio-

303 2175 382 2198 nem
401 2162 549 2197 debuerit
571 2171 627 2196 aut
641 2160 781 2194 validam
793 2159 908 2193 ducere
918 2170 974 2194 aut
985 2159 1164 2195 invalidam
1175 2185 1186 2202 ,

303 2223 402 2257 atque
422 2214 466 2248 ita
486 2211 776 2247 excommunicata
791 2209 984 2254 degradatos
997 2222 1064 2245 non
1078 2221 1188 2254 porue-

303 2265 367 2305 rit,
394 2273 450 2297 aut
467 2264 542 2296 sana
563 2263 655 2296 sanos
678 2272 747 2295 non
774 2259 923 2293 debuerit
947 2272 1110 2303 reparare.
1140 2263 1187 2295 At

303 2314 500 2348 sententiam
522 2312 622 2346 sastio
643 2322 713 2345 non
735 2309 901 2344 intellexit
924 2334 931 2341 .
971 2311 1186 2354 Nequaquam

303 2363 395 2398 enirn
417 2362 569 2406 synodus
591 2361 729 2395 absolvit
750 2369 806 2394 aut
827 2359 952 2393 sanavit
971 2382 982 2399 ,
1019 2360 1071 2393 sed
1096 2362 1188 2394 sanos

304 2413 479 2448 dumtaxat
501 2411 676 2446 declaravit
699 2409 864 2452 Cyrillum
885 2410 920 2443 &
939 2409 1157 2444 Memnonem
1175 2435 1186 2451 ,

302 2464 413 2498 secuta
424 2461 583 2506 judicium
595 2459 710 2494 Aeacii
723 2458 875 2502 Episcopi
887 2458 1111 2493 Melitinensis.
1122 2461 1185 2494 Fri·

303 2513 380 2548 vola
400 2512 482 2547 item
501 2512 565 2546 fuit
587 2511 649 2544 alia
674 2509 809 2553 Joannis
821 2508 995 2551 exceptio,
1022 2520 1084 2552 qua
1097 2511 1185 2543 suam

303 2573 486 2608 paucorum
507 2561 744 2605 Episcoporum
764 2558 938 2592 factionem
961 2558 1120 2602 gloriatus
1142 2560 1186 2592 est

304 2613 399 2647 nullo
421 2613 515 2656 pacto
525 2622 600 2646 cum
614 2609 763 2652 imperita
774 2608 991 2642 Asiaticorum
1006 2609 1040 2642 δε
1054 2608 1188 2654 AEgyp-

305 2665 429 2698 tiorum
442 2661 534 2697 turba
548 2659 776 2695 conferendam
787 2683 795 2691 .

357 2711 499 2747 Addidit
525 2710 701 2746 sententia:
727 2711 808 2752 ,ραι
829 2708 897 2742 aaa
913 2708 1009 2752 sunt,
1036 2713 1136 2742 omnia
1146 2711 1190 2742 ad

303 2765 491 2805 pirffimorum
512 2766 725 2804 Imperatorum
738 2770 822 2791 aures
832 2758 1021 2799 referantur,
1045 2768 1080 2792 ut
1102 2762 1188 2792 Divi-

309 2825 359 2847 nae
369 2824 453 2847 aures
463 2810 632 2856 cognoscant
647 2822 683 2844 ea
699 2834 710 2850 ‚
735 2807 879 2851 quaefimt
888 2807 1036 2851 consecuta
1047 2834 1055 2842 .
1081 2808 1129 2842 Ita
1149 2811 1188 2843 se·

309 2863 423 2897 cundae
439 2861 557 2906 Cyrilli
577 2873 617 2895 ac
636 2860 832 2893 Memnonis
853 2858 1063 2900 postulationi
1075 2859 1190 2893 satisfe-

311 2912 357 2945 cit
367 2938 374 2944 .
402 2913 445 2946 Et
468 2923 547 2945 mox
566 2911 647 2945 fasta
660 2910 705 2944 est
718 2908 851 2943 Relatio
863 2907 904 2941 ad
916 2906 1142 2942 Theodosium
1153 2909 1187 2941 ὅς

310 2960 581 2997 Valentinianum
608 2958 776 3004 Augustos
803 2982 815 2999 ‚
849 2957 1037 2992 adseverans
1061 2956 1127 2991 haec
1154 2960 1188 2992 in

313 3010 478 3053 Cyrillum
500 3012 533 3045 ὃς
551 3011 771 3045 Memnonem
796 3015 952 3042 attentata
975 3009 1150 3051 processisse
1171 3008 1189 3041 a

312 3060 391 3095 solis
410 3060 543 3103 triginta
563 3060 718 3095 Nestor-io
739 3057 975 3093 adhaerentibus
999 3056 1189 3101 Episcopis‚

314 3106 439 3152 quorum
457 3111 509 3142 alii
522 3111 590 3149 jam
605 3111 725 3151 pridem
744 3107 882 3150 depositi,
908 3108 960 3140 alii
974 3112 1063 3142 etiam
1077 3115 1189 3148 pravae

314 3158 428 3198 celestii
448 3159 588 3192 doetrinae
604 3158 779 3201 fidiatores,
806 3159 930 3201 quidam
948 3162 1059 3199 etiam,
1083 3166 1116 3190 ut
1138 3164 1190 3199 qut

314 3221 377 3242 cum
401 3208 532 3250 Nestorio
547 3206 683 3251 sentiant
706 3232 718 3249 ,
741 3208 930 3241 anathemati
946 3206 1062 3250 subditi
1082 3216 1183 3240 erant.

314 3258 416 3292 Hisce
436 3258 482 3293 ait
501 3257 617 3293 ducem
638 3258 671 3290 ὃ(
695 3267 791 3300 caput
811 3257 904 3290 fuisse
916 3258 1096 3300 Ioannem,
1121 3257 1189 3300 ejus

315 3306 801 3342 temeritates&contumaciam
812 3306 947 3348 exponit
959 3331 970 3346 ,
995 3317 1092 3350 atque
1111 3318 1189 3341 con-

315 3356 435 3391 cludit.
463 3360 543 3400 ,ραι
566 3359 673 3391 temere
693 3357 833 3398 varieque
851 3354 975 3396 fuerant
1001 3362 1127 3400 nugati,
1154 3358 1188 3390 et

311 3414 413 3442 contra
430 3418 544 3442 omnem
563 3411 720 3443 canonum
739 3407 871 3444 ordinem
891 3406 1037 3439 adversus
1049 3405 1187 3446 Cyrillum

1015 82 1471 127 Appznorx

1253 164 1285 195 &⁴
1309 166 1491 197 Memnonem
1509 163 1620 208 firipto
1644 167 1865 201 mandaverant
1886 193 1895 210 ‚
1918 180 1960 211 ea
1977 173 2067 204 irrita
2085 175 2119 207 ζον

1248 213 1371 253 prorsus
1398 225 1481 245 vana
1499 216 1550 257 effe
1564 218 1788 256 judicavimus.
1814 221 1936 252 Etenim
1951 222 2123 264 judicium,

1252 262 1330 302 quod
1338 262 1398 304 lege
1411 263 1445 295 (5
1456 257 1571 303 justina
1580 276 1617 298 ex
1631 268 1713 298 nulla
1719 276 1809 309 parte
1821 275 1929 302 nititur
1939 294 1950 310 ‚
1975 271 2060 303 aliud
2077 277 2123 305 nt-

1251 310 1297 343 hil
1304 310 1342 349 est
1354 310 1408 352 m'fi
1415 323 1527 345 merum
1537 319 1697 347 convicium
1707 339 1715 347 .
2070 320 2074 347 l

1302 362 1396 395 Fadia
1418 361 1496 395 item
1516 361 1562 396 est
1582 363 1714 398 Relatio
1725 364 1764 399 ad
1776 366 1975 404 Celestinum
1989 369 2126 405 Pontifi-

1251 420 1321 444 cem
1334 434 1346 451 ,
1371 411 1413 444 de
1436 423 1500 455 qua
1522 409 1670 446 scholion
1691 415 1870 458 marginale
1895 433 1906 452 .-
1941 422 2123 463 Exemplum

1251 463 1280 492 E
1279 460 1390 501 ptstolae
1397 460 1521 504 fi‘riptae
1531 460 1664 505 tisanHa
1674 464 1781 501 synodo
1796 467 1840 497 ad
1855 469 2028 509 celestinum
2038 469 2122 504 urbis

1250 513 1351 544 Romae
1364 510 1640 555 Archi-Episcopum
1653 537 1663 552 ,
1687 524 1746 554 qua
1757 524 1792 546 ea
1801 522 1898 548 omnia
1913 521 2098 560 expllcantur
2108 545 2121 562 ‚

1250 571 1316 601 quae
1336 565 1369 592 in
1394 559 1457 604 ipsa
1463 560 1571 604 sanc‘la
1587 563 1620 596 Θ
1638 574 1748 606 magna
1763 563 1912 606 prefina
1926 568 2032 605 synodo
2039 570 2121 614 gesta

1246 607 1326 651 sunt.
1339 610 1472 644 Relatio
1484 612 1523 645 ad
1536 611 1702 656 Principes
1711 614 1848 656 exponit
1865 616 1931 648 sola
1945 627 2001 659 pro
2014 619 2123 654 Mem-

1252 671 1339 693 none
1359 659 1393 697 &
1417 660 1545 704 Cyrillo
1566 663 1716 697 adversus
1738 664 1873 706 joannis
1884 666 2056 701 samonem
2068 679 2125 712 ge-

1250 709 1294 742 sta
1309 734 1320 750 ‚
1345 709 1435 752 quod
1459 722 1575 755 nempe
1595 715 1698 756 prima
1721 714 1817 748 Actio
1837 713 1902 756 jam
1925 716 2048 759 pridem
2067 717 2124 752 sua

1250 759 1361 792 omnia
1382 759 1449 793 illis
1473 761 1643 797 retuliflet.
1671 762 1782 797 Etiam
1803 765 1843 797 ad
1855 764 1975 808 Papam
1988 765 2125 801 Relatio

1250 807 1345 842 habet
1356 809 1397 843 de
1409 810 1487 852 Joan
1494 811 1543 845 nis
1554 821 1731 847 attentato:
1759 816 1891 847 Ludicra
1906 815 2023 858 scripta
2039 816 2126 850 abro-

1244 864 1385 902 gavimus
1401 884 1411 899 ‚
1438 863 1632 904 invalidaque
1643 874 1677 895 ac
1683 865 1808 905 prorsus
1820 866 1941 907 infirma
1947 872 2126 908 pronuncia·

1249 916 1368 943 vimus.
1398 909 1489 943 Nihil
1508 917 1585 944 enim
1605 921 1693 946 erant
1701 913 1803 953 aliud,
1829 926 1920 956 quam
1931 928 2013 949 mera
2024 925 2124 949 contu-

1249 961 1355 993 melia.
1382 959 1425 994 Et
1435 961 1533 995 edicit
1550 964 1676 996 causam
1690 976 1701 996 .·
1729 965 1821 1006 ,Quod
1831 963 1952 1007 sedibus
1964 966 2124 999 minoribus

1249 1014 1281 1040 ln
1292 1012 1422 1051 majores
1434 1012 1516 1043 nulla
1519 1009 1558 1052 fit
1563 1012 1693 1053 potestas
1705 1036 1712 1044 .
1740 1013 1791 1046 Ex
1811 1015 1900 1048 sexto
1913 1016 2050 1050 Canone
2062 1015 2123 1049 Ni·

1250 1069 1339 1092 caeno
1357 1085 1362 1091 .
1392 1059 1553 1095 Adfirmat
1574 1062 1734 1105 Joannem
1759 1063 1793 1096 δε
1808 1064 1875 1107 ejus
1885 1066 2013 1099 asseclas
2029 1067 2123 1100 fuisse

1248 1108 1479 1153 degradatione
1490 1110 1608 1155 dignos
1619 1138 1629 1153 ‚
1654 1113 1687 1146 ὅ(
1699 1113 1790 1146 addit
1802 1126 1813 1145 .-
1841 1116 1948 1147 Verum
1961 1115 2012 1147 hoc
2023 1118 2124 1149 Pieta-

1249 1164 1288 1191 tis
1312 1168 1373 1193 tuae
1387 1162 1502 1200 judicio
1522 1159 1744 1204 reservavimus
1759 1187 1766 1194 .
1793 1163 1938 1197 Romani
1950 1163 2124 1198 Pontificis

1250 1209 1339 1252 supra
1353 1211 1384 1243 se
1395 1221 1432 1243 ac
1443 1221 1558 1245 omnes
1570 1211 1770 1246 patriarchas
1789 1213 1915 1255 plenam
1930 1214 2124 1257 potestatem

1248 1259 1434 1301 profitetur,
1460 1260 1494 1293 ὅ(
1517 1261 1684 1296 concludit
1707 1276 1717 1296 :
1743 1264 1883 1295 PerletJis
1907 1269 2130 1302 coxit-tentanti*v

1249 1308 1382 1342 Aliorum
1403 1315 1435 1342 in
1459 1310 1627 1352 depositione
1653 1318 1809 1354 impiorum
1830 1314 2055 1357 Pelagianorum
2087 1315 2124 1348 δ’

1255 1359 1505 1400 Celestianorum,
1533 1361 1664 1402 celestii,
1691 1364 1827 1405 Pelagii,
1848 1363 1975 1408 Juliam'
1995 1387 2005 1403 ,
2033 1362 2124 1405 Perfi-

1248 1409 1292 1441 dn
1312 1432 1322 1447 ,
1349 1410 1431 1442 Flm·
1459 1434 1470 1451 ‚
1497 1414 1682 1452 Marcellini,
1709 1417 1854 1453 orentii,
1882 1415 1916 1447 <5
1935 1415 2037 1447 eadem
2057 1423 2125 1447 cum*

1248 1458 1305 1491 illis
1314 1457 1511 1502 sentientium
1522 1485 1533 1500 ‚
1557 1474 1624 1504 quae
1646 1463 1667 1494 ᾶ
1687 1464 1805 1495 Pietate
1816 1472 1870 1495 tua
1881 1463 1995 1505 deipsis
2006 1466 2127 1498 decreta

1248 1510 1282 1542 <9
1303 1508 1454 1549 constituta
1471 1509 1543 1552 siant
1557 1535 1568 1551 ,
1585 1513 1793 1552 judicavimus
1809 1515 1843 1547 (3*
1861 1525 1912 1546 nos
1918 1512 2013 1557 solida
2017 1513 2123 1556 firma-

1247 1569 1302 1600 que
1318 1566 1492 1600 permanere
1513 1561 1637 1601 debere,
1664 1563 1699 1595 (a
1717 1563 1795 1595 idem
1812 1574 1909 1596 omnes
1919 1572 2013 1596 tecum
2017 1563 2123 1604 statui-

1247 1619 1314 1641 mus
1325 1632 1337 1648 ,
1362 1620 1407 1641 eos
1417 1617 1472 1651 pro
1483 1610 1614 1652 depositis
1626 1610 1766 1643 habentes
1777 1636 1784 1643 .
1812 1613 1863 1645 Ex
1874 1601 1940 1655 qu'o
1954 1624 2041 1655 patet
2061 1613 2124 1647 Pe-

1247 1657 1412 1703 lagianam
1425 1658 1548 1693 haerefin
1570 1660 1664 1694 fuisse
1682 1661 1715 1693 in
1729 1660 1789 1694 hac
1802 1660 1941 1695 Aetione
1951 1662 2122 1697 discussam

1246 1719 1283 1741 ac
1294 1708 1482 1743 damnatam
1495 1734 1502 1742 .
1528 1709 1590 1744 lsta
1601 1710 1659 1744 sub
1677 1711 1845 1744 celestino
1855 1710 2020 1746 adversum
2035 1713 2124 1757 ipsos

1248 1757 1329 1792 Acta
1341 1769 1396 1792 aut
1407 1759 1510 1793 latent
1519 1768 1576 1793 aut
1587 1761 1768 1803 perierunt,
1792 1760 1905 1804 grandi
1927 1762 2122 1797 Christianae

1246 1808 1439 1842 eruditionis
1464 1807 1604 1843 damno.
1633 1811 1710 1843 Hac
1730 1810 1810 1843 item
1833 1811 1977 1845 Actione
1999 1810 2122 1846 suasde

1248 1856 1470 1892 subtrahendis
1491 1857 1708 1893 Antiocheno
1729 1858 1962 1894 patriarchatui
1985 1860 2122 1896 Provin-

1246 1908 1304 1942 ciis
1326 1918 1430 1952 nugas
1440 1909 1605 1951 proposuit
1616 1909 1779 1952 Iuvenalis
1790 1910 2032 1954 Hierosolymae
2042 1910 2121 1954 Epi-

1248 1959 1361 2000 scopus
1382 1982 1393 1998 ,
1427 1957 1445 1991 a
1468 1959 1586 1993 Sansto
1608 1959 1736 2001 Cyrillo
1760 1959 1794 1992 in
1814 1960 1974 2003 Joannem
1993 1962 2120 1996 offe-nso

1246 2009 1374 2051 sperans
1384 2007 1543 2044 auxilium
1555 2032 1563 2041 .

1429 2186 1763 2236 ACTIO
1829 2191 1936 2237 VI.

1351 2306 1447 2340 Sexta
1469 2305 1504 2339 &
1526 2305 1686 2349 postrema
1707 2305 1870 2347 Affione,
1894 2307 1974 2341 facta
1992 2306 2123 2341 undeci-

1362 2356 1420 2389 mo
1432 2355 1592 2390 Calendas
1602 2356 1744 2400 Augusti
1757 2380 1768 2395 ,
1793 2358 1826 2389 in
1842 2357 1982 2390 Ecclesia
1997 2356 2124 2390 Metro-

1248 2406 1391 2448 politana
1416 2405 1530 2439 Petrus
1550 2405 1757 2439 Alexandriae
1775 2405 1948 2447 Presbyter
1969 2406 2062 2449 petiit
2086 2406 2123 2439 li-

1246 2455 1389 2488 centiam
1413 2454 1545 2498 legendi
1563 2466 1601 2489 ac
1622 2455 1808 2498 publicandi
1828 2456 1943 2488 fastam
1955 2455 1972 2488 a
1984 2455 2122 2497 synodo

1246 2505 1287 2538 de
1308 2503 1372 2538 fide
1388 2503 1616 2538 definitionem
1632 2529 1638 2535 .
1666 2506 1709 2538 Et
1720 2505 1799 2548 legit
1810 2504 2003 2546 Symbolum
2015 2505 2122 2539 Nicae-

1248 2564 1326 2587 num
1348 2565 1423 2588 curn
1436 2552 1497 2588 hac
1509 2553 1685 2597 appendice
1697 2568 1708 2588 .·
1735 2559 1810 2587 Huic
1814 2553 1928 2597 sanoqae
1935 2555 2008 2597 filei
2017 2567 2119 2589 omnes

1246 2602 1405 2646 consentire
1425 2610 1562 2637 convenit
1580 2629 1588 2636 .
1615 2608 1753 2637 Continet
1774 2609 1853 2638 enim
1868 2610 2011 2646 pietatem
2036 2628 2046 2644 ,
2081 2607 2118 2639 (¹1'

1247 2666 1314 2696 quae
1333 2652 1481 2697 sufficiant
1502 2654 1545 2685 ad
1565 2660 1653 2687 totius
1676 2655 1752 2687 orbis
1765 2656 1938 2687 utilitatem.
1967 2656 2119 2697 ,Quoniam

1248 2706 1318 2737 vero
1341 2705 1435 2747 aliqui
1450 2702 1591 2745 simulant
1611 2707 1730 2747 quidem
1746 2717 1811 2737 eam
1817 2702 1850 2746 se
1857 2704 1989 2745 profiteri
2002 2728 2013 2744 ,
2039 2710 2125 2746 etque

1247 2752 1406 2796 consentire
1418 2778 1429 2793 ,
1453 2755 1529 2787 male
1547 2763 1645 2786 autem
1656 2760 1889 2796 interpretantur
1895 2752 2030 2796 sensuum
2041 2759 2120 2787 vert-

1249 2813 1343 2837 tatem
1356 2827 1367 2844 ,
1387 2802 1460 2845 ficut
1480 2811 1523 2837 eis
1539 2805 1640 2844 placet
1663 2828 1674 2844 ,
1700 2806 1734 2837 &
1753 2810 1986 2837 circumveniunt
2005 2811 2121 2838 verita-

1249 2863 1306 2886 tem
1317 2877 1328 2892 ,
1352 2852 1503 2893 emstentes
1519 2853 1578 2894 filit·
1597 2859 1703 2886 erroris
1714 2866 1748 2886 ac
1751 2855 1925 2895 perditionis
1940 2878 1951 2894 ‚
1977 2862 2047 2895 opus
2051 2853 2120 2894 fule

1250 2914 1286 2936 ex
1291 2903 1405 2946 sanblis
1417 2905 1450 2937 (5
1470 2903 1638 2936 orthodoxis
1660 2904 1801 2936 Patribus
1822 2913 1991 2946 comparare
2002 2902 2120 2943 testimo-

1250 2959 1322 2994 nia,
1349 2964 1415 2995 quae
1429 2952 1606 2996 satlsfacere
1631 2955 1756 2987 valeant
1774 2977 1785 2993 ‚
1810 2954 2053 2995 quemadmodum
2074 2958 2125 2985 tn-

1250 3004 1418 3036 tellexertnt
1428 3015 1494 3036 eam
1504 3026 1514 3041 ,
1539 3005 1746 3045 &praedicare
1766 3002 1916 3044 confififint
1926 3026 1936 3042 ‚
1960 3013 1992 3035 ut
2012 3004 2121 3043 palam

1244 3051 1281 3092 fit
1292 3059 1362 3094 qula
1374 3064 1469 3085 omnes
1481 3052 1591 3086 reblam
1604 3055 1637 3087 (θ’
1647 3057 1866 3086 immaculatam
1878 3051 2117 3094 habentes-fidem

1242 3101 1281 3143 sic
1294 3104 1464 3145 intelligunt
1475 3104 1752 3144 &interpretantur
1765 3128 1774 3142 ,
1800 3105 1834 3136 (θ
1851 3105 2017 3145 praedicant
2028 3111 2094 3132 eam
2107 3123 2116 3131 .

1250 3152 1293 3185 Et
1304 3150 1344 3185 ad
1352 3153 1496 3185 Flaviani
1510 3151 1726 3195 Philippensis
1739 3153 1889 3196 Episcopi
1902 3149 2120 3186 interlocutio·

1249 3212 1325 3235 nem
1347 3201 1434 3235 idem
1457 3201 1569 3236 Petrus
1581 3203 1659 3246 legit
1670 3203 1781 3237 omnia
1792 3203 1922 3236 Patrum
1933 3198 2118 3233 testimonia

1248 3252 1326 3285 lecta
1339 3251 1478 3294 superius
1492 3252 1525 3285 in
1538 3253 1639 3294 prima
1654 3252 1794 3286 A'dtione
1807 3277 1814 3283 .

1296 3299 1351 3337 Ad
1371 3302 1404 3335 N
1409 3303 1539 3335 icaenam
1554 3300 1649 3335 fidem
1662 3301 1791 3336 adsidue
1800 3307 1987 3342 provocarat
1999 3296 2118 3331 Nesto-

1246 3351 1334 3391 rius,
1361 3349 1548 3385 adseverans
1567 3352 1608 3384 ab
1628 3364 1665 3385 ea
1689 3349 1771 3385 nihil
1790 3349 1910 3382 clidium
1931 3347 1977 3383 de
2000 3349 2116 3381 Sansta.

1246 3401 1386 3448 Virgine
1398 3425 1410 3442 ,
1434 3401 1490 3444 nist
1505 3407 1576 3445 quta
1597 3404 1741 3441 Dominus
1761 3397 1851 3439 noster
1867 3395 1967 3442 Jesus
1979 3396 2114 3437 christus

1971 3452 2066 3479 incar-

2139 3395 2167 3422 L.
2178 3393 2293 3425 isone.

2135 3432 2296 3473 Epheficafi
