2340 3736
377 148 473 201 176

299 222 446 259 dicentes
465 234 539 260 eum
552 225 630 261 solis
640 224 795 267 vocibus,
820 237 888 262 non
908 228 998 265 sensu
1011 227 1168 262 deviaffe.

302 276 349 311 Et
370 273 412 309 de
431 274 596 312 Marcello
615 274 757 319 Ancyrae
766 277 950 322 Episcopo,
976 287 1045 310 non
1059 287 1170 319 pravo·

301 336 376 360 rum
395 324 568 363 dumtaxat
587 325 758 362 verborum
779 350 792 368 ‚
818 327 871 362 sed
889 326 924 363 δε
944 326 1091 361 ἷεηίαυηι
1114 337 1170 360 reo

303 375 415 412 scribit
435 377 569 410 Sanetus
587 376 815 421 Hieronymus
835 376 870 409 in
895 375 1047 420 catalogo
1073 388 1080 407 ε
1117 377 1172 411 Ille

304 425 443 470 defi-ndu
458 424 492 469 Ji·
505 436 562 460 non
572 426 693 470 effeejus
703 428 850 472 dogmatis
864 450 875 466 ,
897 427 982 467 eujus
1004 423 1170 468 accusatur.

305 477 351 511 Et
362 475 403 510 de
413 474 637 512 Priscilliano:
663 477 838 521 Defendunt
847 476 941 518 quida
949 488 969 507 n
980 487 1039 509 non
1051 478 1097 509 irai
1107 487 1174 511 eum

301 525 431 572 senfiffe,
454 536 489 560 ur
509 534 660 571 arguitur.
689 527 813 563 Eadem
838 526 891 559 via
904 525 1044 569 Joannes
1056 525 1175 560 Hiero-

307 575 442 618 solymae
463 576 643 621 Episcopus
663 587 785 612 errores
795 577 868 610 suos
878 585 1018 611 conatus
1029 575 1074 610 est
1087 577 1175 610 fuca-

306 638 340 660 re
367 651 374 658 .
410 625 524 662 Etiam
543 628 683 671 Joannes
702 626 874 660 Wicleffus
899 650 911 668 ,
939 625 1175 671 'ideoqueejus

304 675 489 719 conclufiones
507 679 542 715 ό·
558 675 762 719 propositiones
783 700 795 717 ‚
820 676 858 713 de
874 674 956 709 bonIs
974 676 1110 719 operibus
1140 677 1175 712 ὀ·

304 728 342 761 de
362 727 439 763 'nali‘
455 725 613 771 sentientes
629 751 640 767 ,
670 726 852 772 Gregorius
870 726 960 771 Papa
981 724 1174 763 undecimus

303 777 473 811 damnavit
493 775 555 811 hac
575 775 693 820 adjecta
714 777 876 811 clausula:
904 778 987 812 Licet
1008 784 1174 819 caspropo-

303 837 408 862 nentes
424 824 481 870 fieb
498 831 628 870 quadam
640 827 796 861 verborum
801 825 854 870 seu
863 833 1055 860 terminorum
1065 824 1175 869 curiosa

301 879 498 920 implicatione
515 886 655 912 conentur
674 877 848 920 defendere.
877 876 1005 911 Eodem
1025 876 1127 910 modo
1138 877 1171 910 in

300 929 396 965 causa
406 927 500 961 simili
512 926 640 965 locutus
649 927 693 961 est
707 927 786 962 Pius
797 927 930 970 quintus
941 939 953 960 .·
979 929 1175 970 ,Quamquam

300 975 398 1021 a'ltquo
415 977 503 1020 padio
514 976 655 1023 sustineri
672 978 807 1021 poffunt.
835 976 879 1011 Et
905 974 985 1010 hinc
993 976 1036 1010 de
1048 975 1173 1011 Acade-

298 1029 366 1063 mia
379 1026 562 1061 Oxoniensi
583 1028 618 1061 ἀ
629 1026 754 1062 laudati
765 1025 919 1071 Gregorii
929 1025 964 1060 in
984 1025 1182 1070 Wicleffiimj

296 1077 476 1122 diplomate
500 1100 511 1118 ,
546 1076 641 1113 misso
656 1087 712 1120 per
732 1076 932 1121 Magistrum
958 1075 1171 1111 Edmundum

297 1125 557 1170 Staffdorp,reste
565 1126 676 1162 scribit
687 1126 840 1163 Thomas
852 1124 1170 1172 Walsinghamensis.

290 1174 498 1217 *Universitatis
516 1178 649 1213 moderni
659 1177 796 1211 ReHores
806 1177 953 1220 quantiam
974 1178 1171 1221 degenerave-

115 1191 143 1218 Α
176 1193 246 1227 '³⁷3
293 1233 358 1260 rint
381 1229 401 1259 ἃ
415 1228 583 1269 prudentia
594 1226 650 1271 seu
660 1226 815 1271 sapienn‘a
824 1233 1010 1270 antiquorum
1022 1251 1032 1268 ,
1054 1227 1172 1270 perboc

295 1277 382 1316 facile*
401 1283 502 1311 comici
517 1283 650 1320 poterit,
677 1279 757 1321 quod
772 1279 884 1311 audita
903 1276 994 1320 causa
1016 1279 1178 1312 adventus*

292 1329 423 1370 papalis
444 1331 559 1362 Nuntii
579 1330 632 1361 diu
654 1333 688 1362 in
705 1329 835 1370 pendulo
855 1326 1010 1362 baerebam
1034 1353 1046 1369 ,
1071 1329 1169 1362 ntrrim

290 1381 438 1420 Papalem
458 1378 580 1413 Rultaem
592 1378 730 1412 deberent
761 1390 827 1412 cum
839 1377 944 1412 bonore
955 1384 1080 1421 recipere
1091 1402 1103 1418 ,
1127 1390 1169 1411 an

289 1430 409 1461 omnino
429 1439 494 1461 cum
518 1429 654 1462 dedecore
675 1428 810 1471 κίνησε
826 1452 834 1461 .
859 1424 1024 1471 Oai-oniensi·
1037 1427 1169 1468 studium

284 1479 424 1522 generale
441 1490 531 1520 quam
547 1485 642 1522 gravi
661 1475 748 1522 lapsu
770 1480 791 1510 ἃ
807 1476 967 1520 fhpIentiae
986 1479 1020 1512 6·
1035 1476 1168 1521 sciennae

287 1530 414 1562 culmine
431 1526 564 1569 decidisti
577 1551 588 1569 ,
613 1530 694 1570 quod
713 1529 866 1570 quondam
886 1527 1111 1561 inextricabilia
1122 1538 1167 1561 at·

287 1589 344 1620 que
365 1577 458 1610 dubia
469 1582 524 1611 toti
535 1579 646 1611 mundo
655 1578 806 1611 declarare
816 1575 950 1620 consuesti
961 1602 971 1617 ,
999 1580 1066 1620 jam
1082 1582 1166 1622 igno·

286 1633 398 1661 rantiae
411 1627 509 1661 nubilo
522 1625 704 1670 obfuscatum
714 1627 852 1661 dubitare
869 1638 929 1660 non
939 1632 1052 1661 vereris
1063 1651 1073 1668 ,
1097 1638 1166 1670 quae

287 1677 446 1720 quemlibet
467 1678 484 1712 e*
505 1679 592 1711 laicis
620 1676 798 1718 Christianis
821 1676 960 1711 dubitare
982 1688 1040 1710 non
1065 1677 1165 1712 decet!

284 1728 373 1763 Rem
398 1728 532 1763 tandem
551 1728 738 1773 composuit
758 1726 956 1761 Guilielmus
969 1725 1164 1771 Archi-Epi-

284 1778 403 1822 scopus
427 1777 670 1815 Cantuariensis
692 1803 703 1819 ,
728 1788 865 1813 omnem
888 1775 1048 1822 Angliam
1071 1777 1164 1812 indu·

284 1838 363 1863 cens
385 1828 427 1862 ad
450 1828 596 1864 Wicleffi
617 1828 770 1863 articulos
779 1837 813 1862 ut
823 1827 973 1862 haerencos
987 1829 1164 1862 &erroneos

281 1877 489 1914 damnandos
511 1903 524 1920 ,
556 1878 775 1924 intelligendo
803 1887 892 1920 prout
918 1877 1013 1912 verba
1032 1876 1162 1922 sonam.

285 1929 416 1964 Eodem
438 1929 569 1964 tramite
590 1927 740 1964 adversus
764 1926 983 1962 Theodorum
1017 1928 1162 1971 proceffit

285 1979 397 2013 nostra
419 1978 571 2023 Synodus
583 2003 595 2019 ‚
621 1978 763 2023 ideoque
778 1979 858 2013 reete
876 1977 917 2013 ad
930 1977 1074 2012 Hiberiae
1086 1977 1162 2021 Epi·

287 2031 403 2073 scopos
425 2029 537 2063 scribit
560 2029 740 2075 Gregorius
759 2029 905 2074 Magnus
915 2028 1009 2062 illum
1021 2039 1078 2061 non
1087 2029 1165 2069 inju-

106 2069 196 2137 {²⁶53
204 2076 267 2107 9¹3⁶
280 2080 328 2120 fle
351 2081 527 2113 damnatum
538 2103 550 2121 ‚
573 2082 655 2122 quod
673 2082 736 2121 ejus
753 2077 869 2122 sbi-ipio
880 2080 1036 2112 evidenter
1048 2079 1068 2111 ἃ
1080 2077 1164 2112 ταδὶ-

134 2111 219 2149 ’ΜΨ
231 2121 266 2147 ²*
285 2130 390 2163 tudine
403 2128 566 2164 Catholicae
577 2128 653 2171 fidei
664 2131 843 2166 deviarent.
871 2129 914 2162 Et
935 2128 970 2162 in
997 2127 1113 2162 litteris
1123 2127 1161 2161 ad

286 2189 428 2224 quatuor
451 2178 655 2215 Patriarchas
678 2180 825 2217 Orientis
846 2191 853 2211 2
880 2177 1049 2212 Theodorus
1067 2175 1161 2220 perso-

284 2242 356 2264 nam
378 2232 552 2264 mediatoris
573 2231 628 2263 Dei
650 2232 685 2264 6·
703 2229 853 2263 hommum
863 2235 897 2261 in
908 2226 1150 2271 duabussubstaen

283 2287 339 2316 tiis
358 2279 503 2323 separans
523 2282 571 2313 ad
587 2285 751 2322 impietatis
770 2279 930 2322 perfidiam
952 2279 1079 2322 cecidiffe
1101 2287 1163 2311 con-

285 2335 427 2365 vincitur.
440 2329 585 2365 Proinde
595 2341 641 2365 no
677 2329 788 2365 minus
800 2329 842 2364 de
851 2326 1051 2369 Theodori,
1063 2338 1161 2371 quam

283 2379 463 2425 Nestorii,
499 2342 696 2423 Eutychflis
716 2404 728 2420 ‚
754 2379 826 2415 Arii
850 2403 861 2420 ‚
887 2389 944 2413 aut
967 2376 1162 2413 priscilliani

284 2429 434 2474 perverso
455 2430 546 2465 sensu
567 2429 774 2468 dubitemus:
802 2430 893 2463 Nam
912 2427 1023 2470 &ejus
1033 2427 1163 2462 damna-

285 2480 413 2516 tionem
436 2491 504 2514 non
527 2479 622 2514 fuisse
645 2481 774 2514 causam
793 2477 970 2514 lacerandae
979 2476 1162 2513 Catholicae

285 2530 520 2565 communioni
542 2530 755 2564 sufficientem
774 2530 870 2568 fassus
883 2527 928 2562 est
945 2539 1057 2563 coram
1070 2528 1163 2571 Vigi-

287 2581 335 2615 lio
356 2579 521 2614 Pontifice
541 2579 577 2613 in
599 2589 766 2614 conventu
788 2578 1162 2622 Constantinopolitano

287 2629 479 2665 Facundus.
511 2630 556 2664 Et
580 2629 637 2673 qui
648 2628 748 2664 hodie
758 2628 1063 2672 proTertulliano,
1089 2627 1163 2662 Ori-

287 2692 371 2726 gene
390 2704 402 2721 ,
428 2680 583 2716 Lucifero
603 2679 778 2715 Sardorum
799 2678 966 2723 Episcopo
992 2702 1003 2719 ‚
1041 2677 1163 2721 Joanne

289 2730 600 2774 Hierosolymitano
622 2727 806 2775 Apologias
826 2727 863 2762 in
885 2727 1061 2763 Ecclesiam
1081 2728 1164 2771 spar-

289 2789 392 2825 gunt,
418 2780 531 2815 lavant
551 2777 752 2824 AErhiopes,
776 2777 1068 2823 compescendique
1089 2778 1164 2811 sunt

289 2841 327 2864 ut
349 2831 482 2875 ingenia
502 2828 654 2866 'libertina
677 2831 711 2864 &
736 2829 860 2869 noxia,
886 2828 943 2863 nisi
962 2826 1049 2863 brevi
1063 2827 1164 2862 etiam

290 2890 349 2923 pro
360 2879 514 2916 Martino
524 2878 672 2916 Luthero
681 2878 853 2923 &Ioanne
865 2878 1010 2913 Calvino
1025 2877 1165 2913 velimus

291 2929 476 2975 Apologias
488 2930 595 2965 videre
609 2954 618 2963 .

293 3003 296 3006 »
342 2977 489 3014 Alterum
501 2982 534 3015 &
544 2979 720 3024 principale
729 2979 979 3015 fundamentum
990 2988 1056 3014 erat
1064 2975 1164 3013 Chal·

291 3027 478 3063 cedonensis
500 3031 532 3064 δε
542 3030 693 3065 omnium
705 3029 738 3064 in
751 3031 820 3073 ipso
829 3029 1028 3075 generalium
1041 3028 1163 3063 Conci-

292 3079 413 3113 liorum
438 3080 628 3122 austeritas,
653 3080 875 3124 quamLatini
887 3078 1040 3123 Episcopi
1051 3076 1165 3112 dolosa

293 3126 539 3171 Acephalorum
559 3129 756 3165 immiffione
778 3129 953 3164 credebant
965 3127 1167 3164 mactari&

294 3177 444 3212 exufflari
472 3203 480 3211 .
507 3178 584 3212 Erat
605 3179 854 3214 fundamentum
877 3189 1050 3214 erroneum
1073 3202 1081 3211 .
1109 3177 1166 3212 Est

294 3228 383 3261 enim
404 3225 505 3272 longe
523 3228 732 3262 certiffimum
751 3241 787 3262 ac
801 3228 1028 3264 lucidissimum
1043 3252 1055 3268 ‚
1078 3226 1166 3270 quod

296 3277 451 3320 synodus
473 3274 750 3321 Chalcedonensis
771 3279 804 3311 in
814 3280 903 3313 sexta
918 3279 1058 3312 Astione
1072 3277 1167 3312 fuerit

297 3326 392 3360 finita
400 3351 411 3367 ,
436 3325 588 3371 quodque
597 3327 727 3362 sanetus
738 3327 807 3361 Leo
816 3328 961 3372 Magnus
972 3327 1072 3362 solam
1084 3326 1161 3361 fidei

298 3376 526 3410 definitionem
540 3378 573 3411 in
585 3377 650 3421 ipsa
662 3376 862 3411 confirmarit
875 3390 882 3409 z
910 3376 1040 3411 Eodem
1050 3388 1168 3421 *errore

298 3423 423 3458 dudum
436 3425 594 3460 laboravit
605 3429 703 3461 etiam
718 3426 865 3472 Vigilius
883 3424 1039 3461 Pontifex
1054 3451 1064 3468 ,
1089 3426 1169 3470 ejus-

298 3472 475 3521 quelonge
494 3475 662 3511 doaiffimi
682 3476 829 3513 Diaconi
849 3474 1048 3518 Anatolius,
1076 3475 1167 3511 Pela-

892 139 1522 191 Disszurarro

1235 226 1327 270 gius,
1353 237 1393 283 ac
1413 226 1623 270 Stephanus:
1649 230 1857 279 Redarguere
1877 244 1987 272 autem
2010 237 2110 282 coepit

1239 275 1420 320 Gregorius
1440 276 1588 322 Magnus
1607 303 1619 320 ,
1652 282 1799 319 Ecclesiae
1821 287 1978 321 Romanae
1999 286 2109 322 adhuc

1235 326 1431 365 Diaconus,
1456 327 1491 359 in
1512 325 1628 363 litteris
1650 330 1709 365 sub
1722 333 1856 381 ,Pelagii
1871 337 2006 372 secundi
2020 337 2109 372 Pon-

1235 375 1332 410 tificio
1351 375 1491 411 nomine
1515 377 1639 421 scriptis
1660 380 1701 414 ad
1721 382 1830 420 Euam
1854 386 2107 431 Archi-Episco-

1235 436 1313 470 pum
1336 423 1580 470 Aquileiensem
1594 452 1608 472 .r
1638 428 1803 476 roirca
1821 436 1996 471 Facundus
2022 438 2108 471 Her-

1233 476 1408 510 mianenfis
1429 499 1440 516 ,
1462 476 1586 520 aliique
1607 477 1740 520 plurimi
1759 481 1794 514 ὅ(
1816 483 2004 521 nobiliffimi
2031 487 2107 531 Epi-

1235 526 1344 574 scopi,
1370 527 1555 562 carceres&
1565 527 1664 563 exilia
1677 540 1736 572 pro
1749 530 1851 566 tribus
1868 535 2030 579 Capitulis
2042 537 2106 581 pas·

1235 576 1257 609 si
1271 599 1283 616 ‚
1308 574 1449 611 habuere
1470 576 1535 612 Dei
1555 578 1590 612 ἀ
1609 578 1738 622 Synodi
1760 579 2036 620 Chalcedonensis
2057 599 2107 621 ze-

1234 625 1327 667 lum,
1353 635 1387 661 at
1408 637 1478 661 non
1505 627 1680 662 secundum
1703 629 1870 666 scientiam
1891 658 1898 665 .
1927 633 2023 669 Vane
2041 638 2107 671 sese

1236 676 1408 720 palparunt
1429 675 1470 711 de
1489 675 1644 721 Martyrii
1667 679 1790 723 gloria:
1814 682 1996 726 Martyrem
2016 686 2106 720 enim

1237 737 1305 760 non
1325 726 1404 761 facit
1425 737 1543 770 poena,
1569 728 1623 763 sed
1646 731 1740 765 causa
1754 756 1761 763 .
1788 731 1867 767 Sine
1887 735 1982 769 causa
1997 734 2108 770 Eccle-

1235 776 1314 811 siam
1327 775 1508 811 lacerarunt
1519 802 1526 810 .

1284 825 1428 870 Septima
1454 826 1586 870 quaessio
1610 829 1656 863 est
1685 854 1695 870 ,
1730 832 1763 866 A
1790 844 1857 877 quo
1883 834 2015 869 tandem
2042 833 2109 870 hoc

1235 874 1372 925 schifina
1392 877 1489 912 fuerit
1510 877 1604 921 plene
1623 880 1843 917 exstincIum?
1869 884 2066 929 Respondeo
2088 886 2108 920 a

1233 924 1407 962 clementia
1429 938 1470 961 ac
1492 927 1660 971 prudentia
1681 932 1790 966 Sansti
1802 934 1953 978 Gregorii
1967 936 2083 979 Magni
2097 961 2105 968 .

1210 987 1211 990 ¹
1235 976 1371 1011 Etenim
1382 976 1541 1012 Romanae
1555 977 1700 1014 Ecclesiae
1710 981 1881 1017 Diaconus
1891 984 2104 1019 dofliffimam

1232 1025 1323 1061 illam
1334 1027 1518 1071 Epistolam
1526 1027 1592 1071 jam
1602 1028 1765 1065 laudatam
1776 1033 1880 1067 edidit
1895 1057 1906 1073 ,
1930 1036 2105 1070 ostendens

1232 1077 1295 1113 tria
1319 1076 1472 1121 Capitula
1494 1078 1536 1112 ad
1556 1078 1728 1123 Synodum
1752 1081 2103 1119 Chalcedonensem&

1230 1127 1338 1162 Sancti
1365 1127 1488 1163 Leonis
1512 1129 1798 1166 confirmationem
1828 1144 1895 1167 non
1921 1134 2104 1177 pertinere,

1230 1177 1371 1221 ideoque
1382 1177 1545 1213 liberrime
1556 1179 1693 1224 potuisse
1704 1183 1862 1217 retraaari
1873 1195 1911 1217 ac
1924 1185 2102 1218 reformari.

1230 1228 1345 1262 Faustus
1357 1227 1513 1263 Pontifex
1523 1229 1672 1265 eamdem
1686 1230 1867 1275 Epistolam
1879 1234 1964 1268 misit
1976 1234 2017 1268 ad
2036 1246 2106 1268 om·

1232 1289 1308 1320 nem
1328 1278 1507 1314 Ecclesiam
1521 1303 1533 1319 ,
1557 1289 1656 1324 atque
1681 1281 1725 1316 itai
1745 1282 1787 1316 ad
1805 1282 2004 1326 Apostolicae
2014 1284 2106 1319 Sedis

1230 1327 1501 1363 communionem
1519 1327 1646 1364 reduxit
1657 1330 1794 1372 Gallos,
1819 1332 1943 1373 Italos,
1970 1334 2099 1369 Iberos:

1229 1377 1267 1412 In
1299 1376 1472 1413 schismate
1501 1378 1708 1422 perstiterunt
1728 1382 1787 1416 soli
1814 1382 1948 1426 quidam
1973 1384 2104 1418 Histriae

1229 1439 1266 1462 ac
1284 1426 1435 1469 Yenetiae
1446 1427 1599 1474 Episcopi
1614 1441 1692 1465 curn
1703 1431 1761 1466 suo
1773 1431 1988 1476 Metropolita
2002 1434 2109 1478 Aqui-

1230 1477 1335 1520 lejensi
1348 1478 1488 1519 Severo,
1516 1477 1598 1513 Eliae
1618 1479 1817 1521 successore,
1842 1484 1932 1525 quod
1955 1483 2109 1519 Mauriti‘t

1230 1526 1373 1573 Augusti
1393 1528 1561 1564 Officiales
1579 1553 1590 1570 ,
1617 1531 1755 1573 pecunia
1780 1533 1925 1577 corrupti
1947 1558 1959 1574 ,
1983 1534 2104 1578 optimi

1229 1577 1401 1612 Pontificis
1421 1586 1580 1612 conatum
1603 1579 1697 1615 sacris
1718 1604 1728 1620 ,
1755 1581 1789 1615 id
1810 1583 1855 1616 est
1880 1607 1892 1623 ‚
1916 1584 2108 1618 execrandis

1225 1626 1416 1669 jussionibus
1427 1627 1639 1670 impedirent.
1666 1630 1770 1664 Haesit
1782 1630 1854 1666 istic
1865 1633 1990 1667 maium
2005 1634 2106 1676 usque

1226 1677 1376 1722 Sergium
1391 1678 1533 1721 primum
1544 1676 1743 1715 Pontificem
1756 1704 1768 1720 ,
1794 1681 1837 1715 de
1847 1693 1913 1726 quo
1926 1682 2006 1717 liber
2018 1682 2108 1718 Pon-

1226 1726 1355 1762 tificalis
1377 1752 1384 1758 .
1425 1728 1526 1768 HuJ’us
1547 1729 1729 1771 temporibus
1751 1731 1937 1774 Aquilejenfis
1971 1732 2107 1776 Ecclefiae

1226 1775 1491 1820 Archi-Epifi·opus
1505 1802 1515 1818 ,
1540 1779 1576 1811 ὑ
1598 1780 1726 1817 synodus
1738 1803 1749 1819 ,
1775 1791 1841 1822 quae
1858 1780 1916 1824 sub
1938 1794 1970 1815 eo
1989 1794 2106 1826 congre-

1219 1835 1298 1870 gata
1308 1826 1346 1867 est
1357 1852 1368 1868 ‚
1394 1832 1445 1869 qui
1450 1825 1590 1869 sanilam
1599 1833 1737 1869 quintum
1747 1829 1917 1873 universale
1931 1834 2106 1871 Concilium,

1227 1885 1326 1918 utpote
1337 1885 1471 1910 errantes
1483 1901 1494 1917 ,
1515 1875 1665 1920 suscipere
1677 1878 1848 1920 diffidebam
1859 1903 1870 1919 ,
1898 1879 2028 1924 eiusdem
2037 1881 2104 1915 bea-

1223 1927 1317 1967 tffmi
1339 1929 1435 1969 Papae
1458 1931 1580 1959 monitis
1602 1936 1692 1970 atque
1706 1929 1848 1962 doc‘irmrs
1860 1929 2012 1972 instrum,
2040 1943 2104 1966 con-

1224 1975 1392 2020 verfisunt,
1423 1976 1556 2018 idemque
1579 1977 1749 2013 venerabile
1766 1980 1929 2013 Concilium
1938 1979 2102 2024 cumsatifi

1215 2025 1348 2069 samone
1364 2024 1575 2070 susceperunt.
1601 2030 1650 2060 Er
1672 2030 1821 2071 quipriis
1838 2027 1896 2071 sub
1906 2035 2013 2064 erroris
2026 2037 2103 2064 vitio

1223 2075 1400 2111 tenebantur
1421 2099 1433 2116 ,
1457 2075 1593 2109 deciana
1618 2077 1784 2119 Apostolicae
1804 2079 1894 2112 sedis
1916 2081 2102 2120 adamnati,

1220 2137 1285 2159 cum
1307 2135 1382 2169 pace
1399 2124 1585 2168 consonantes
1606 2132 1753 2169 mirati,
1778 2129 1824 2161 ad
1833 2135 1960 2171 proprio
1969 2131 2105 2164 relaxati

1217 2174 1309 2220 sunt.
1337 2175 1449 2215 Etiam
1471 2174 1633 2219 Hispania
1654 2176 1720 2218 jam
1745 2177 1869 2223 pridem
1890 2178 1937 2213 est
1958 2179 2103 2221 ejusdem

1222 2225 1342 2261 mentis
1358 2251 1366 2259 .
1393 2225 1560 2272 Q'uocirch
1584 2228 1748 2271 compesci
1771 2237 1902 2273 oportet
1923 2227 2106 2264 hodiernos

1221 2276 1349 2320 Synodi
1360 2275 1587 2312 criminatores
1597 2300 1606 2310 .

1301 2476 1556 2527 CAPUT
1610 2477 2032 2528 SEPTIMUM.

1327 2620 1392 2664 An
1437 2614 1512 2664 haec
1555 2615 1722 2681 Synodus
1767 2615 1860 2666 nihil
1897 2617 2003 2667 aliud

1562 2685 1741 2734 traciarit
1758 2723 1771 2735 .

1311 2826 1491 2865 Uilielmus
1511 2827 1698 2871 Tyriorum
1720 2826 1935 2872 Metropolita
1953 2830 1990 2864 in
2015 2828 2108 2864 libris

1334 2878 1376 2912 de
1402 2876 1490 2912 bello
1512 2878 1623 2912 saneto
1643 2878 1754 2912 laudat
1786 2880 1970 2922 praesentem
2003 2881 2109 2924 Syno-

1222 2928 1303 2964 dum
1314 2954 1325 2970 ‚
1351 2927 1441 2972 quod
1453 2928 1593 2962 faustam
1602 2928 1743 2962 Domini
1755 2928 2037 2965 Resurreffionem
2049 2929 2110 2963 ho-

1224 2990 1345 3014 norans
1358 2977 1531 3013 Ecclesiam
1550 2977 1891 3021 Hierosolymitanam
1912 2981 2049 3015 erexerit
2070 2980 2105 3012 in

1223 3025 1482 3064 Patriarchatum
1494 3052 1502 3059 .
1528 3030 1575 3059 Et
1583 3033 1720 3070 quonlam
1725 3029 1877 3070 praedic‘la
1896 3035 2008 3063 civitas
2028 3025 2111 3071 quaefi

1223 3085 1255 3112 in
1279 3079 1374 3112 limite
1394 3076 1593 3111 Alexandrini
1613 3079 1648 3111 (5
1675 3078 1841 3112 antiocheni
1865 3078 2104 3118 Patriarcbarum

1225 3138 1312 3169 erae,
1336 3139 1386 3162 nec
1395 3127 1517 3161 haberet
1526 3128 1653 3165 synodus
1663 3129 1741 3163 unde
1765 3129 1810 3161 illi
1830 3130 1980 3162 ordinaret
1994 3125 2105 3170 suffia·

1219 3191 1330 3224 ganeas·
1347 3202 1358 3219 ,
1384 3177 1440 3219 nifi
1445 3183 1562 3220 utrique
1575 3177 1764 3212 Patri-archae
1785 3180 1900 3221 aliquid
1918 3175 2083 3210 detraheret
2094 3200 2108 3216 ,

1226 3228 1324 3273 visum
1334 3226 1371 3266 est
1381 3228 1521 3270 expedire
1531 3226 1570 3260 ab
1590 3224 1713 3270 utroque
1737 3229 1857 3270 aliquid
1876 3225 2050 3264 detrahere,
2074 3233 2106 3257 ut

1226 3277 1561 3319 eidemjuxtaformam
1578 3278 1702 3311 aliorum
1725 3275 1968 3310 patriarcharum
1988 3277 2109 3307 ordina-

1226 3339 1273 3363 ret
1296 3327 1442 3372 subjecqos
1455 3351 1462 3359 .
1489 3327 1706 3360 subtraxerunt
1727 3329 1794 3369 ergo
1816 3325 1988 3358 Antiocheno
2010 3323 2111 3368 Caesa-

1227 3377 1356 3422 reensem
1367 3378 1401 3411 Θ
1411 3376 1669 3419 schytopolitanum
1682 3377 1880 3416 Metropolitas
1895 3386 1904 3417 ;
1929 3375 2110 3408 Alexandri-

1228 3434 1267 3462 no
1278 3437 1380 3462 autem
1391 3424 1555 3471 Rubensem
1566 3438 1601 3459 ac
1612 3422 1798 3467 Berytensem
1820 3430 1890 3457 item
1911 3425 2112 3467 Metropolita-

1230 3490 1303 3512 nos.
1329 3476 1435 3512 Addit
1446 3477 1490 3511 D.
1513 3474 1695 3511 Cardinalis
1713 3473 1893 3509 Batonius:
1920 3476 2042 3508 Eadem
2063 3485 2108 3509 re·

1977 3528 2058 3569 per}-

2121 2896 2274 2930 Lupcon.

2120 3500 2227 3538 Acm-
