2340 3736
656 143 997 203 RERUM5
1065 142 1734 192 stevartssoaun.

324 229 434 265 scunt.
1034 235 1146 273 232-2

273 278 507 323 Arcbiepiftopus
528 276 707 320 universalis
727 276 842 322 inique
861 276 1038 321 appellatus
1061 276 1146 309 Dio.-

322 331 447 368 scorus.
473 326 577 363 Hunc
594 327 725 363 titulum
737 328 890 370 Synodus
901 326 1147 363 Chalcedonen-

321 380 360 422 sis
379 379 410 412 S.
424 376 542 411 'Leoni
563 376 708 419 detulit,
733 389 832 422 quem
854 387 966 412 tamen
987 376 1054 420 ipse
1077 386 1146 409 non

316 427 514 470 acceptavit.
732 444 734 447 ⁴
890 425 967 475 238.
979 439 1008 463 2.
1031 435 1110 471 259.
1124 437 1147 462 2

270 475 712 512 ARCHIMANDRITAE
723 477 864 522 plurium
876 476 1147 512 monasteriorum

318 526 480 569 Praefecti,
507 527 588 564 266.
600 540 633 565 2.
655 538 778 562 nomen
799 526 844 561 est
855 525 1036 562 admodum
1051 536 1147 559 vene·

317 575 417 610 rabile
429 599 440 618 ,
466 576 549 611 adeo
565 588 603 611 ut
613 576 888 613 Archimandritae
898 575 1150 620 Proto-Syncel-

317 626 358 661 lis
370 627 491 670 fuerint
502 627 675 671 praepositi.
706 627 786 661 ibid.
1053 670 1056 671 ⁷

270 674 541 712 Archimandritae
549 678 584 711 in
597 676 852 721 provincialibus
862 677 1033 713 dumtaxat
1043 677 1148 721 Syno-

319 727 372 762 dis
381 726 463 761 olim
474 726 638 771 suffragati
650 752 657 759 .
982 770 986 771 ⁷
1058 726 1112 775 56.
1129 738 1144 762 1

268 775 393 815 Ariana
419 775 541 811 haerefis
565 775 684 810 directe
718 776 900 815 adversatur
935 777 1126 813 Sabellianae
1137 801 1144 809 .

321 836 399 874 303.
410 838 443 864 2.
465 836 507 860 ex
519 822 615 867 hujus
635 826 737 862 nimia
749 828 825 873 fuga
834 853 846 870 ‚
871 827 906 862 δε
918 827 999 863 odio
1018 826 1145 862 videtur

318 884 431 910 exorta
443 900 451 908 .
481 873 557 908 ibid.
569 875 635 919 ejus
646 878 721 911 fons
732 903 741 910 .
1037 888 1113 925 313-
1127 888 1148 913 2

268 923 389 959 Ariani
399 923 475 959 disti
490 924 709 970 Porphyriani
720 951 728 958 .
1039 924 1114 964 188-
1129 938 1145 963 1

265 974 388 1010 Ariani
398 986 453 1019 per
462 975 664 1012 calumniam
673 975 892 1014 orthodoxos
915 976 1027 1021 paffim
1040 977 1148 1021 appel·
1166 994 1168 997 ·

316 1025 427 1060 larunt
446 1025 665 1062 Sabellianos.
696 1037 771 1076 303.
795 1040 826 1065 2.
847 1027 1037 1062 eorumdem
1054 1038 1149 1073 argu-

316 1083 428 1110 menta
439 1086 553 1113 contra
564 1088 694 1118 vocem,
705 1076 979 1121 Conficbffaennalis.
994 1088 1012 1125 3
1024 1088 1077 1125 32.
1092 1088 1145 1114 1.2
1166 1095 1169 1099 ¹

268 1123 368 1159 Arius
378 1125 413 1160 in
424 1125 501 1161 Deo
511 1127 598 1162 dixit
618 1127 866 1168 tresPersonas,
893 1128 941 1175 &J
956 1138 1019 1161 tres
1049 1127 1145 1162 effen-

317 1176 392 1210 tias-
423 1185 500 1224 303.
525 1188 558 1214 2.
580 1177 615 1212 &
638 1188 716 1226 311.
739 1189 766 1214 1.
786 1189 844 1222 pro
865 1177 928 1211 suis
950 1175 1144 1212 Patriarchis

314 1224 431 1260 habuit
441 1225 662 1271 Philosophos
671 1253 680 1262 .
709 1238 787 1276 313.
799 1239 839 1267 2.ι
853 1225 1021 1263 invehitur
1031 1236 1144 1262 contra

315 1284 434 1310 vocem
447 1275 609 1318 Homousios
622 1303 629 1310 .
1035 1286 1112 1324 324-
1128 1287 1143 1311 1

266 1321 341 1358 Arii
353 1325 440 1360 circa
452 1325 714 1360 incarnationem
728 1325 850 1362 haerefis
862 1352 871 1361 .
1035 1336 1110 1371 147·
1129 1335 1142 1360 1

267 1373 396 1414 Affifii,
422 1373 655 1414 mansionarii,
679 1373 893 1414 cubicularii,
917 1374 1145 1418 paramonarii,
1162 1389 1168 1403 ψ

316 1425 393 1459 sunt
407 1423 559 1459 Ecclesiae
569 1434 626 1459 aut
637 1424 723 1459 villae
734 1424 959 1461 Ecclesiasticae
978 1423 1128 1460 custodes
1140 1449 1146 1456 .

317 1473 375 1520 67.
392 1485 420 1510 1.
436 1487 469 1511 2-

266 1520 365 1558 Astra
374 1523 438 1558 effe
450 1524 592 1559 animata
609 1526 735 1561 censuit
748 1526 928 1571 Origenes.
941 1553 943 1555 .
1035 1534 1112 1572 137.
1127 1535 1148 1560 2

267 1574 300 1607 S.
312 1571 511 1608 Athanasius
522 1576 705 1618 composuit
719 1575 918 1611 discordiam
937 1575 1020 1610 inter
1032 1575 1152 1608 Orien-

318 1622 399 1659 tales
428 1624 462 1658 δε
481 1615 717 1661 occidentales
748 1636 859 1661 natam
892 1625 978 1660 circa
1005 1620 1121 1659 vocem
1134 1649 1145 1665 ,

319 1673 476 1717 Hypoflafis
490 1699 497 1707 .
527 1685 546 1723 3
554 1687 567 1711 1
575 1675 605 1712 8.
630 1687 660 1712 2.
673 1674 762 1711 hanc
777 1687 894 1711 vocem
905 1677 1036 1718 usurpat
1047 1674 1148 1709 modo

318 1734 380 1766 pro
402 1725 536 1767 persona
548 1750 560 1766 ‚
585 1725 687 1760 modo
698 1737 757 1770 pro
771 1726 914 1760 Essentia
925 1751 932 1757 .
954 1725 1033 1759 ibid.

268 1771 470 1822 ‚Athanasius
481 1773 664 1810 Parrhensis
675 1777 708 1810 in
721 1774 1074 1818 SynodoAntiochena
1088 1777 1149 1810 fur-

319 1822 348 1856 ti
357 1823 541 1858 accusatur.
571 1836 651 1872 227.
662 1837 692 1862 2.
705 1825 778 1859 Ter
795 1826 934 1867 citatus;
963 1835 1010 1860 ter
1023 1825 1151 1869 Episco·

319 1871 644 1915 patuirenunciavit‚
666 1885 766 1917 quem
777 1874 889 1908 denuo
900 1875 1023 1909 invasit.
1032 1874 1115 1914 228.
1131 1886 1148 1911 1

320 1921 523 1965 Episcopatu
532 1923 839 1969 movetur,aliusque
847 1923 1091 1972 sufficitur.229.
1097 1937 1150 1962 1.2

270 1969 470 2006 Athanasius
481 1971 667 2007 Parrhensis
677 1973 760 2016 juste
777 1973 823 2007 ob
831 1975 1076 2009 contumaciam
1097 1975 1151 2010 da-

320 2030 452 2055 mnatus
464 2045 472 2053 .
500 2022 579 2070 296.
593 2034 623 2059 1.
634 2024 668 2058 Si
681 2022 723 2056 de
735 2021 928 2058 criminibus
940 2022 1071 2066 objectis
1084 2037 1150 2060 non

321 2071 538 2106 convincatur
550 2097 563 2114 ,
589 2073 822 2117 Episcopatum
833 2074 966 2117 recipiet
979 2098 987 2105 .
1040 2075 1117 2120 296.
1131 2087 1151 2111 2

272 2121 304 2156 S·
314 2119 519 2165 Augustinus
530 2122 570 2157 ad
584 2123 758 2168 Synodum
770 2122 966 2168 Ephesinam
976 2134 1129 2159 evocatus
1142 2148 1153 2164 ,

325 2171 429 2205 vitam
443 2172 571 2208 finierat
581 2198 590 2206 .
1090 2187 1120 2222 7.
1136 2186 1152 2211 1

273 2221 306 2256 S.
318 2220 525 2267 Augustinus
544 2223 609 2258 fuit
620 2221 757 2259 Valerio
766 2235 843 2259 cum
862 2224 968 2260 futura
991 2225 1153 2260 successio-

324 2282 366 2306 ne
377 2272 578 2316 Coadjutor.
1040 2274 1119 2321 296-
1134 2287 1154 2311 2

273 2321 306 2355 S.
321 2320 529 2366 Augustinus
539 2321 712 2367 synodum
724 2324 945 2359 Sardicensern
958 2323 976 2360 ὲ
987 2326 1157 2360 conventi-

324 2371 402 2406 culo
413 2371 724 2417 Philippopolitano
736 2388 803 2410 non
815 2374 984 2410 discrevit.
1066 2386 1118 2421 15.
1136 2387 1153 2412 1

276 2421 307 2455 S.
334 2421 516 2504 A6ugustini
536 2425 706 2459 austoritas
731 2425 749 2458 a
775 2425 817 2460 V.
845 2425 982 2469 Synodo
1008 2435 1151 2469 recepta.

327 2480 344 2505 1
375 2482 403 2506 2·
417 2483 447 2506 2·

273 2519 306 2553 S.
317 2519 498 2577 Augustini
522 2521 645 2557 illustre
664 2524 842 2559 encomion
862 2525 881 2558 a
892 2525 1017 2568 Joanne
1027 2525 1070 2559 11.
1085 2538 1156 2570 pro-

319 2580 540 2610 nunciatum.
970 2610 972 2612 ,
1043 2587 1119 2622 152.
1138 2588 1152 2613 1

275 2620 305 2653 S.
319 2617 498 2664 Augustini
509 2622 543 2655 in
556 2621 700 2659 dosttina
713 2623 898 2660 Dominicae
919 2624 1155 2661 incarnationis

325 2672 503 2706 encomion
516 2697 523 2704 .
845 2714 852 2719 η
1041 2685 1118 2723 203.
1134 2688 1150 2713 1

274 2718 520 2764 Autocephalia
542 2722 701 2768 Rhegino
718 2725 917 2769 Cypriorum
929 2725 1156 2769 Metropolitae

324 2767 410 2811 data,
420 2782 587 2816 nunquam
601 2774 641 2809 ab
656 2775 797 2810 Ecclesia
808 2777 1011 2810 confirmata.
1031 2785 1118 2821 24-1-
1133 2788 1155 2813 2

276 2816 522 2863 Autocephalus
532 2823 733 2868 Episcopus,
759 2827 852 2860 omni
871 2824 1076 2869 patriarchali
1097 2837 1154 2870 po-

324 2870 437 2904 testate
458 2883 624 2916 exemptus
635 2899 645 2914 ,
671 2876 707 2909 in
719 2876 772 2909 sua
794 2875 867 2910 sede
884 2877 1086 2910 consecratur
1098 2900 1109 2917 ,
1135 2875 1153 2909 ὲ

323 2919 394 2955 solo
403 2919 560 2960 Romano
570 2923 732 2960 Pontifice
741 2927 955 2961 confirmatur
962 2949 974 2960 .
1034 2936 1114 2972 291.
1129 2939 1152 2964 2

677 3023 749 3109 Β

344 3170 513 3216 Aptismus
537 3183 592 3209 aut
603 3175 699 3211 Ordo
722 3174 836 3213 illicite
847 3177 888 3212 ab
901 3174 1049 3213 haeretico
1062 3185 1151 3213 extra

369 3224 585 3259 neceffitatem
598 3226 767 3271 suscipitur
778 3254 786 3261 .
1059 3225 1111 3274 89-
1127 3239 1149 3263 2

273 3268 457 3314 Baptizabat
467 3273 549 3308 olim
560 3276 592 3308 in
604 3277 739 3312 civitate
752 3278 837 3313 solus
850 3277 1037 3321 Episcopus.
1051 3289 1127 3324 227·
1139 3289 1149 3310 1

271 3317 440 3356 Barsumas
449 3324 476 3358 S.
485 3324 633 3360 Flaviani
647 3325 812 3363 homicida
823 3329 857 3361 in
869 3327 1041 3371 Synodum
1052 3326 1153 3362 Chal-

323 3369 538 3408 cedonensem
558 3376 726 3421 Episcopis
748 3377 1000 3414 reclamantibus
1022 3377 1153 3412 introie-

319 3429 395 3455 rat.

372 3469 477 3513 christ.
492 3478 569 3518 Lupi
581 3480 662 3518 oper.
676 3480 794 3512 TomJJ.

1198 1736 1404 1818 ''Beate-nm
1429 1775 1571 1810 Ecclesia
1609 1775 1723 1818 Tyriae
1758 1772 1833 1809 ante
1859 1774 2060 1818 suffiaganea
2084 1774 2104 1809 a

1214 227 1245 261 S.
1267 225 1400 260 Basilius
1421 224 1573 260 laudatus.
1588 227 1607 261 a
1630 225 1890 264 Chalcedonenfi
1925 231 2085 275 Synodo.

1265 274 1344 324 338.
1368 287 1398 312 1.
1414 276 1630 320 potentissime
1661 277 1793 312 Meletii
1827 281 1955 315 causam
1981 283 2067 317 fovit
2079 309 2087 315 .

1267 324 1342 374 338.
1357 338 1388 371 2.ι
1411 338 1468 360 cur
1476 327 1618 360 noluerit
1628 330 1867 363 communicare
1877 329 2019 366 Paulino
2030 332 2091 368 Pa·

1265 375 1411 411 triarchae
1422 375 1658 411 Antiocheno?
1687 380 1690 383 ⁴
1871 382 1874 385 ⁴
1979 392 1996 428 3
2002 392 2055 429 39,
2069 394 2089 419 1

1217 425 1326 462 Basilii
1337 426 1547 461 Seleuciensis
1556 426 1773 469 inconstantia
1786 453 1799 463 ..
1822 429 1908 465 Una
1920 441 2007 464 >cum
2018 432 2092 466 aliis

1267 477 1397 511 veniam
1406 476 1548 520 postulat
1561 502 1568 508 .
1922 506 1926 509 .
1976 490 2055 527 249.
2071 491 2090 516 1

1215 527 1383 562 Baffianus
1394 527 1427 561 se
1438 527 1636 571 Episcopatu
1647 524 1809 569 Ephesino
1821 528 1982 564 violenter
1990 530 2094 573 queri-

1239 615 1243 618 ,
1266 586 1482 612 turexutum.
1512 574 1591 614 286.
1604 587 1634 612 2.
1652 576 1841 620 Supplicans
1864 580 1895 613 se
1917 579 2093 622 spoliatum

1265 637 1343 662 ante
1364 628 1477 661 omnia
1490 627 1632 661 restitui.
1659 623 1858 669 Stephanum
1881 630 2094 664 successorem

1264 678 1466 712 nominatim
1479 678 1625 711 accusat.
1655 674 1736 710 lbid.
1761 676 1886 710 Invitus
1910 678 2093 714 Evazorum

1265 738 1331 762 erat
1341 728 1511 762 ordinatus
1522 726 1720 770 Episcopus.
1739 722 1818 772 287.
1835 736 1864 762 1.
1880 724 1958 762 288.
1974 740 2002 763 1.
2016 729 2095 772 Ejus

1265 778 1473 813 confirmatio
1492 777 1643 810 aProclo
1666 775 2040 820 Constantinopolitano
2060 778 2095 812 &

1266 827 1458 862 Theodosio
1466 825 1620 871 Augusto
1630 825 1705 860 data
1716 850 1727 865 ,
1752 825 1770 859 ὲ
1784 827 1813 860 S.
1826 826 1939 860 Leone
1959 828 2075 861 cassata
2086 852 2094 859 .

1266 876 1345 925 287.
1360 890 1392 915 2.
1410 874 1488 923 289.
1508 887 1536 913 1.
1560 874 1616 910 Ab
1641 875 1780 910 Ecclesia
1794 876 1980 910 Evazorum
2001 878 2097 919 syno-

1267 928 1383 962 daliter
1393 926 1576 961 absolutus.
1607 923 1684 962 288.
1698 937 1728 962 2.
1751 923 1911 970 Adeoque
1935 926 1975 960 ad
1998 927 2097 961 aliam

1264 977 1441 1012 Ecclesiam
1453 987 1580 1020 poterat
1600 975 1824 1018 transportari.
1852 974 1933 1011 lbid.
1948 974 2004 1011 Ab
2027 987 2098 1012 uno

1267 1028 1432 1072 Episcopo
1451 1030 1486 1061 se
1507 1022 1767 1061 inthronizatum
1792 1025 1990 1060 confitetur.
2015 1025 2098 1061 lbid.

1268 1078 1429 1114 violenta
1452 1075 1592 1120 ejusdem
1618 1075 1755 1110 intrusio
1779 1075 1908 1113 abunde
1942 1074 2079 1120 probata
2091 1101 2099 1108 .

1267 1128 1351 1162 lbid.
1364 1129 1392 1161 E
1395 1129 1596 1173 piscopatum
1608 1126 1699 1161 suum
1711 1126 1911 1162 defendendi
1923 1126 2100 1170 impotens,

1267 1176 1423 1221 Stephani
1445 1178 1690 1222 promotionem
1700 1185 1805 1212 tentat
1815 1187 1970 1212 evacuare
1980 1202 1988 1209 .
2019 1174 2099 1224 289.

1275 1239 1302 1265 1·
1331 1240 1362 1265 2.
1387 1226 1442 1262 Ab
1461 1233 1529 1262 uno
1555 1228 1721 1270 Episcopo
1756 1239 1814 1262 cur
1839 1225 2079 1266 inthronizatus
2091 1252 2099 1259 .

1270 1289 1339 1325 292
1368 1291 1394 1314 1.
1408 1279 1475 1322 lpse
1486 1278 1535 1312 uti
1546 1278 1576 1311 ὅ(
1589 1276 1768 1320 Stephanus
1780 1276 1976 1322 Episcopatu
1989 1276 2102 1311 exclu-

1268 1330 1339 1369 sus,
1370 1330 1422 1361 cui
1444 1328 1609 1362 sententiae
1620 1327 1787 1372 acquievit
1799 1352 1807 1360 .
1980 1337 2064 1375 293.
2076 1338 2101 1363 2

1268 1375 1356 1410 Vide
1369 1401 1380 1416 ‚
1400 1377 1570 1418 stephanus
1581 1400 1589 1409 .
1736 1405 1740 1409 .

1220 1426 1372 1471 Belgium
1386 1426 1568 1459 servitutem
1582 1425 1684 1458 nescit
1695 1448 1705 1463 ‚
1725 1424 1813 1459 unde
1827 1426 1844 1457 ,ἲ
2003 1436 2059 1471 72.
2079 1436 2103 1462 2

1220 1475 1378 1509 Beneficii
1394 1475 1494 1508 relicti
1509 1474 1617 1517 pensio
1630 1475 1711 1508 olim
1725 1485 1795 1509 non
1810 1474 1873 1508 fuit
1884 1473 1918 1508 in
1931 1474 1999 1508 usu·
2013 1472 2067 1512 82.
2080 1486 2103 1511 2

1219 1524 1458 1559 Beneficiorum
1472 1523 1636 1567 pluralitas
1655 1524 1762 1567 saepius
1775 1522 1940 1558 interdieta
1951 1548 1960 1557 .
2011 1522 2066 1562 80.
2082 1534 2101 1560 1

1268 1574 1337 1618 Qui
1350 1586 1385 1608 ea
1400 1575 1441 1607 uli
1459 1598 1468 1613 ,
1495 1574 1634 1618 graviter
1646 1572 1663 1605 a
1676 1573 1752 1608 Deo
1764 1574 1873 1617 puniti
1887 1599 1894 1606 .
2012 1572 2103 1612 802

1220 1625 1400 1668 Berytensis
1412 1623 1564 1666 Synodus
1575 1624 1685 1658 coasta
1695 1648 1704 1656 .
2009 1633 2063 1672 34.
2079 1635 2103 1662 2

1220 1675 1400 1718 Berytensis
1415 1672 1567 1718 Synodus
1581 1674 1614 1707 in
1629 1673 1721 1708 causa
1734 1671 1796 1707 Ibae
1808 1672 1959 1709 Edeffeni
1969 1674 2106 1718 exponi-

1988 1723 2066 1760 226-
2083 1735 2102 1760 1

1270 1824 1466 1860 Theodosio
1487 1824 1639 1870 Augusto
1675 1826 1709 1858 in
1733 1824 1942 1866 metropolim
1973 1826 2101 1858 evesta-

1267 1887 1348 1924 270.
1365 1888 1393 1912 1.
1420 1874 1476 1910 Ab
1488 1874 1641 1910 Anatolii
1653 1873 1791 1916 Synodo
1804 1874 1930 1907 evectio
1956 1882 2104 1918 accepta·

1270 1927 1304 1961 ta
1316 1951 1323 1958 .
1350 1924 1430 1959 lbid.
1456 1924 1597 1959 Photius
1607 1936 1645 1959 ea
1667 1924 1708 1958 de
1720 1935 1754 1957 re
1767 1923 1939 1957 Martiano
1949 1923 2105 1968 Augusto

1219 2007 1221 2009 ,
1269 1973 1393 2010 obtulit
1413 1986 1523 2018 preces
1536 1999 1547 2015 ,
1573 1973 1629 2018 qui
1647 1982 1717 2008 rem
1739 1972 1831 2007 illam
1848 1972 1937 2016 juxta
1949 1973 2104 2008 Canones

1271 2025 1376 2059 voluit
1388 2024 1519 2059 definiri
1531 2049 1538 2056 .
1988 2034 2067 2071 271-
2081 2035 2105 2060 2

1223 2075 1317 2110 Bona
1330 2073 1453 2108 erebus
1475 2073 1621 2108 Ecclesiae
1641 2081 1851 2117 comparata,
1878 2082 2044 2116 nequeunt
2065 2073 2103 2108 in

1251 2163 1253 2167 ¹
1274 2125 1346 2159 usus
1366 2125 1519 2167 profanos
1540 2122 1708 2167 impendi.
1734 2119 1792 2171 48.
1805 2134 1824 2156 1.
1835 2123 1898 2158 Sed
1920 2122 1981 2157 soli
1992 2122 2104 2159 Eccle-

1273 2175 1321 2210 fiae
1331 2173 1512 2210 cedebant.
1534 2173 1619 2210 lbid.

1622 2273 1705 2359 C

1312 2426 1533 2470 Alicesaliqui
1556 2426 1638 2461 olim
1660 2427 1749 2461 suere
1774 2424 1893 2467 vitrei,
1916 2425 2038 2472 lignei,
2064 2439 2102 2464 ac

1335 2479 1423 2512 lutei.
1441 2489 1527 2525 37.1.
1541 2477 1603 2512 Sed
1616 2475 1651 2511 hi
1665 2483 1734 2511 non
1754 2477 1814 2511 nisi
1826 2488 1866 2512 ex
1888 2477 2019 2523 ingenti
2033 2479 2104 2514 ino-

1271 2529 1323 2571 pia
1336 2529 1499 2572 usurpati.
1527 2526 1610 2562 lbid-

1222 2577 1373 2612 Calicum
1383 2578 1543 2611 sacrorum
1557 2577 1672 2611 abusus
1680 2576 1796 2611 acriter
1807 2576 1989 2621 castigatus.
2014 2588 2067 2626 37.
2079 2590 2103 2616 2

1223 2629 1320 2662 Calix
1336 2652 1348 2668 ,
1374 2627 1410 2662 in
1433 2639 1502 2671 quo
1513 2625 1661 2662 Christus
1683 2627 1882 2662 consecravit
1901 2649 1912 2666 ‚
1930 2638 2104 2674 argenteus

1271 2677 1317 2712 est
1330 2702 1338 2710 .
2061 2703 2067 2710 .
2082 2689 2101 2714 1

1222 2729 1419 2771 Campenses
1431 2735 1610 2772 coegerunt
1623 2727 1653 2761 S.
1666 2727 1914 2771 Hieronymum
1934 2727 1976 2762 ad
1986 2688 2105 2771 pr307fes-

1271 2779 1394 2813 sionem
1414 2779 1515 2812 trium
1540 2776 1779 2820 hypostaseon.
1808 2788 1885 2824 341.
1914 2789 1943 2814 1.
1966 2778 2102 2822 quinam

1269 2828 1393 2863 fuerint
1415 2827 1500 2872 apud
1524 2827 1743 2863 Antiochiam
1768 2852 1775 2861 .
1808 2838 1885 2875 334.
1907 2840 1939 2864 2·
1972 2827 2104 2863 Meletii

1270 2878 1465 2913 communio
1480 2903 1487 2910 .
1517 2888 1594 2925 335-
1621 2890 1649 2915 1·
1674 2885 1764 2912 erant
1780 2876 1995 2912 orthodoxi.
2021 2876 2102 2914 lbid.

1271 2927 1412 2963 haeretici
1424 2929 1443 2963 a
1457 2928 1488 2962 S.
1500 2929 1712 2970 Hieronymo
1723 2927 1856 2962 crediti.
1881 2927 1963 2962 lbid.

1222 2978 1446 3014 Candidianus
1458 2978 1579 3014 Comes
1589 2977 1862 3028 Nestorianorum
1872 2978 1994 3013 fautor·
2019 2987 2100 3017 200.

1274 3040 1301 3066 1.
1314 3041 1345 3066 2.

1222 3077 1340 3113 Canon
1352 3103 1362 3119 ,
1389 3074 1494 3122 quid?
1521 3076 1600 3124 248.
1613 3090 1641 3115 1.
1654 3092 1685 3117 2.
1697 3079 1817 3114 Differt
1828 3079 1846 3114 a
1864 3078 2024 3114 Decreto.
2045 3077 2102 3112 Fit

1269 3130 1289 3164 a
1311 3128 1443 3164 multis.
1471 3128 1551 3162 Non
1578 3129 1684 3172 potest
1704 3129 1861 3164 Pontifex
1884 3140 1974 3163 extra
1995 3129 2102 3171 Syno-

1268 3178 1349 3212 dum
1372 3189 1476 3213 novos
1499 3179 1654 3215 Canones
1674 3204 1685 3221 ‚
1726 3177 1780 3214 sed
1798 3180 1937 3214 Decreta
1956 3177 2101 3212 condere

1269 3229 1395 3263 Contra
1407 3229 1628 3263 Hincmarum
1640 3227 1718 3276 248.
1738 3228 1982 3273 1.Signisicatio
2008 3227 2100 3262 vocis

1267 3282 1393 3319 Canon,
1417 3277 1482 3321 jam
1507 3279 1675 3322 paululum
1702 3280 1892 3313 immutata.
1922 3275 2002 3323 248·
2031 3289 2099 3314 1.2

1220 3329 1341 3364 Canon
1354 3337 1463 3363 nonus
1473 3328 1622 3364 Concilii
1635 3328 1908 3364 Chalcedonensis
1919 3327 1971 3361 aS.
1983 3326 2100 3362 Leone

1269 3378 1456 3423 repudiatus
1466 3404 1474 3411 .
2007 3375 2061 3424 78.
2076 3388 2099 3412 2

993 3425 1116 3475 267.1.
1133 3439 1154 3465 2
1219 3429 1340 3466 Canon
1361 3438 1493 3475 quartus
1505 3429 1683 3470 Nicaenus,
1709 3428 1846 3464 unicum
1868 3427 2039 3465 dumtaxat
2063 3426 2101 3460 in

1591 3480 1624 3514 X
1650 3492 1672 3515 x
1723 3491 1748 3517 2
1934 3476 2051 3524 quavis
