2340 3736
142 2068 227 2109 Epist.
241 2081 266 2102 1.

394 121 484 162 152

323 202 379 225 non
394 187 535 233 adserens
544 188 701 233 secundum
713 191 807 231 quid,
828 188 887 232 sed
900 188 1028 232 absoluta³
1043 188 1198 232 suscipien-

323 242 394 274 dum
406 264 416 280 ,
441 241 551 274 cumflis
560 242 692 284 generali
702 241 763 282 lege
775 245 897 281 impona
909 253 919 273 .·
947 244 1041 280 Atque
1064 241 1084 270 ti
1106 242 1199 270 Cleri-

323 297 365 327 cis
377 290 572 325 &monachis
582 287 808 333 subscriptiones
832 290 974 323 violenter
985 294 1098 331 exegit.
1125 289 1200 329 ,Qua

324 344 361 374 de
371 340 459 384 causa
464 343 588 383 plurimi
595 337 629 382 se
639 338 678 372 ab
688 339 832 382 Ecclefia,
857 340 891 372 ὅ(
913 337 1092 381 Epiphanii
1110 338 1202 371 -Con-

323 391 610 434 ssantinopolitani
621 389 771 433 Episcopi
787 390 827 423 ad
839 388 903 422 haec
922 387 1060 421 tacentis
1081 398 1203 420 commu·

323 449 408 476 nione
416 440 650 484 subtraxerunt,
677 441 711 474 eb·
724 438 855 472 monachi
878 440 898 469 ᾶ
914 443 1047 479 propriis
1067 436 1204 478 monaste·

323 498 379 526 riis
392 491 561 534 recesserunt
572 515 584 531 ,
606 491 759 534 afferentes
770 488 825 530 fibi
833 486 957 530 sufficere
973 487 1067 530 fidem
1086 498 1183 520 eorum
1195 510 1204 526 ,

324 547 417 585 quiin
427 549 548 584 quatuor
558 543 578 574 5
573 542 674 580 ynodts
686 546 886 574 convenerunt
900 562 906 570 .
935 536 1123 571 Theodora:
1138 535 1206 569 Au·

325 593 425 638 gustaz
437 591 542 636 palam
555 603 592 626 ac
604 591 750 632 nequiter
771 585 988 630 Eutychianae
1010 587 1206 620 commixtio

323 641 478 677 reddebat
488 643 626 686 suspecta
637 639 767 673 omnia:
794 638 964 672 Insomnes
974 636 1126 671 monachi
1140 637 1207 671 exi-

322 691 497 727 stimabant
508 691 726 734 Justinianum
748 687 922 722 Anastasio
936 711 947 727 ‚
985 685 1205 731 Epiphanium

324 741 547 778 Patriarcham
559 739 592 772 ὃς
607 739 764 781 Joannem
775 737 896 780 Papam
907 737 1025 773 ssmiles
1045 737 1205 773 Flaviano

323 791 540 828 Antiocheno
552 790 584 824 &
596 788 783 822 Philoxeno
793 787 1050 831 Hieropolitano
1075 788 1208 830 Episco-

322 843 372 888 pis
383 868 393 883 ,
420 851 558 885 quorum
570 850 629 883 pro
639 839 750 874 eadem
763 838 982 882 propositione
993 838 1208 872 temeritatem

322 892 412 936 supra
434 890 618 924 audivimus
647 889 665 922 ὲ
684 890 848 925 Dioscoro
867 887 1027 922 Romanae
1059 887 1209 923 Ecclefiae

322 945 477 978 Diacono
497 941 531 974 &
553 939 687 973 laudato
712 940 876 982 Episcopo
897 936 1135 972 Tonnonenfi.
1163 937 1207 971 Et

322 992 397 1028 sane
407 991 481 1024 laici
494 989 654 1032 Principis
675 987 828 1022 Edictum
842 1013 851 1028 ‚
879 998 946 1031 quo
965 999 1042 1022 unus
1061 990 1078 1022 ἒ
1111 991 1207 1021 Trini-

321 1053 384 1076 tate
397 1053 464 1075 non
476 1039 652 1074 secundum
662 1039 740 1082 quid
751 1060 760 1077 ‚
787 1039 820 1072 id
831 1038 876 1072 est
886 1063 897 1078 ‚
924 1049 992 1073 non
1005 1037 1115 1074 addita
1127 1049 1207 1074 voce

321 1091 474 1131 Christus,
501 1098 557 1124 aut
568 1101 651 1124 voce
662 1094 694 1121 in
719 1100 807 1122 carne
823 1114 833 1130 ,
860 1088 912 1124 sed
934 1088 1080 1123 absolute
1100 1088 1206 1132 praedi·

319 1142 453 1176 cabatur
474 1140 578 1184 passus
599 1140 634 1175 ὅ(
655 1139 832 1174 crucifixus
845 1163 856 1179 ,
884 1138 946 1173 isto
971 1149 1115 1183 tempore
1138 1150 1205 1172 non

321 1201 447 1236 poterat
460 1200 528 1225 non
539 1190 602 1225 effe
615 1191 809 1233 suspedium.
835 1189 946 1236 Qare
969 1187 1123 1223 monachi
1136 1200 1202 1222 non

321 1243 388 1276 fine
416 1239 635 1276 fundamento
655 1249 809 1282 putarunt
831 1240 930 1273 etiarn
954 1239 1091 1282 Joannis
1112 1239 1205 1282 Papa:

318 1292 592 1327 communionem
614 1291 765 1324 refutari.
808 1288 935 1323 Verum
960 1289 1016 1323 ille
1035 1289 1136 1324 firmis
1152 1300 1202 1322 an*

319 1341 428 1377 choris
441 1341 603 1376 nitebatur
619 1353 626 1373 :
654 1339 867 1374 Duodecimo
883 1339 991 1374 Sancii
1012 1339 1130 1382 Cyrilli
1153 1337 1204 1372 ad-

317 1392 428 1426 versim
438 1391 629 1427 Nestorium
653 1390 832 1434 Capitulo‚
858 1400 913 1434 per
932 1388 1128 1433 Ephesinam
1150 1390 1204 1432 Sy-

319 1443 465 1483 nodum‚
494 1441 682 1475 Romanam
698 1439 836 1479 Sedem,
860 1451 897 1473 ac
907 1451 1043 1474 omnem
1053 1438 1110 1474 sub
1120 1442 1204 1474 coe'o

320 1492 499 1527 Ecclesiam
528 1490 764 1534 comprobato,
791 1488 916 1532 judicio
949 1489 1102 1523 Ferrandi
1129 1489 1204 1522 Car-

320 1541 520 1587 thaginensis
544 1541 711 1579 Diaconi,
733 1548 831 1582 atque
853 1538 954 1573 totius
966 1535 1110 1573 Eccleflae
1120 1536 1204 1572 Afri-

318 1604 427 1632 canae,
467 1602 527 1625 nec
550 1601 618 1624 non
642 1590 832 1624 austoritate
855 1589 1018 1623 variorum
1051 1588 1203 1629 Patrum,

318 1642 490 1687 praesertim
526 1639 632 1675 Sant‘ii
667 1639 872 1684 Augustini,
898 1638 988 1681 cujus
1019 1639 1053 1672 &
1078 1638 1202 1672 addidit

317 1692 420 1726 hocce
442 1692 543 1725 aureis
565 1690 681 1724 litteris
701 1690 737 1722 in
759 1690 852 1723 omni
870 1686 979 1722 schola
1005 1688 1039 1721 δε
1063 1688 1202 1722 Ecclesia

317 1742 523 1776 scribendum
535 1741 682 1784 elogium
693 1765 700 1772 .
728 1739 828 1773 samri
841 1739 993 1783 Augustini
1014 1739 1179 1772 doc‘lrinam
1192 1763 1201 1778 ,

313 1792 472 1836 secundum
495 1791 736 1834 Praea'eceffbrum
758 1802 886 1824 meorum
899 1788 1037 1830 statuta,
1068 1793 1203 1822 Romana

312 1842 446 1886 sequitur
478 1843 512 1875 (9⁹
527 1839 637 1884 servat
659 1839 803 1882 Ecclefia.
832 1839 1011 1874 Aeaemetas
1023 1837 1202 1872 monachos

317 1893 335 1926 a
367 1892 600 1926 communione
631 1890 814 1934 suspendit,
855 1890 913 1923 nisi
939 1889 1200 1933 acquiescerent,

318 1953 483 1985 tamquam
517 1940 661 1975 Nestorii
698 1940 837 1974 fautores
867 1938 1089 1973 damnandos.
1118 1939 1202 1985 Qae

317 1992 432 2026 omnia
444 1989 484 2026 ad
509 1990 682 2034 Iustiniani
706 1988 847 2033 Augusti
867 2000 974 2032 preces
994 1989 1201 2023 confirmavit

318 2042 454 2086 Joannis
470 2040 623 2074 successor
635 2039 804 2084 Agapetus
815 2039 850 2073 in
862 2038 931 2072 haec
943 2038 1038 2073 verba
1051 2065 1056 2070 .
1085 2043 1194 2080 Cupis,

317 2091 498 2126 venerabilis
509 2094 673 2132 Imperator
690 2114 701 2129 ,
725 2098 758 2122 ut
779 2098 840 2122 tuae
863 2092 994 2122 Pietatis
1017 2088 1203 2130 Epistolam‚

317 2145 355 2177 de
365 2143 438 2186 fidei
453 2140 558 2181 vestrae
577 2138 749 2181 expositione
771 2147 864 2181 nuper
878 2140 923 2171 ad
943 2138 1038 2172 beatae
1057 2145 1202 2171 memortae

318 2192 557 2235 Praedecefforem
577 2190 704 2230 nostrum
727 2193 759 2234 J
763 2200 891 2227 oannem⁴
902 2196 957 2230 per
981 2191 1137 2230 Hypatium
1158 2196 1203 2220 at·

316 2255 373 2286 que
385 2247 565 2276 Demetrium
577 2238 735 2283 Episcopos
749 2237 926 2279 destinatam
937 2262 949 2278 ‚
975 2247 1065 2280 atque
1086 2239 1106 2270 ἃ
1123 2245 1206 2279 prae.

310 2293 382 2337 fato
408 2290 542 2334 Praesule
564 2290 733 2324 roboratam
747 2313 758 2329 ,
784 2287 879 2329 nqstra
899 2299 1010 2330 quoque
1029 2287 1203 2320 aur5⁷oritate

313 2343 489 2387 firmemus:
517 2341 711 2380 Laudamus,
738 2341 772 2373 (ν
793 2339 998 2380 amplctimur
1017 2362 1028 2378 ‚
1053 2338 1205 2379 confirma-

315 2404 406 2431 mus,
441 2401 530 2433 atque
553 2389 744 2423 roboramus.
785 2389 896 2422 Etiam
922 2385 1095 2422 Facundus
1122 2387 1204 2419 Her-

317 2441 492 2478 mianenfis
506 2439 730 2474 facundissime
751 2438 859 2472 laudat
882 2449 919 2472 ac
939 2435 1107 2475 defendit,
1132 2447 1202 2471 tan-

319 2492 460 2535 demque
471 2489 512 2524 ad
535 2488 677 2533 ejusdem
700 2488 859 2532 Principis
877 2499 987 2531 preces
1011 2487 1120 2523 nostra
1140 2486 1204 2520 haec

320 2540 631 2586 Synoduspraesenti
652 2539 810 2581 Capitulo
833 2539 868 2572 in
892 2547 1072 2581 perpetuam
1095 2536 1205 2570 Eccle-

321 2594 370 2626 fiae
380 2592 545 2636 Regulam
557 2590 723 2633 provexit.
751 2587 874 2622 Addit:
905 2588 1074 2630 Crucifixus
1095 2597 1180 2619 carne
1196 2610 1203 2617 .

323 2642 380 2678 Ob
391 2643 611 2675 auctoritatem
626 2641 784 2673 Romanae
795 2638 960 2673 Ecclesiae:
994 2636 1096 2684 Qlod
1117 2647 1206 2669 nam-

323 2704 387 2736 que
419 2693 550 2726 decreto
572 2691 632 2724 suo
650 2689 810 2723 addiderit
826 2713 836 2728 ,
872 2687 1028 2722 Ferrandi
1060 2686 1205 2721 Diaconi

325 2743 495 2776 consilium
507 2742 546 2775 ad
563 2738 790 2782 Eutychianos
809 2738 905 2772 dolos
925 2736 1148 2772 excludendos
1165 2737 1206 2769 se·

326 2803 441 2832 cutus,
468 2793 565 2826 etiarn
577 2791 718 2834 joannes
731 2788 908 2828 PontifeX,
934 2788 1068 2822 testatur
1091 2785 1207 2820 diserte

326 2842 513 2876 Liberatus.
537 2840 658 2883 *Neque
670 2839 848 2878 PontifeX,
871 2848 974 2881 neque
984 2836 1135 2880 synodus
1144 2836 1208 2869 sus-

327 2894 413 2935 pesta
423 2894 484 2925 effe
503 2890 609 2924 voluit
625 2889 666 2923 de
688 2888 901 2923 conniventia
926 2900 1001 2922 curn
1023 2886 1207 2920 Theodora

329 2941 496 2984 Augusta,
521 2952 591 2974 non
614 2937 789 2974 secundum
829 2937 934 2981 quid,
974 2938 1028 2972 sed
1063 2936 1209 2971 absolute

329 2992 513 3034 praesentem
547 2989 800 3034 propositionem
833 2989 1013 3031 susceptam
1043 2987 1176 3020 volente
1200 3011 1207 3019 .

331 3039 520 3082 Etiamipse
533 3039 730 3081 Iustinianus
743 3040 776 3072 in
791 3037 989 3082 supplicibus
1010 3037 1050 3071 ad
1070 3036 1208 3070 Pontifi-

332 3088 530 3124 cemlitteris
540 3089 704 3123 addiderat
715 3099 829 3123 vocem
852 3092 972 3122 Came.
999 3087 1129 3131 Integer
1141 3097 1209 3120 non

331 3139 376 3173 est
397 3137 458 3172 hac
480 3138 515 3170 in
529 3149 560 3170 re
587 3138 702 3172 Victor
725 3138 983 3172 Tonnonenfis:
1009 3137 1095 3184 Qis
1120 3136 1210 3170 enim

333 3189 454 3223 nesciat
476 3187 689 3230 Iustinianum
714 3189 748 3221 in
771 3188 933 3233 dogmatis
953 3188 1045 3222 causa
1066 3185 1211 3230 Conjugi

335 3237 523 3272 Theodorae
543 3233 627 3270 nihil
640 3236 821 3270 conceffisse
835 3239 850 3268 ,ἓ

387 3288 440 3320 Ex
453 3286 628 3331 quovides
651 3285 784 3319 eandem
804 3288 1001 3328 aequivocam
1025 3284 1211 3330 propofitio-

337 3348 416 3371 nem
439 3337 526 3378 posse
546 3335 586 3370 ab
611 3335 747 3369 Ecclesia
775 3335 942 3368 succeffive
963 3338 995 3369 δε
1026 3335 1153 3380 probari
1179 3336 1212 3370 &

339 3386 486 3419 damnari
509 3411 513 3417 .
542 3386 676 3419 Etenim
696 3394 824 3427 propter
845 3383 997 3418 subdolos
1020 3410 1031 3425 ,
1067 3386 1101 3420 δε
1126 3395 1212 3418 com-

341 3433 494 3472 munibus
504 3434 638 3470 vocibus
649 3459 659 3477 ,
686 3444 853 3481 tamquam
865 3436 1095 3470 communibus
1105 3434 1187 3470 lanis
1199 3459 1211 3476 ,

766 106 983 170 QINTI
1019 102 1698 154 GeneaatlsCoricrtll

1267 190 1366 222 tectos
1379 187 1541 235 haereticos
1553 192 1631 227 facit
1642 194 1825 236 frequenter
1835 192 1981 229 Ecclesia
1990 194 2032 230 de
2049 195 2145 241 signis

1269 238 1449 278 vocalibus,
1461 241 1551 282 quod
1563 253 1691 285 propter
1705 244 1879 286 versipelles
1888 243 2096 280 Manichaeos
2104 247 2146 281 de

1266 288 1362 331 signis
1376 289 1658 325 sacramentalibus
1681 292 1755 328 fecit
1765 294 1796 327 S.
1809 294 1880 328 Leo
1891 294 2037 340 Magnus
2058 295 2147 330 Pon-

1266 338 1346 371 tifex
1357 360 1368 377 ,
1393 336 1557 373 dicens'ad
1580 340 1736 382 populum
1747 343 1781 376 in
1803 354 1918 387 quarto
1938 346 2084 380 sermone
2102 346 2144 381 de

1266 387 1520 433 quadragesima.
1549 389 1625 421 Cum
1635 389 1729 433 impii
1740 391 1915 428 Manichaei
1934 397 1980 428 ad
1987 397 2144 439 tegendam

1265 437 1472 479 infidelitatem
1478 437 1568 482 suam
1580 438 1684 479 nostris
1694 441 1827 476 audeam
1837 446 1965 489 imereffe
1973 445 2120 485 ‚myster-115
2132 471 2144 488 ‚
2159 426 2230 465 ΟΨ·
2240 434 2264 462 5·

1266 489 1311 520 itai
1334 493 1366 521 in
1395 491 1651 523 sacramentorum
1681 496 1876 526 communione
1897 493 1930 537 se
1952 503 2145 537 temperant,

1266 547 1300 570 ut
1309 540 1458 571 interdum
1482 541 1576 572 tutius
1588 542 1704 573 lateant
1716 564 1723 571 .
1749 544 1809 574 Ore
1831 543 1951 585 indigno
1969 545 2078 586 christi
2090 558 2146 579 cor·

1262 590 1323 629 pus
1344 594 1492 630 accipiunt
1511 613 1521 629 ,
1546 588 1725 634 sanguinem
1745 597 1845 624 autem
1869 593 2074 634 redemptionis
2097 607 2145 628 no-

1260 637 1333 677 strae
1352 638 1471 672 haurire
1482 643 1598 672 omnino
1620 642 1790 674 declinant.
1819 642 1911 683 ,Quod
1932 643 1997 676 ideo
2022 645 2145 683 wstram

1268 689 1403 722 volumus
1412 687 1488 731 scire
1508 690 1721 731 sanititatem,
1748 700 1782 723 ut
1807 691 1889 723 nobis
1912 689 2079 735 hujusmodi
2098 694 2147 728 bo·

1268 744 1363 771 mines
1385 737 1477 774 &his
1501 739 1725 781 manifi’stentur
1748 741 1887 782 indictis,
1914 742 2080 784 &quorum
2099 745 2144 777 de-

1265 786 1410 830 prehensa
1414 787 1514 830 fuerit
1535 788 1681 834 sacrilega
1685 789 1833 832 simulatio
1843 815 1854 831 ,
1881 798 1975 824 notati
1986 794 2143 834 &proditi

1267 840 1287 870 ἃ
1297 836 1463 881 sanHorum
1478 837 1617 880 societate
1628 847 1644 879 5'
1660 838 1834 883 sacerdotali
1856 841 2057 882 auc‘Joritate,
2080 845 2146 886 pel·
2198 882 2201 885 Δ

1266 888 1367 921 tantur
1381 913 1388 920 .
1416 890 1582 923 Dominus
1594 889 1771 924 stanislaus
1792 890 1975 925 Cardinalis
2000 892 2144 933 Hostus,

1266 939 1299 973 ὅ(
1325 950 1402 973 cum
1424 938 1485 972 illo
1509 939 1661 983 Synodus
1683 940 1927 975 Petricoviensis
1950 965 1961 982 ,
1987 942 2147 978 statutum

1266 986 1331 1023 hoc
1355 991 1515 1024 emanasse
1526 990 1716 1024 existimant
1743 987 1890 1025 adversus
1910 993 2021 1027 nescio
2041 1003 2140 1036 quem

1266 1039 1466 1082 paradoxum
1490 1039 1633 1074 Nestorii
1645 1038 1686 1074 de
1708 1040 1814 1074 sancta
1836 1039 2038 1076 Eucharistia
2059 1053 2145 1076 erro-

1267 1100 1351 1123 rem:
1379 1088 1427 1123 At
1437 1101 1563 1126 certum
1576 1090 1621 1126 est
1633 1092 1792 1124 emanasse
1803 1100 1918 1124 contra
1929 1090 2144 1127 Manichaeos.

1268 1140 1472 1174 Communio
1507 1140 1564 1175 sub
1601 1140 1668 1175 sola
1702 1140 1795 1184 panis
1834 1141 1938 1183 specie
1967 1141 2029 1176 fiiit
2061 1141 2144 1176 olim

1268 1201 1336 1223 non
1357 1191 1485 1224 tantum
1508 1190 1597 1225 licita
1619 1215 1629 1231 ,
1660 1191 1714 1224 sed
1738 1190 1772 1224 δε
1794 1201 1922 1234 recepta
1942 1191 1978 1224 in
2001 1191 2145 1226 multum

1267 1240 1358 1274 usum
1379 1240 1620 1280 Ecclesiarum‚
1649 1241 1747 1276 etiam
1774 1241 1932 1275 Romanae
1956 1255 1967 1275 .·
1994 1239 2042 1276 At
2068 1253 2148 1286 quo·

1268 1291 1354 1324 uiam
1369 1291 1496 1333 profani
1519 1290 1697 1325 Manichaei
1707 1289 1764 1324 sub
1792 1290 1868 1331 illa,
1895 1289 2063 1332 ta'mquam
2087 1290 2147 1326 sub

1266 1340 1365 1374 ovina
1389 1340 1472 1383 pelle
1494 1365 1504 1381 ,
1530 1339 1643 1384 lupum
1664 1339 1864 1384 obtegebant
1886 1365 1898 1381 ,
1934 1352 2006 1374 earn
2033 1341 2145 1375 Roma

1267 1390 1444 1434 proscripsit
1464 1390 1653 1424 &abolevit
1675 1390 1831 1424 Pontifex
1846 1415 1856 1430 ,
1882 1390 2070 1434 praecipiens
2093 1402 2149 1435 pet

1265 1440 1394 1474 ltaliam
1405 1440 1558 1474 omnibus
1583 1440 1617 1473 &
1638 1439 1771 1485 singulis
1794 1441 1932 1483 speciem
1952 1449 2123 1484 utramque
2137 1465 2150 1481 ,

1264 1489 1346 1524 adeo
1359 1500 1395 1523 ut
1418 1491 1525 1524 omnis
1538 1491 1568 1524 se
1588 1491 1606 1524 a
1631 1489 1746 1531 Caiice
1768 1491 1858 1524 sacro
1880 1489 2044 1526 abstinens
2070 1490 2149 1525 esset

1268 1540 1425 1583 suspectus
1437 1540 1478 1574 de
1489 1538 1738 1574 Manichaeismo
1749 1565 1760 1581 ,
1786 1551 1952 1582 tamquam
1965 1539 2000 1575 id
2012 1547 2087 1575 nou.
2103 1540 2148 1575 fa-

1264 1589 1353 1623 ciens
1366 1588 1553 1624 Christiana
1565 1589 1712 1624 libertate
1723 1614 1734 1630 ,
1760 1590 1814 1623 sed
1828 1590 1935 1624 servili
1948 1599 2044 1633 atque
2053 1588 2147 1624 haere-

1264 1641 1328 1673 tica
1350 1639 1608 1683 superstitione,
1647 1650 1718 1683 quae
1737 1639 1851 1673 vinum
1873 1638 2144 1674 abominatur&

1264 1687 1373 1724 horret
1385 1713 1396 1729 ,
1422 1688 1510 1734 quasi
1522 1690 1558 1724 sit
1579 1699 1648 1723 non
1660 1689 1726 1723 Dei
1747 1687 1934 1723 creatura&
1947 1688 2145 1724 Sacramenti

1263 1739 1487 1779 elementum,
1514 1738 1567 1773 sed
1578 1739 1787 1773 maledictum
1813 1739 1857 1773 fel
1871 1737 2034 1782 Principis
2058 1746 2147 1774 tene-

1263 1788 1391 1823 brarum
1407 1814 1414 1822 .
1442 1788 1489 1822 At
1503 1788 1579 1822 vero
1601 1787 1668 1822 haec
1680 1789 1788 1823 nostra
1813 1787 2141 1823 noviffimorumdie·

1263 1851 1332 1873 rum
1345 1838 1715 1881 temporainfeliciffima
1736 1837 1942 1873 inmundum
1964 1837 2147 1872 abortivere

1264 1888 1407 1923 Huffitas
1429 1913 1440 1928 ,
1468 1886 1675 1922 Lutheranos
1696 1912 1707 1928 ,
1743 1888 1777 1922 δι
1799 1886 1996 1921 Calvinistas
2016 1911 2028 1927 ,
2069 1887 2146 1922 laici

1264 1939 1375 1982 populi
1396 1936 1454 1973 sub
1479 1938 1546 1972 sola
1559 1938 1650 1982 panis
1661 1937 1765 1981 specie
1785 1936 2054 1972 communicandi
2074 1948 2146 1972 mo-

1263 2000 1352 2028 rem,
1375 2000 1418 2023 ex
1429 1986 1620 2033 graviffimis
1630 1987 1850 2030 acjustiffimis
1873 1986 1986 2021 cauffis
1995 1987 2062 2030 jam
2084 1987 2147 2030 pri-

1261 2039 1338 2073 dem
1360 2038 1527 2072 industum
1554 2040 1589 2071 in
1609 2047 1744 2072 ornnem
1783 2035 1960 2070 Ecclesiam
1982 2036 2143 2077 latinam,

1262 2089 1454 2122 damnantes
1475 2098 1644 2131 tamquam
1665 2086 1835 2125 adversum
1859 2084 1981 2119 Christi
2005 2085 2145 2120 Domini

1263 2138 1413 2172 instituto
1434 2149 1471 2171 ac
1494 2137 1578 2182 Legi
1600 2114 1806 2182 Evsngelicae
1828 2161 1836 2169 .
1867 2134 1962 2170 Hinc
1983 2135 2158 2170 Constan-⁴

1262 2188 1369 2222 tiensis
1382 2188 1416 2221 &
1436 2187 1635 2221 Tridentina
1647 2185 1800 2229 synodus
1823 2185 2035 2229 proscripsere
2054 2196 2147 2219 com·

1262 2238 1457 2271 munionem
1469 2236 1527 2271 sub
1539 2247 1675 2280 utraque
1686 2236 1789 2280 specie
1801 2260 1811 2275 ‚
1837 2244 1874 2269 ut
1885 2234 2030 2278 quisquis
2052 2235 2145 2269 illam

1264 2287 1430 2323 attentarit
1453 2311 1464 2327 ,
1489 2287 1640 2321 tractetur
1661 2295 1698 2320 ut
1719 2285 1873 2330 professus
1900 2284 2054 2326 Husfita,
2081 2285 2147 2319 Lu-

1263 2337 1436 2377 theranus,
1462 2347 1517 2370 aut
1530 2336 1709 2370 Calvinista
1723 2362 1730 2369 .
1757 2335 1859 2371 Dictae
1871 2333 2042 2377 synodi&
2067 2335 2145 2368 San-

1263 2388 1330 2421 etus
1341 2387 1412 2421 Leo
1436 2386 1614 2420 statuerunt
1626 2385 1767 2419 omnino
1789 2384 1972 2424 contraria,
1999 2393 2144 2417 attamen

1263 2448 1332 2471 uno
1354 2435 1489 2479 spiritu:
1516 2432 1745 2480 Qomodoin
1766 2432 1884 2467 luto&
1903 2444 1975 2468 cera
1997 2433 2086 2468 idem
2097 2433 2145 2467 sol

1263 2485 1376 2520 eadem
1387 2485 1506 2518 virtute
1521 2483 1866 2528 adversasqualitates;
1894 2483 1939 2518 ita
1952 2482 2040 2517 idem
2065 2484 2143 2517 San-

1264 2538 1331 2570 stus
1341 2535 1411 2578 Jesu
1424 2534 1545 2568 Christi
1557 2535 1693 2578 Spiritus
1707 2545 1761 2577 per
1771 2534 1875 2567 varios
1885 2532 2029 2576 ejusdem
2052 2543 2144 2576 pote-

1265 2585 1353 2619 statis
1381 2585 1532 2618 Rectores
1543 2583 1782 2618 Ecclesiasticos
1805 2583 1840 2616 in
1852 2582 1981 2617 diversis
1993 2584 2146 2627 tempori·

1264 2635 1324 2670 bus
1336 2644 1391 2669 aut
1403 2634 1487 2668 locis
1499 2634 1543 2668 ob
1554 2633 1697 2668 adversas
1709 2634 1849 2667 rationes
1868 2632 1998 2667 adversa
2010 2632 2045 2667 δε
2067 2644 2148 2667 con·

1265 2687 1361 2720 traria
1371 2684 1496 2719 decreta
1519 2692 1684 2728 operatur.
1712 2683 1852 2718 Vivit&
1876 2693 1987 2717 manet
1998 2681 2057 2716 sub
2078 2682 2146 2716 illis

1266 2737 1421 2769 invariata
1432 2733 1531 2775 fides,
1559 2733 1728 2778 quomode>
1740 2733 2017 2767 ideminvariatus
2041 2730 2146 2766 homo

1265 2785 1322 2820 sub
1332 2785 1404 2820 aliis
1421 2785 1455 2820 &
1468 2785 1539 2818 aliis
1563 2785 1653 2818 vario
1665 2794 1812 2826 tempore
1835 2781 2034 2818 vestimentis
2047 2805 2055 2813 .
2081 2782 2163 2815 lio-1

1265 2835 1339 2871 dem
1352 2835 1420 2878 jure
1443 2836 1624 2877 praesentem
1634 2833 1899 2877 propositionem
1921 2832 2014 2866 Felix
2033 2833 2148 2870 tertius

1266 2886 1300 2921 δε
1321 2884 1499 2919 Hormisda
1512 2909 1522 2924 ,
1548 2885 1627 2918 item
1639 2884 1779 2927 Ioannes
1799 2880 1958 2918 secundus
1969 2882 2004 2915 ἃ.
2018 2880 2148 2925 Agape-

1267 2946 1320 2970 tus
1346 2934 1523 2969 Pontifices
1543 2936 1717 2968 trastarunt
1740 2958 1747 2964 .
1774 2932 1813 2966 In
1836 2930 2024 2966 Istiusmodi
2051 2953 2064 2970 ‚
2097 2931 2147 2963 in-

1268 2997 1390 3031 quam,
1415 2984 1587 3028 aequivocis
1607 2982 1884 3027 propositionibus
1910 3005 1921 3022 ,
1948 2991 2016 3014 non
2037 2977 2147 3015 onhe-

1268 3036 1356 3070 doxa
1368 3034 1527 3069 sententia
1554 3033 1749 3073 damnatur,
1775 3033 1827 3066 sed
1839 3029 2146 3066 circumscribuntur

1269 3087 1342 3120 solae
1365 3095 1478 3123 voce8‚
1504 3094 1654 3118 earumve
1677 3083 1852 3125 nescioqui
1876 3080 1998 3115 occulti
2009 3079 2095 3114 smus
2112 3077 2147 3112 δε

1271 3136 1382 3170 secreti
1393 3134 1530 3169 recessus
1542 3138 1557 3174 ,'
1579 3134 1614 3168 in
1625 3132 1745 3177 quibus
1758 3132 1861 3166 dolosi
1874 3128 2014 3165 haeretici
2027 3126 2148 3170 possint

1272 3184 1398 3220 saetidos
1409 3186 1482 3218 suos
1494 3184 1638 3219 vomitus
1647 3180 1841 3218 abscondere
1852 3205 1863 3220 ‚
1885 3181 1920 3215 ἀ
1931 3176 2048 3212 nostris
2059 3176 2147 3210 exin-

1273 3235 1313 3269 de
1325 3233 1575 3278 simplicioribus
1600 3243 1767 3276 tamquam
1793 3243 1834 3266 ex
1859 3227 2002 3263 formoso
2027 3225 2149 3269 poculo

1272 3285 1471 3320 mortiferam
1483 3284 1654 3326 potionem
1676 3282 1864 3327 propinare.
1889 3277 1984 3311 Hinc
2009 3275 2146 3311 nebulo·

1274 3335 1368 3370 nibus
1378 3334 1446 3369 istis
1459 3333 1639 3377 profligatis
1650 3357 1661 3372 ,
1672 3331 1828 3372 omnique
1838 3324 2022 3360 insidiarum
2036 3325 2146 3360 soluto

1272 3395 1362 3419 metu
1372 3409 1383 3425 ,
1410 3385 1539 3427 possunt
1550 3393 1648 3416 voces
1661 3380 1720 3415 511ae
1728 3380 1762 3412 in
1775 3377 1942 3420 pristinam
1951 3374 2043 3409 reddi
2053 3374 2159 3408 liber->

1273 3446 1384 3472 tatem.
1410 3434 1464 3468 Fit
1475 3427 1724 3479 illis‚quomod‹>
1734 3425 1864 3463 mundis
1875 3423 2146 3481 vestibusfluibus

2023 3484 2097 3521 quis
