2340 3736
138 3422 192 3460 Ep.
202 3429 247 3456 70·

377 215 471 260 150

296 285 498 325 intelleeim·‚
515 285 572 319 Επ-
598 283 711 318 Etiam
723 282 756 317 hi
768 283 823 326 ipsi
838 279 994 318 monachi
1017 280 1057 314 de
1079 279 1184 321 Euty-

295 332 415 370 chiana
427 336 514 380 lepra
524 334 666 380 graviter
687 333 964 378 suspestieandem
984 328 1177 374 profiteban-

296 394 372 426 tur,
399 386 546 420 dicentes
568 382 610 418 ad
622 384 784 430 Legatos:
812 388 877 416 Nos
898 382 1038 421 synodum
1059 379 1180 412 Chalce-

295 434 448 478 donensem
475 433 679 478 suscepimus,
706 433 756 468 hoc
772 432 931 476 speramus
947 455 958 471 ,
981 441 1015 464 ut
1042 430 1179 471 jubeatis

294 495 363 519 eam
372 486 453 518 nobis
475 493 640 528 exponere,
665 489 736 526 qula
761 495 817 516 non
831 481 941 526 sufficit
951 478 992 522 fic
1004 505 1015 522 ,
1041 480 1180 523 quomodo

293 534 423 578 cxpofita
433 534 471 576 est
481 559 493 576 ,
517 542 618 569 contra
627 533 734 576 berefin
746 531 952 574 Nestorianam
962 555 968 562 .

345 585 412 619 Pro
433 584 480 619 eis
502 584 689 620 Vitalianus
719 583 881 627 Magister
894 606 906 623 ‚
932 580 1104 615 adversum
1124 591 1181 614 eos

295 634 498 678 Iustinianus
511 635 632 670 Comes
643 658 655 674 ,
679 633 712 668 &
726 632 895 677 praesertim
911 631 1028 678 Legati
1042 629 1183 674 Aposto-

293 684 352 719 lici
363 680 489 720 stabant
500 682 740 730 potentiffime,
768 691 804 717 ut
818 682 920 726 liquet
940 693 982 716 ex
1004 692 1119 716 eorum
1141 691 1181 713 re-

293 734 419 770 latione
430 735 494 778 jam
507 733 644 769 adducta
655 757 665 774 ‚
692 743 751 767 nec
764 743 832 766 non
843 743 885 766 ex
898 730 959 766 hac
981 732 1079 765 solius
1099 731 1182 764 Dio-

292 784 394 819 scori.
433 783 595 820 UNUM
633 783 697 818 DE
734 781 1017 817 TRINITATE
1057 780 1180 815 CRU-

295 834 511 883 CIFIXUM
539 839 636 868 necin
644 832 760 877 fandis
781 833 899 872 synodis
921 833 1033 865 dicium
1045 830 1106 872 est,
1132 840 1182 863 nec

287 890 326 918 in
336 884 476 927 Epistolis
487 884 588 918 Sandli
601 886 697 926 Papae
717 887 848 924 Leonis,
874 893 925 916 nec
945 888 978 915 in
1003 879 1180 923 consuetudi—

292 946 340 978 ne„
352 933 547 977 Ecclesiastico
559 959 566 967 .
593 935 687 978 ,Quod
689 932 720 976 β
720 937 909 975 permittitur
921 933 1011 975 fieri,
1038 930 1110 964 mihi
1135 936 1181 963 vi-

289 985 401 1019 dentur
411 984 588 1029 diffinfiones
598 986 634 1018 <9
642 981 787 1027 scandala
798 994 856 1015 non
866 983 1023 1015 mediocria
1045 979 1126 1024 ,ια-[εἰ
1136 986 1181 1013 in·

290 1043 338 1069 ter
348 1034 509 1076 Ecclesi'as.
539 1031 791 1076 IstudAnastafiur
814 1036 977 1073 Imperator
1001 1032 1179 1075 magnaper?

290 1083 457 1118 Catholicis
478 1089 626 1125 imponere
641 1080 826 1124 festinavit:
854 1081 938 1122 istud
958 1083 992 1116 <u
1011 1080 1181 1120 Eutycbetis

290 1132 426 1177 disi-ipuli
437 1138 469 1166 in
482 1133 590 1172 synodo
600 1130 832 1174 Chalcedonenfi
844 1129 1074 1174 propolim-unt.
1099 1133 1182 1175 ,Quia

290 1182 525 1227 quotiescumque
538 1185 647 1217 Patres
661 1184 698 1216 de
710 1185 768 1215 Dei
780 1182 858 1215 Filio
880 1186 1006 1216 Domino
1028 1180 1183 1227 nostroJe-

286 1231 322 1278 su
343 1233 458 1274 Christo
478 1232 726 1278 disputaverunt,
752 1233 866 1266 Filium
887 1233 944 1266 Dei
969 1231 1099 1266 Verbum
1119 1242 1181 1264 con·

285 1282 478 1329 fiibstantialc
500 1287 589 1318 Patri
608 1285 772 1316 dixerunt:
799 1281 853 1323 Iste
875 1289 976 1315 autem
992 1281 1088 1325 sermo
1115 1281 1201 1315 idei*

289 1345 454 1378 numquam
467 1334 506 1375 est
515 1340 550 1368 in
561 1335 682 1373 synodis
695 1335 716 1365 ἆ
728 1332 876 1366 Patribus
889 1332 1070 1365 introduc‘i'us
1083 1357 1092 1372 ,
1106 1338 1180 1374 quia

286 1386 393 1428 procul
400 1385 488 1417 dubio
496 1383 646 1417 catholicae
656 1382 729 1425 fidei
739 1384 861 1416 minime*
867 1382 991 1424 poterat
1003 1388 1158 1416 convenire
1171 1407 1177 1413 .

291 1437 389 1476 Cujus
396 1433 541 1478 sermonis
551 1433 581 1476 fi
591 1431 742 1477 subtiliter
762 1434 940 1467 attendatur
963 1437 1087 1466 intentio
1101 1456 1111 1472 ,
1136 1433 1183 1464 ad

291 1494 424 1527 quantas
435 1483 561 1527 haeresu
569 1492 679 1526 pateat
689 1507 700 1523 ,
729 1484 763 1516 ό·
774 1494 842 1524 quae
854 1483 938 1516 maia
955 1489 1012 1523 per
1032 1493 1099 1515 eum
1115 1478 1179 1524 pos-

286 1533 360 1579 sunt
373 1538 402 1567 E
404 1533 575 1576 cclefiasticis
587 1531 837 1575 disputationibus
848 1531 996 1566 introduci
1008 1555 1018 1570 ‚
1041 1538 1179 1574 quoniam

292 1586 409 1628 longum
439 1583 499 1625 ςβ,
532 1580 695 1626 praesentes
718 1587 883 1633 poterimus
906 1579 1069 1623 insinuare.
1097 1581 1180 1615 Unde?

287 1633 397 1679 sanum
407 1633 481 1667 mibi
493 1635 615 1667 videtur
637 1634 671 1667 Θ
683 1634 754 1666 utile
766 1656 778 1673 ,
803 1634 838 1666 (5
860 1632 905 1665 ad
919 1639 1025 1674 pacem
1043 1629 1179 1673 Ecclefia-

293 1697 362 1719 rum
382 1690 581 1725 conveniens,
607 1682 686 1717 nibil
703 1683 789 1716 aliud
802 1678 967 1725 responsum
988 1683 1058 1715 dari
1073 1705 1083 1721 ‚
1110 1679 1177 1724 m'fi:

293 1734 519 1770 SUFFICIT
545 1735 566 1768 S
579 1733 609 1767 A
622 1733 657 1767 N
671 1732 750 1768 CT
764 1732 801 1768 U
814 1733 856 1767 M
894 1730 1179 1766 CHALCEDo-

292 1784 452 1819 NENSE
489 1782 773 1820 CONCILIUM
800 1807 812 1824 ,
863 1783 914 1817 IN
940 1782 1070 1831 .QJO
1111 1782 1178 1815 ET

291 1835 428 1870 ALIAE
454 1833 636 1870 SYNODI
647 1832 1016 1870 CONTINENTUR
1031 1846 1045 1875 ;
1072 1831 1177 1867 SUF·

292 1885 504 1920 FICIUNT
531 1882 782 1919 EpisToLAE
809 1882 955 1918 PAPAE
982 1882 1178 1922 LEONIS,

293 1935 379 1990 QU
394 1935 422 1969 A
435 1936 456 1969 S
483 1935 504 1968 S
518 1933 552 1967 Y
567 1934 642 1967 No
654 1933 690 1966 D
706 1932 779 1968 Us
806 1930 1154 1968 CONFIRMAVIT
1166 1945 1177 1965 .-

752 203 973 266 Qlurt
1021 195 1366 242 Generum-ts
1412 194 1715 243 Coucint

1239 274 1335 319 satias
1356 300 1367 316 ‚
1392 277 1428 308 Θ
1451 274 1508 318 sub
1527 280 1676 321 religionis
1696 281 1816 315 obtentu
1828 281 2024 324 famulantia
2054 283 2138 318 odiis'

1239 324 1306 369 suis
1327 336 1445 359 venena
1474 327 1679 369 pertulimus,
1699 330 1851 370 studentes
1874 344 1921 366 eos
1943 334 2131 367 medicinalis

1240 381 1398 418 patientiae
1422 377 1622 411 moderamine
1635 376 1769 420 sanare?
1805 382 1872 417 Eos
1893 383 1975 417 dicit
1996 395 2136 418 conten-

1244 427 1346 461 tiosos
1360 450 1372 466 ,
1398 427 1596 470 pertinaces,
1625 437 1833 471 contemptores
1847 433 2059 467 audorimtem
2081 445 2133 469 ve>-

1242 485 1359 518 terum,
1386 488 1532 510 novarum
1540 478 1662 520 cupidos
1684 478 1892 523 quaestionum,
1918 485 1950 516 eo
1970 482 2062 527 usque
2087 493 2135 518 tu·

1245 533 1332 559 moris
1353 527 1445 560 elatos
1459 551 1471 567 ,
1496 537 1530 561 ut
1539 529 1585 560 ad
1597 527 1755 562 arbitrium
1764 527 1853 571 suum
1875 532 2026 576 utriusque
2048 534 2130 567 orbis

1238 584 1350 618 putent
1360 579 1566 611 inclinandum
1568 580 1717 619 judicium
1728 602 1739 618 ‚
1765 590 1816 613 nec
1826 585 1860 613 in
1872 590 1989 614 numero
1996 582 2130 624 fidelium

1243 628 1419 669 deputantes
1424 625 1565 670 sequaces
1574 631 1746 662 traditionir
1751 637 1890 670 paternae
1901 654 1913 670 ,
1933 629 2027 674 fisuae
2046 636 2133 668 vide.

1244 681 1307 709 rint
1327 678 1428 710 cedere
1448 678 1522 711 nolle
1538 677 1719 721 sententiae.
1749 679 1814 713 Eos
1827 691 1889 714 nec
1912 681 2052 716 monitis
2072 695 2131 719 nec

1244 727 1434 760 auctoritate
1445 729 1555 770 potuit
1565 729 1719 764 Pontifex
1746 730 1896 764 fraenare.
1923 734 1960 763 In
1979 732 2132 774 pubiicum

1244 774 1335 819 ufilue
1352 778 1492 819 prodiere
1510 789 1688 813 conventum
1702 804 1713 820 ‚
1738 781 1783 812 ad
1806 781 2002 820 concufflonem
2024 787 2132 825 quietis

1243 832 1322 860 circa
1331 829 1441 870 Regum
1453 833 1543 861 etiam
1553 828 1668 868 statuas
1687 830 1882 864 inclamantes
1897 853 1908 868 ‚
1934 831 1968 865 id
1979 832 2023 865 est
2035 856 2045 872 ‚
2073 841 2132 876 pro

1245 875 1307 911 suis
1318 877 1510 923 Capitulis&
1522 878 1698 914 Pontificis
1708 880 1834 923 judicio
1847 880 1889 915 ad
1899 879 2020 915 laicum
2034 880 2127 917 Prin*

1243 926 1348 971 cipem
1361 938 1590 971 provocantes.
1619 927 1800 964 Animabat
1814 931 1900 975 ipsos
1923 932 2030 966 Sancti
2053 933 2134 968 Fui·

1243 977 1348 1022 gentii
1363 1001 1373 1017 ,
1401 989 1439 1011 ac
1464 979 1625 1018 aliorum,
1651 979 1917 1015 sanctissimorum
1951 982 2069 1025 pariter
2092 994 2132 1018 ae

1242 1026 1520 1069 doetiffimorum,
1548 1029 1582 1062 in
1593 1028 1740 1064 Sardinia
1752 1029 1795 1063 ob
1806 1030 1907 1065 fidem
1934 1032 2129 1067 Romanam

1243 1077 1448 1112 exulantium
1461 1079 1702 1123 Episcoporum
1722 1080 1920 1120 auctoritas,
1947 1092 2028 1125 quos
2052 1093 2130 1118 ante

1244 1126 1349 1161 Almae
1360 1127 1447 1162 urbis
1472 1129 1648 1173 ingrestum
1671 1130 1920 1172 consuluerant,
1947 1132 1981 1165 &
2007 1131 2131 1168 laudati

1243 1178 1412 1222 Fulgentii
1432 1178 1473 1212 de
1496 1178 1726 1215 incarnatione
1754 1181 1789 1215 ἀ
1818 1181 1921 1225 gratia
1945 1179 2068 1216 Christi
2095 1181 2131 1215 1¹1-

1244 1227 1357 1268 bmm,
1394 1238 1563 1272 tamquam
1582 1241 1761 1265 commune
1794 1231 2005 1276 suffragium,
2032 1232 2133 1276 impe-

1242 1288 1364 1313 trarant
1375 1280 1506 1312 mentiti
1521 1281 1553 1314 se
1564 1281 1668 1314 totius
1688 1280 1869 1316 Orientalis
1894 1281 2047 1315 Ecclefiae
2070 1282 2133 1317 Le=

1242 1338 1337 1373 gatos
1357 1341 1365 1361 :
1392 1327 1538 1363 Infelicis
1548 1331 1638 1365 enim
1660 1331 1771 1365 insulae
1791 1331 2038 1374 circumscripto
2062 1334 2132 1367 exi-

1243 1378 1287 1413 lio
1300 1379 1399 1412 vineti
1413 1378 1566 1423 Episcopi
1576 1380 1692 1415 Latini
1706 1381 1892 1415 Graecorum
1911 1379 1987 1415 lites
2008 1382 2042 1415 &
2054 1380 2131 1417 stro·

1242 1427 1320 1472 phas
1351 1429 1566 1473 ignorabant,
1589 1428 1733 1473 ideoque
1752 1430 1840 1466 hisce
1861 1429 2034 1466 monachis
2064 1432 2134 1466 fue·

1242 1488 1342 1518 runt,
1369 1479 1570 1515 limatiffimo
1590 1490 1700 1515 tamen
1730 1481 1765 1516 δε
1805 1481 1989 1516 cautiffimo
2011 1488 2132 1516 vocum

1241 1529 1522 1565 controversatum
1550 1529 1723 1565 libramine
1739 1553 1751 1570 ‚
1787 1532 1877 1576 quafi
1912 1532 2128 1575 patrocinati':

1244 1577 1340 1615 Adeo
1357 1578 1430 1613 vere
1450 1579 1649 1622 Justinianus
1674 1581 1796 1616 Comes
1819 1581 1978 1616 Pontifici
1993 1582 2130 1625 'scripse'-

1243 1638 1291 1663 rat
1310 1639 1367 1663 eos
1387 1629 1450 1663 effe
1469 1629 1539 1664 solo
1562 1630 1701 1664 nomine
1725 1629 1928 1672 monachos,
1955 1631 2070 1664 livoris
2092 1631 2129 1665 ἀ

1242 1678 1435 1720 discordiae,
1466 1691 1535 1714 non
1555 1677 1727 1715 charitatis
1753 1680 1788 1715 ὃς
1825 1682 1912 1725 pacis
1947 1681 2130 1715 studiosos.

1242 1731 1399 1775 Longum
1418 1730 1458 1764 sit
1479 1741 1594 1766 eorum
1613 1729 1760 1765 turbidos
1783 1742 1920 1766 conatus
1941 1731 2130 1766 edissereret
2150 1741 2215 1774 post
2228 1744 2279 1782 Ep,

1244 1779 1333 1814 Nam
1345 1791 1400 1823 per
1413 1779 1617 1815 Vitalianum
1631 1780 1828 1825 Magistrum
1842 1781 1876 1814 in
1894 1791 2018 1824 partem
2039 1781 2131 1815 suam
2147 1788 2195 1819 65·

1242 1840 1366 1864 traxere
1377 1827 1509 1863 tandem
1533 1831 1687 1873 &ipsum
1697 1830 1865 1864 Comitem
1888 1830 2127 1873 Justiniatmm,
2146 1822 2279 1858 Rem-4¹

1241 1879 1449 1923 feceruntque
1461 1879 1502 1914 ad
1514 1878 1714 1915 Pontificem
1731 1879 1868 1914 scribere
1890 1882 1925 1914 in
1939 1879 2006 1915 haec
2014 1880 2110 1915 verba
2125 1905 2133 1912 .

1242 1931 1379 1973 ‚Quidam
1390 1930 1517 1973 afferunt
1534 1928 1683 1968 Christum
1706 1931 1819 1963 Filium
1833 1933 1890 1964 Dei
1903 1934 2061 1966 Dominum
2083 1942 2132 1964 no·
2150 1938 2242 1971 Rem,
2253 1943 2279 1969 6,

292 1982 604 2019 NOVlTATEM
632 1981 683 2016 ΙΝ
722 1981 993 2019 ECCLESiAM
1030 1980 1178 2016 INDU-
1236 1980 1353 2020 strum,
1374 1988 1431 2021 pro
1439 1979 1829 2023 salutenostracrucifixum
1839 2005 1849 2021 ‚
1878 1980 2041 2016 UNUM
2065 1980 2130 2014 DE

293 2034 424 2069 CERE
459 2034 559 2069 NEC
607 2029 859 2068 VOLUMUS
895 2032 996 2067 NEC
1039 2030 1179 2065 DEBE-

294 2085 421 2119 MUS.
449 2083 710 2128 propositionem
722 2083 832 2123 illam,
858 2082 934 2116 licet
955 2082 1178 2126 aequivocam,

292 2134 442 2170 absolute
470 2130 718 2177 Eutychianam
737 2132 832 2166 duxit
862 2132 1064 2174 Dioscorus,
1091 2130 1180 2165 ideo-

279 2196 359 2229 vique
369 2185 410 2219 ab
434 2182 695 2227 Eutychianistis
708 2206 718 2222 ,
742 2193 781 2216 ac
804 2193 920 2217 eorum
941 2182 1069 2216 fautore
1090 2180 1180 2215 Ana·

293 2236 390 2270 stafio
409 2234 560 2278 Augusto
572 2258 582 2275 ,
608 2232 744 2267 homine
756 2230 966 2271 Manichaeo,
992 2233 1115 2275 semper
1126 2229 1179 2266 de·

293 2286 418 2320 sensam
430 2308 437 2317 .
466 2284 510 2318 Et
521 2293 618 2327 quam
629 2283 783 2317 Romana
801 2281 971 2317 adversum
990 2293 1046 2316 eos
1066 2281 1178 2316 Eccle-

294 2335 339 2368 fia
351 2333 606 2367 constantiffime
623 2332 687 2367 huc
710 2334 809 2376 usque
820 2332 990 2367 damnarat
1003 2355 1014 2371 ‚
1040 2330 1174 2365 nolebat

294 2395 386 2420 nunc
397 2394 434 2418 ut
455 2382 664 2417 Catholicam
683 2382 811 2427 probari
825 2395 836 2415 .·
862 2380 1088 2426 Indigniffime
1099 2381 1177 2415 fere-

295 2434 354 2471 bat
380 2432 683 2469 chalcedonensem
709 2432 904 2476 Synodmn,
930 2442 1096 2475 tamquam
1121 2431 1172 2464 ad-

296 2486 404 2520 versus
436 2495 559 2518 errores
579 2482 795 2517 Nestorianos
821 2479 1095 2521 insufficientem,
1120 2491 1175 2515 tra-

295 2534 395 2576 duci,
421 2535 457 2569 &
487 2534 542 2567 cui
571 2532 647 2567 addi
675 2531 806 2566 deberet
823 2555 835 2571 ‚
858 2536 941 2565 Unus
968 2532 1007 2564 de
1032 2533 1179 2564 Trinitate

297 2585 337 2624 est
343 2585 443 2628 passus
452 2609 459 2616 .
490 2582 654 2618 Dolosam
664 2581 771 2625 ajebat
781 2583 844 2616 effe
854 2581 1064 2616 subtilitatem
1075 2605 1085 2620 ,
1112 2591 1180 2614 ten-

297 2637 431 2669 dentem
441 2632 482 2667 ad
503 2631 591 2673 hoc,
616 2643 653 2667 ut
673 2632 888 2676 disputaretur
910 2632 951 2665 de
971 2630 1100 2665 laudata
1122 2631 1176 2673 Sy·

297 2685 391 2720 nodo
405 2698 415 2718 .·
452 2685 545 2727 ,Quod
558 2682 588 2725 fi
600 2681 722 2724 fadum
744 2681 863 2724 fuerit,
889 2682 981 2715 dubia
999 2683 1033 2715 Θ
1058 2680 1179 2723 infirma

299 2735 479 2776 ostenditur,
503 2735 537 2767 Θ
568 2733 770 2766 brer-eticorum
801 2738 930 2765 omnium
957 2739 1044 2773 patet
1066 2738 1178 2764 errori.

299 2786 384 2819 Earn
403 2783 564 2818 retractari
577 2781 860 2825 Eutychianistaea
880 2782 1074 2822 Martiano,
1095 2781 1178 2814 Leo-

299 2845 343 2870 ne
365 2859 376 2876 ,
402 2834 538 2868 Zenone
557 2857 569 2874 ,
598 2832 766 2867 Anastafio
786 2830 962 2876 Augustis,
988 2830 1023 2864 ὅ(
1050 2828 1181 2874 quidem

301 2895 357 2928 per
378 2896 484 2928 preces
515 2882 769 2917 horrendiffimis
799 2883 832 2914 in
855 2892 989 2915 omnem
1007 2881 1181 2915 Orientem

301 2934 502 2968 facinoribus
513 2943 648 2967 armatas
662 2956 672 2972 ,
684 2932 803 2975 iplique
816 2931 959 2976 Augusti
971 2931 989 2965 ὸ,
1001 2930 1082 2964 Sede
1093 2929 1182 2974 Apo-

302 2984 418 3017 stoliea
445 2983 622 3024 instanter,
649 2992 682 3016 at
717 2982 752 3015 in
784 2992 926 3021 vanum,
962 2980 1182 3025 postularant:

305 3034 424 3076 Longe
442 3034 548 3066 minus
571 3032 682 3075 paucis
704 3030 894 3072 monachis,
918 3031 950 3065 &
972 3029 1104 3074 quidem
1130 3029 1184 3064 ad-

307 3082 416 3117 versus
438 3083 551 3125 Justini
570 3082 731 3125 Principis
742 3081 930 3124 pientiffimi
956 3081 989 3115 &
1009 3080 1075 3124 ejus
1087 3091 1186 3124 nepo-

306 3134 350 3167 tis
381 3131 552 3175 Iustiniani
572 3133 718 3172 sensum,
751 3131 878 3165 volebat
906 3131 1084 3165 Dioscorus
1111 3142 1185 3164 con·

309 3182 399 3218 cedi.
898 3182 903 3185 “

363 3230 454 3278 Quid
477 3231 589 3264 Romae
600 3231 726 3274 egerint
745 3231 919 3264 insolentes
934 3229 1088 3265 monachi
1102 3254 1112 3270 ,
1133 3240 1186 3263 au·

311 3280 439 3315 diamus
449 3280 569 3324 abipso
588 3278 750 3313 Pontifice
762 3280 939 3314 Hormisda
961 3282 995 3314 in
1018 3281 1133 3314 litteris
1146 3279 1185 3313 ad

314 3329 524 3365 Possessorem
556 3329 750 3364 Africanum
777 3329 974 3372 Episcopum
998 3354 1009 3370 ,
1035 3339 1187 3375 agentem

314 3388 395 3413 tunc
417 3379 726 3423 Constantinopoli.
763 3379 818 3411 Ubi
839 3389 897 3411 non
916 3385 996 3412 varii
1017 3384 1188 3414 tentationis

315 3428 435 3463 aculei?
461 3429 574 3471 ,Quales
591 3437 646 3470 per
679 3429 755 3462 bunc
767 3426 836 3469 fere
859 3430 962 3471 jugem
983 3441 1094 3463 annum
1120 3441 1188 3471 quo—

316 3479 455 3513 rumdam
466 3477 632 3516 Schytarum
644 3502 654 3518 ,
667 3477 759 3521 quise
769 3478 923 3511 monachos
935 3486 1002 3519 prae
1009 3478 1189 3522 seferebant

313 3528 431 3574 specie,
456 3538 513 3561 non
523 3531 671 3569 veritate,
691 3526 793 3572 subtili
825 3527 914 3563 tec‘ias
935 3529 1100 3563 calliditate
1125 3540 1189 3562 ver-

1242 2029 1524 2064 TRlNlTATE
1545 2030 1650 2063 debere
1667 2032 1853 2072 praedicari:
1891 2031 1983 2073 ‚Quod
1996 2029 2027 2071 fi
2036 2028 2135 2073 sulbi-

1239 2081 1384 2121 piendum
1398 2079 1456 2121 fit,
1490 2088 1626 2124 paterna
1639 2079 1803 2122 provifione
1835 2082 2019 2113 Reverentia
2030 2078 2130 2118 vestra
2181 2119 2183 2122 Α

1242 2131 1394 2170 cautiffimo
1398 2127 1452 2172 suo
1464 2128 1622 2172 rescripto,
1648 2131 1723 2172 quid
1725 2128 1811 2172 sequi
1823 2153 1834 2169 ,
1859 2129 1972 2172 quidve
1974 2127 2067 2173 super
2078 2128 2131 2163 boc

1243 2185 1362 2213 evitare
1370 2179 1529 2212 debeamus
1542 2204 1552 2220 ,
1563 2191 1616 2212 nos
1625 2185 1783 2213 certiorare
1795 2181 1934 2223 dignetur
1943 2204 1951 2212 .
1975 2181 2129 2223 ,Quoniam

1243 2229 1334 2263 verba
1358 2230 1504 2263 videntur
1509 2229 1614 2271 facere
1625 2227 1834 2272 diffenfionem:
1861 2234 1949 2262 Nam
1964 2227 2071 2272 sensus
2085 2235 2132 2262 ine

1242 2289 1287 2313 ter
1296 2278 1461 2312 Catholicos
1471 2290 1567 2312 omnes
1582 2290 1658 2313 unus
1668 2279 1721 2324 effe
1741 2279 1899 2321 probatur.
1929 2278 2033 2313 Addit
2060 2290 2129 2313 mo·

1244 2328 1367 2363 nachos
1393 2328 1539 2362 Romam
1565 2329 1722 2364 acceffiffe
1739 2338 1796 2371 pro
1814 2331 1976 2362 traditione
1997 2332 2139 2361 Parrum·

1243 2380 1278 2413 &
1297 2379 1396 2412 ordine
1421 2379 1619 2422 regularium.
1647 2379 1691 2412 Et
1707 2379 1742 2411 {n
1763 2379 1835 2411 aliis
1866 2379 1906 2411 ad
1931 2377 2130 2412 Pontificem
2155 2394 2157 2397 ·

1244 2429 1374 2463 litteris.
1404 2429 1503 2460 Nobis
1514 2430 1637 2461 videtur
1652 2453 1662 2467 ,
1686 2434 1830 2470 quoniam
1846 2427 1946 2460 Filius
1959 2431 2018 2461 Dei
2027 2431 2130 2461 Domi·
2150 2434 2214 2466 170st
2228 2436 2277 2474 Ep,

1241 2490 1296 2512 ΜΠ
1307 2476 1396 2518 mstss'r
1409 2481 1442 2522 J
1443 2476 1510 2520 csus
1538 2476 1670 2517 cbnstux
1683 2502 1692 2517 ‚
1719 2490 1807 2520 quem
1828 2479 1979 2519 praedicat
1994 2475 2130 2521 summus
2152 2486 2194 2509 72·

1244 2528 1435 2570 Apostolorum
1446 2539 1535 2560 carne
1541 2527 1656 2570 passum
1668 2551 1678 2567 ‚
1701 2528 1778 2560 redii
1789 2529 1899 2560 dicitur
1913 2527 2057 2562 UNUS
2077 2528 2130 2562 IN
2151 2514 2245 2547 Relat.
2258 2524 2283 2543 ²·

1244 2577 1524 2612 TRlNlTATE
1544 2588 1608 2610 cum
1619 2580 1710 2610 Patre
1734 2576 2003 2621 &Spiritusanc‘lo
2024 2589 2130 2622 regna-

1242 2640 1290 2661 re.
1316 2630 1396 2661 Sicut
1412 2632 1491 2660 enim
1509 2628 1633 2660 videtur
1655 2627 1822 2671 ambiguum
1842 2628 1938 2661 dicere
1957 2626 2130 2669 simpliciter·

1244 2677 1407 2712 UNUM
1434 2678 1462 2710 E
1489 2677 1798 2718 TRINITATE,
1836 2689 1892 2710 non
1914 2678 2061 2720 praemiffl’
2081 2687 2131 2711 no·

1245 2734 1325 2761 mine
1341 2730 1461 2760 Domini
1473 2730 1505 2772 J
1508 2726 1556 2769 esu
1570 2727 1766 2761 CHRISTI
1780 2751 1790 2767 ‚
1808 2726 1850 2768 fic
1860 2729 1921 2768 ejus
1928 2726 2088 2770 perfimam
2096 2732 2130 2760 in

1244 2782 1390 2810 Trinitate
1407 2788 1472 2809 cum
1485 2780 1587 2810 Patris
1610 2780 1782 2819 &spiritus
1801 2775 1902 2819 sane‘li
1917 2774 2050 2820 perfimis
2068 2788 2130 2810 non

1245 2827 1413 2860 dubitamus
1435 2827 1504 2869 effe.
1543 2827 1727 2871 Distinguit
1749 2827 1842 2861 hasce
1876 2828 2131 2870 propositiones,

1243 2882 1323 2912 Unus
1334 2879 1351 2910 e*
1363 2880 1511 2910 Trinitate
1521 2876 1559 2917 est
1567 2876 1679 2920 passus
1693 2901 1704 2917 ,
1729 2877 1762 2911 &
1775 2876 1907 2917 Christus
1919 2888 1992 2911 unus
2003 2878 2019 2910 ἑ
2033 2880 2132 2910 Trini-

1243 2938 1308 2962 tate
1329 2927 1367 2968 est
1383 2927 1505 2970 passus:
1533 2926 1749 2961 posteriorem
1771 2938 1826 2970 per
1845 2927 1989 2962 additam
2013 2936 2131 2960 vocem

1245 2978 1379 3019 Christus
1397 2976 1563 3011 existimat
1594 2976 1688 3021 plene
1710 2978 1851 3011 securam
1871 2988 1908 3011 ac
1929 2977 2065 3011 liberam
2088 2973 2131 3009 ab

1247 3029 1340 3063 omni
1353 3026 1562 3070 Eutychiano
1582 3026 1661 3060 dolo
1676 3050 1688 3067 ,
1712 3026 1851 3069 ideoque
1872 3027 1931 3072 pro
1952 3026 2021 3070 ejus
2042 3035 2130 3059 com-

1249 3077 1438 3122 probatione
1470 3088 1539 3110 non
1560 3076 1652 3110 defiit
1677 3077 1882 3120 interpellare
1902 3075 2126 3114 Pontificem,

1248 3128 1369 3163 addens
1380 3126 1595 3161 Ecciefiarum
1606 3138 1718 3170 pacem
1739 3127 1888 3171 alioquin
1903 3125 2045 3170 periculo
2057 3134 2126 3156 non

1249 3173 1437 3213 carituram.
1466 3177 1560 3223 Qin
1584 3178 1742 3211 &omnes
1754 3175 1969 3211 Antiocheam
1988 3173 2022 3206 &
2045 3173 2128 3206 Hie-

1248 3227 1488 3271 rosolymitanae
1499 3227 1683 3261 Dioeceseos
1696 3226 1851 3270 Episcopi
1869 3226 1901 3258 ἀ
1913 3223 2032 3258 Clerici
2056 3224 2127 3257 suas

1249 3289 1357 3322 preces
1369 3275 1544 3319 adjunxere
1556 3302 1563 3309 .
1592 3277 1636 3312 Et
1647 3277 1752 3311 revera
1778 3274 1882 3320 potuit
1892 3273 1954 3307 esse
1978 3272 2126 3306 diffenfio

1249 3330 1289 3363 de
1300 3327 1377 3362 solis
1398 3326 1521 3360 verbis:
1548 3326 1675 3361 Verum
1696 3327 1785 3360 enim
1809 3322 1885 3356 vero
1905 3322 2003 3357 verba
2025 3323 2126 3357 etiam

1251 3389 1326 3413 cum
1338 3376 1447 3412 addita
1461 3386 1542 3411 voce
1561 3376 1695 3416 christus
1713 3373 1819 3408 adhuc
1830 3372 2006 3406 manebant
2026 3373 2127 3406 ambi⁴

1251 3440 1338 3473 gua,
1363 3426 1543 3461 cothurnus
1553 3426 1594 3460 ad
1615 3436 1747 3459 omnem
1765 3421 1878 3467 pedem
1899 3433 2014 3466 aptus,
2040 3423 2127 3456 lana-

1251 3489 1313 3521 que
1333 3477 1512 3516 versatilis,
1539 3475 1596 3510 sub
1617 3485 1679 3518 qua
1707 3474 1740 3507 &
1763 3471 1940 3507 orthodoxi
1960 3472 2060 3517 agni,
2092 3473 2127 3506 δε

1254 3526 1451 3570 Eutychiani
1484 3526 1553 3569 lupi
1581 3533 1731 3569 poterant
1753 3521 1929 3558 occultari.
1965 3522 2129 3606 Qgcirca

2050 3583 2080 3606 e·
