2340 3736
457 161 1226 212 DanArROCINI'o
1296 154 1770 202 Ernzsto'.

259 247 307 282 tio
326 245 449 281 cunctis
462 245 570 279 statim
590 241 779 287 apparebat.
808 241 864 275 Ex
875 253 942 286 quo
959 241 1050 275 vides
1075 240 1138 274 Eu-

258 295 432 331 charisticae
443 292 798 328 transubstantiationis
808 291 906 326 fidem
922 316 933 333 ,
959 303 1056 335 quam
1075 291 1139 324 suis

256 345 414 379 miraculo
440 343 623 378 evidentem
636 342 767 378 volebat
790 340 845 376 hic
866 343 1028 386 perversus
1042 363 1053 378 ‚
1076 339 1137 376 effe

254 395 519 429 vetustissimam.
546 394 591 427 Et
616 393 802 437 Cyprianus
825 391 941 425 Gallus
953 391 1000 424 ait
1026 390 1060 422 in
1073 391 1136 423 vita

257 446 362 479 saneti
387 443 517 478 Caesarii
541 444 694 487 Episcopi
718 441 938 475 Arelatensis.-
968 443 1014 471 An
1027 451 1086 472 non
1105 446 1138 472 in

256 502 337 527 vitro
348 493 473 527 babetur
476 492 603 537 sanguis
618 492 751 533 Christi?
773 490 816 523 Et
828 490 961 523 Sanctus
972 490 1100 522 Hieron
1105 502 1137 532 y-

255 545 374 578 musin
398 544 514 577 litteris
526 544 566 577 ad
594 542 766 577 Rusticum
794 537 1001 573 Monachum
1028 540 1136 573 laudat

255 594 407 628 Sanctum
431 590 854 636 Exuperium-Episcopum
881 588 1134 629 Tholosanum,

254 644 345 686 quod
365 651 468 686 corpus
493 646 612 675 Domini
636 637 757 681 canistro
780 645 909 673 vimineo
928 664 939 681 ‚
960 637 1136 685 sanguinem

249 702 385 734 portaret
410 699 444 726 in
466 698 564 727 vitro.
592 691 635 724 Et
647 691 679 723 in
706 690 824 724 litteris
842 689 884 723 ad
909 690 1134 733 Nepotianum

253 742 335 776 dicit
357 743 428 777 vasa
450 752 544 776 aurea
554 739 595 774 ad
608 740 779 784 antiquum
804 741 940 783 spestare
964 741 1132 775 testamen-

255 805 325 827 tum
336 794 368 828 &
376 791 557 835 praeceffiffe
570 791 604 823 in
614 791 718 835 figura
731 815 742 831 ‚
761 790 865 824 mode>
876 801 986 824 autem
995 790 1133 834 gloriam

253 853 387 877 omnem
408 841 482 874 filiae
507 841 611 884 Regis
634 841 788 884 pauperis
809 840 872 874 esse
892 840 932 873 ab
956 841 1059 877 intus.
1091 841 1133 874 Et

253 890 336 935 apud
368 890 563 924 Gratianum
591 902 724 935 rogatus
757 890 894 925 Sanctus
925 890 1132 930 Bonifacius,

253 941 432 985 Episcopus
444 940 670 985 Moguntinus
680 942 713 976 ὃ(
723 942 923 977 Francorum
935 939 1116 983 Apostolus
1125 965 1134 980 ‚

81 996 181 1026 Distu.
200 997 234 1028 de
249 992 270 1024 fi
293 990 406 1028 liceret
430 991 465 1023 in
491 990 569 1024 vafis
594 991 714 1034 ligneis
724 992 931 1026 Sacramenta
951 990 1134 1030 conficere,

80 1035 229 1068 cosecrat.
248 1041 425 1084 respondit:
437 1043 598 1084 ,Quondam
609 1043 778 1076 Sacerdotes
786 1047 868 1074 aurei
881 1041 986 1083 ligneis
998 1040 1134 1075 calicibus

79 1085 154 1113 ⁶¹⁴4·
247 1091 427 1129 utebantur,
452 1102 527 1124 nunc
546 1094 562 1125 ἒ
585 1098 728 1124 contrario
749 1092 835 1134 lignei
846 1092 1016 1125 sacerdotes
1037 1096 1134 1124 aureis

247 1149 372 1174 utuntur
396 1140 533 1175 calicibur
548 1166 555 1173 .
592 1141 636 1174 Et
664 1141 841 1181 Armenii,
870 1139 1015 1182 Colchi,
1037 1150 1134 1183 atque

248 1189 368 1225 Hiberi
394 1192 494 1234 usque
518 1189 557 1224 ad
584 1189 758 1234 posteriora
781 1190 932 1227 Ecclefiae
947 1191 1055 1224 saecula
1088 1190 1132 1223 usi

248 1242 380 1274 suerunt
411 1241 531 1284 ligneis
557 1264 567 1279 ,
602 1240 700 1275 luteis
725 1266 735 1282 ‚
761 1252 799 1275 ac
821 1240 930 1274 vitreis
951 1240 1133 1282 calicibus,

246 1289 360 1332 utique
380 1300 421 1323 ex
448 1290 588 1324 Canone
601 1291 749 1336 ¹&more
769 1291 925 1334 antiquo.

297 1340 413 1373 Fateor
425 1341 531 1376 sacros
545 1340 662 1374 calices
674 1341 754 1375 olirn
766 1341 860 1374 fuisse
870 1340 990 1375 vitreos
1017 1342 1050 1374 in
1063 1341 1129 1383 qui.

246 1388 380 1423 busdam
407 1389 582 1430 Ecclefiis,
607 1398 751 1424 attamen
777 1391 841 1424 fine
868 1391 940 1434 lege
959 1415 966 1421 .
998 1390 1131 1424 Etenim

246 1439 381 1476 calicem
403 1463 414 1480 ,
440 1440 474 1473 in
501 1451 567 1484 quo
589 1441 757 1475 Dominus
784 1440 870 1485 Jesus
896 1439 1131 1475 Eucharistiam

244 1490 412 1529 confecit,
437 1490 532 1524 fuiffe
556 1500 771 1535 argenteum,
797 1492 830 1525 &
853 1492 913 1523 suo
923 1488 1032 1525 adhuc
1054 1501 1131 1526 tem.

245 1550 324 1581 pore
336 1539 538 1575 custoditum
549 1540 635 1584 apud
652 1542 927 1584 Hierosolymam
944 1564 954 1580 ,
981 1540 1130 1575 adfirmat

246 1591 280 1623 in
292 1589 376 1623 libro
389 1590 429 1623 de
441 1590 524 1625 locis
534 1591 629 1626 sacris
645 1591 836 1626 venerabilis
858 1590 945 1624 Beda
957 1615 964 1622 .
997 1591 1039 1626 Et
1050 1590 1147 1624 liber,

244 1637 454 1676 pontificalis
474 1640 555 1674 dicit
566 1641 606 1675 de
619 1641 763 1676 Urbano
792 1641 921 1684 primm
949 1640 1129 1683 Zephyrini

244 1687 318 1730 post
340 1688 509 1724 Calixtum
532 1691 708 1725 successore
721 1713 728 1722 .
757 1696 813 1725 Hic
817 1691 892 1733 fecit
918 1689 1128 1733 ministeriasa,

246 1746 333 1770 crata
344 1743 444 1772 omnia
453 1748 597 1781 argentea
607 1764 614 1771 .
643 1739 795 1783 Eumque
807 1741 969 1774 Romanae
983 1740 1130 1775 Ecclefiae

241 1797 368 1820 morem
381 1787 452 1822 aliae
463 1788 575 1829 paffim
600 1799 715 1824 omnes
724 1800 892 1831 coeperunt
904 1790 1026 1822 Imitari
1039 1814 1047 1822 .
1075 1791 1128 1825 Sa-

242 1835 285 1869 ηὲ
298 1835 387 1879 quod
408 1838 541 1870 sanetus
555 1837 735 1880 Exuperius
749 1839 834 1872 vitro
855 1839 889 1872 ὅς
907 1839 1031 1872 vimine
1055 1841 1127 1873 usus

242 1886 279 1918 fit
292 1909 303 1925 ,
327 1897 396 1919 non
411 1886 447 1922 in
468 1886 617 1921 Ecclesiae
629 1888 808 1923 Gallicanae
833 1888 1103 1930 consuetudinem
1116 1914 1125 1929 ,

86 617 200 657 Epist.4.

86 881 172 920 Epist.
191 894 216 911 2·

242 1935 297 1969 sed
307 1934 512 1972 referendum
523 1937 567 1971 est
580 1938 614 1971 in
627 1948 786 1973 extremas
796 1938 929 1972 istorum
942 1949 1124 1983 temporum
1154 1976 1155 1979 ,

1154 1993 1155 1996 ’
1189 1987 1448 2023 mediocritatem
1460 2012 1467 2020 .

240 1996 282 2018 ex
305 1984 467 2022 barbarica
479 1987 664 2022 incursione
676 1989 838 2027 miserias,
860 2000 929 2033 quae
940 2000 1040 2023 omne
1066 1990 1125 2025 Ec-

239 2034 340 2068 clesiz
350 2047 486 2077 aurum,
511 2037 560 2071 uti
572 2037 719 2072 adfirmat
734 2039 858 2073 ibidem
880 2039 1031 2074 laudatus
1045 2040 1125 2075 Hie-

239 2094 397 2126 ronymus
409 2109 419 2125 ,
446 2097 619 2130 coegerant
633 2089 666 2121 in
683 2099 832 2131 pauperes
841 2089 968 2134 erogari
984 2114 990 2120 .
1019 2090 1123 2124 Dura·

239 2133 289 2166 vit
300 2132 381 2168 hinc
394 2133 470 2168 inde
481 2135 593 2178 inopia
604 2138 702 2180 usque
712 2138 753 2169 ad
766 2148 911 2180 tempora
923 2139 1037 2173 Caroli
1050 2139 1124 2173 Ma-

237 2182 297 2227 gni
311 2205 323 2221 ,
349 2182 443 2225 cuius
465 2185 500 2218 in
513 2184 630 2218 dandis
654 2187 748 2219 sacris
763 2187 841 2219 vasis
860 2189 1122 2222 munificentiam

239 2230 415 2274 praedicant
434 2232 564 2276 antiqui
577 2234 775 2270 Francorum
798 2237 975 2279 Scriptores
994 2263 999 2269 .
1028 2238 1120 2271 Hinc

237 2281 305 2324 ejus
317 2290 381 2314 tem
386 2293 461 2323 pore
473 2282 583 2316 statuit
595 2283 748 2326 Synodus
762 2283 954 2319 Rhemensis
964 2311 972 2318 .
1001 2290 1047 2319 De
1060 2299 1119 2320 aere

124 2330 135 2358 Ι
237 2330 398 2364 aurichalco
407 2343 465 2365 non
473 2332 532 2374 fiat
547 2334 627 2366 calix
637 2358 647 2373 ‚
674 2341 747 2376 quia
762 2334 794 2366 ob
805 2340 872 2369 vini
884 2342 1029 2369 virtutem
1039 2343 1124 2377 parit

236 2386 414 2425 eruginem,
441 2394 508 2424 quae
519 2388 664 2416 vomitum
669 2392 826 2425 provocat.
854 2386 967 2418 Nullus
978 2392 1010 2418 in
1023 2386 1117 2430 ligneo

236 2441 289 2464 aut
300 2437 395 2464 vitreo
407 2433 493 2466 calice
508 2432 674 2475 pra-sumat
684 2435 798 2477 mtffam
815 2443 953 2468 cantare.
982 2436 1121 2471 Mandat

235 2481 372 2515 calicem
387 2482 457 2515 fieri
468 2493 509 2514 ex
531 2493 609 2516 auro
622 2507 633 2523 ,
658 2494 797 2528 argento
811 2509 822 2524 ,
856 2496 913 2519 aut
926 2485 1014 2519 certe
1035 2487 1119 2529 apud

235 2541 387 2573 pauperes
410 2531 615 2565 Ecclesiasex
641 2532 776 2567 stanno.
803 2535 908 2583 Qod
934 2536 1039 2578 ipsum
1064 2536 1120 2570 sta-

234 2581 300 2614 tuit
310 2579 463 2623 synodus
484 2581 719 2616 Triburiensis.
745 2584 839 2630 Qin
855 2585 960 2618 immo
983 2584 1118 2620 Richar-

236 2630 316 2669 dus,
342 2630 448 2665 Sanfli
475 2629 617 2665 Thomae
638 2633 795 2676 Martyris
808 2634 843 2667 in
870 2634 1020 2669 cathedra
1034 2635 1118 2669 Can-

236 2678 386 2714 tuarienfi
425 2681 592 2724 proximus
626 2683 810 2724 Successor,
837 2685 871 2716 in
898 2685 1035 2728 synodo
1062 2697 1116 2730 per

235 2729 406 2771 Rogerum
420 2730 651 2765 Hovedensem
673 2733 772 2766 relata
784 2735 1006 2779 promulgavit
1029 2733 1118 2769 hunc

237 2779 428 2812 Canonem.
455 2785 506 2814 Ne
518 2780 693 2823 consi-cretur
715 2782 926 2824 Euchartstta,
954 2783 1009 2826 nisi
1016 2791 1048 2817 in
1072 2797 1118 2818 ca-

233 2829 287 2860 lice
297 2839 385 2860 aureo
394 2838 447 2861 aut
458 2840 595 2874 argenteo
610 2844 616 2863 z
644 2835 689 2865 Et
699 2844 736 2865 ne
738 2831 895 2873 stanneum
906 2837 1021 2868 calicem
1042 2838 1116 2876 Epi-

229 2875 333 2919 fieopus
354 2881 456 2911 amada
485 2880 640 2916 benedicat
662 2906 669 2913 .
709 2882 920 2918 Modificavit
950 2885 1116 2919 Successor

234 2927 406 2961 Hubertus
419 2928 451 2961 in
464 2930 599 2973 Synodo
621 2931 817 2968 Eboracenfi
836 2946 843 2965 :
870 2938 947 2967 Cum
958 2936 1047 2968 calice
1068 2947 1114 2967 ar-

229 2986 335 3019 genteo
352 3001 364 3017 ,
391 2977 442 3011 ubi
460 2978 596 3020 facultas
616 2979 751 3027 suppetit
765 3007 776 3024 ‚
802 2985 1112 3019 Sacramentum‘Eu·

507 3126 849 3388 ἓξὲξ

1919 172 1977 217 37

1197 237 1340 279 charisiiae
1350 237 1518 280 conficiatur
1527 260 1535 268 .
1562 239 1690 283 Nempe
1701 238 1861 274 Richardi
1874 242 1975 286 Regis
1988 241 2071 286 apud

1199 288 1379 323 Germanos
1391 299 1510 331 nupera
1521 290 1689 328 captivitas
1700 291 1734 323 in
1745 291 1901 324 summam
1924 292 2070 334 inopiam

1198 337 1356 381 dejecerat
1371 338 1527 384 Ecclesias
1539 337 1761 382 Anglicanas.
1790 340 1832 373 Et
1847 340 1925 373 hinc
1938 341 1983 374 sui
1994 350 2073 375 tem-

1199 389 1284 432 poris
1297 388 1476 432 Episcopos
1498 385 1688 421 &Clericos
1709 390 1846 433 graviter
1868 391 1975 434 arguit
1996 392 2074 424 San·

1198 441 1265 473 stus
1287 437 1402 472 Petrus
1423 437 1577 472 Damiani
1592 462 1602 477 ,
1628 439 1717 480 quod
1739 440 1970 475 Ecclesiasticis
1991 440 2073 473 divi-

1199 490 1253 523 tiis
1263 488 1305 522 ad
1323 499 1405 523 vana
1424 486 1511 522 abusi
1537 487 1577 520 de
1588 487 1729 521 stanneis
1747 499 1802 522 aut
1826 489 1936 524 similis
1948 490 2070 524 metalli

1198 538 1355 575 calicibus
1375 563 1387 579 ,
1413 539 1446 572 δε
1461 537 1595 581 quidem
1615 535 1747 581 egregie
1767 539 1901 574 sordidis
1917 565 1928 581 ,
1954 541 2072 574 Domi-

1201 601 1244 623 no
1270 589 1512 622 ministrarent.
1541 587 1596 624 De
1622 586 1759 621 Colchis
1784 610 1794 626 ‚
1820 588 1918 623 Iberis
1937 616 1947 631 ‚
1975 600 2070 634 atque

1198 639 1367 672 Armeniis
1385 638 1494 672 scribit
1506 648 1661 682 magnum
1675 636 1783 680 Belgii
1795 636 2005 673 Chronicon.
2033 645 2071 674 In
2091 643 2121 669 ex.
2138 650 2217 669 1202.

1193 688 1329 729 partibus
1349 688 1420 730 Afiae
1443 691 1566 731 majoris
1589 686 1692 730 versus
1715 685 1953 730 Mefhpotamiam
1972 691 2004 722 (δ’
2018 694 2072 722 Ar·
2087 685 2181 709 ΜΑΘ-

1196 744 1325 771 menium
1335 740 1459 780 quidam
1462 742 1568 783 Jonas
1589 743 1640 771 vir
1654 737 1835 771 venerabilis
1855 747 1922 770 erat
1937 740 2072 773 Patriar-

1195 787 1251 821 cha
1271 794 1304 821 in
1330 794 1455 821 civitate
1476 787 1551 829 Susis
1582 810 1592 827 ,
1629 794 1662 820 in
1682 790 1765 829 cujus
1781 791 1879 834 Jonae
1911 788 2070 830 manibus,

1197 840 1268 871 dum
1288 839 1404 882 Missam
1424 838 1583 872 celebraret
1603 850 1682 871 more
1696 844 1796 881 gentis
1821 837 1888 880 suae
1907 863 1917 878 ,
1943 836 1994 870 hoc
2013 838 2049 878 est
2061 866 2071 879 ‚

1192 887 1353 931 secundum
1375 886 1613 932 consuetudinem
1643 890 1829 926 Syrianorum
1849 913 1859 929 ,
1898 890 1956 921 tale
1973 887 2072 930 fertur·

1196 939 1324 982 accidiffe
1340 939 1532 978 miraculum,
1563 947 1597 971 ut
1610 944 1701 979 panis
1718 939 1768 971 ille
1787 949 1910 983 magnus
1932 942 2074 971 Fermen-

1196 998 1297 1029 tatus,
1325 990 1404 1022 unde?
1421 989 1515 1031 fiebat
1531 986 1724 1031 sacrificium,
1751 995 1784 1021 in
1801 997 1934 1030 parvam
1955 989 1990 1021 <9⁴
2007 989 2076 1030 pul-

1197 1038 1298 1071 chram
1309 1038 1431 1079 hostiam
1451 1041 1496 1071 ad
1505 1050 1612 1071 morem
1629 1037 1762 1081 sacrificii
1772 1041 1934 1072 latinorum
1953 1049 2075 1072 conver-

1196 1098 1306 1122 teretur
1327 1111 1338 1128 ,
1372 1092 1406 1123 (9
1425 1090 1503 1121 calix
1528 1089 1642 1132 ligneus
1660 1088 1848 1128 destrueretur
1867 1099 1931 1121 cum
1950 1088 2073 1121 cochlea-

1196 1138 1279 1171 ribus
1291 1162 1301 1177 ,
1328 1147 1439 1180 reperto
1449 1150 1520 1171 vero
1527 1141 1546 1170 5
1549 1144 1675 1181 anguine
1687 1145 1719 1171 in
1730 1150 1868 1182 argenteo
1879 1140 1967 1172 calice
1979 1164 1985 1170 .
2014 1143 2074 1170 Un-

1195 1189 1234 1221 de
1251 1188 1356 1229 plures
1375 1190 1396 1221 5
1391 1194 1562 1228 yrianorum
1587 1187 1720 1228 Ecclefiae
1742 1213 1752 1228 ,
1787 1194 1917 1222 Armenii
1939 1213 1950 1229 ‚
1986 1193 2073 1222 Geor-

1190 1242 1279 1281 giani
1297 1260 1307 1276 ,
1333 1240 1367 1272 (θ’
1381 1237 1535 1282 Jacobitae
1558 1238 1603 1268 ad
1619 1235 1852 1279 consuetudinem
1874 1237 1990 1279 sanllae
2012 1242 2074 1270 Ca-

1195 1287 1310 1320 tholicae
1330 1289 1517 1322 &Romame
1536 1285 1669 1326 Ecclefiae
1690 1288 1726 1319 de
1739 1288 1787 1319 die
1806 1294 1838 1319 in
1849 1289 1926 1320 diem
1944 1296 2000 1329 per
2019 1287 2071 1321 hoc

1195 1338 1368 1370 miraculum
1391 1347 1538 1379 coeperunt
1549 1342 1682 1372 converti
1690 1339 1701 1369 ’.
1729 1335 1835 1371 Addit
1854 1337 1895 1371 de
1910 1337 2069 1370 Innocen-

1195 1389 1244 1421 tio
1266 1390 1361 1422 tertio
1382 1387 1600 1421 laudatiffimo
1625 1385 1809 1421 Pontifice:
1838 1389 1933 1421 Dedit
1952 1392 2070 1421 univer·
2091 1410 2110 1437 F
2140 1420 2189 1438 ΗΧ

1187 1435 1227 1480 fis
1237 1437 1370 1479 Ecclesiis
1383 1442 1486 1471 Romae
1509 1449 1599 1470 unam
1621 1436 1728 1469 libram
1740 1442 1857 1480 argenti
1874 1446 1930 1479 pro
1944 1436 2068 1480 fingulis
2113 1431 2118 1439 ’
2194 1430 2202 1437 ’

1193 1488 1331 1521 calicibus
1355 1499 1455 1521 earum
1487 1499 1544 1520 non
1564 1486 1737 1524 habentium
1770 1488 1873 1520 calices
1893 1497 2044 1530 argenteos
2059 1513 2069 1527 ,

1194 1538 1251 1571 tali
1266 1538 1354 1580 pallo
1375 1547 1408 1571 ut
1428 1539 1557 1573 vendere
1568 1549 1614 1570 eos
1637 1549 1694 1569 non
1711 1537 1840 1580 pqffent.
1868 1538 2071 1571 Generaliter

1197 1588 1325 1621 Graecos
1336 1599 1450 1621 omnes
1464 1588 1496 1620 in
1509 1598 1587 1621 auro
1599 1611 1610 1626 ,
1637 1598 1774 1631 argento
1787 1611 1797 1626 ‚
1825 1598 1881 1620 aut
1891 1588 1976 1621 certe
1987 1588 2072 1622 stan-

1195 1649 1239 1671 no
1251 1637 1409 1672 celebrare
1428 1637 1513 1679 juffit
1527 1638 1739 1670 Innocentius
1757 1648 1888 1682 quartus
1901 1662 1908 1669 .
1940 1638 1983 1671 Et
1994 1638 2072 1672 San-

1194 1689 1248 1721 &ae
1261 1687 1400 1731 Brigidae
1414 1686 1590 1720 Brixienfis
1604 1687 1834 1729 Presbyterum
1847 1712 1857 1728 ,
1884 1687 1972 1730 quod
1997 1687 2073 1721 cali·
2094 1674 2194 1708 (30⁰ss'
2208 1687 2250 1712 ¹4·

1191 1749 1262 1772 cem
1285 1749 1352 1771 non
1376 1736 1498 1771 habens
1520 1737 1555 1770 in
1577 1735 1701 1780 scypho
1732 1737 1844 1780 ligneo
1867 1737 2074 1777 celebrasset,

1191 1787 1274 1830 apud
1286 1787 1486 1832 Gregorium
1509 1798 1635 1820 nonum
1655 1785 1776 1831 deponi
1798 1787 1933 1822 mandat
1955 1788 2074 1821 Hono-

1191 1838 1253 1871 rius
1266 1838 1397 1871 tertius.
1427 1837 1545 1880 Neque
1566 1836 1616 1870 his
1636 1836 1818 1874 adversatur
1839 1838 1969 1871 Sanctus
1992 1838 2073 1871 Hie-

1190 1898 1347 1930 ronymus
1371 1888 1405 1921 in
1433 1887 1547 1921 litteris
1568 1887 1608 1920 ad
1634 1887 1880 1930 Nepotianum:
1907 1888 2072 1934 anrum-

1189 1938 1263 1971 dam
1277 1937 1491 1973 Ecclefiarum
1514 1937 1677 1974 excessum
1699 1936 1858 1979 damnat,
1885 1937 2071 1971 nullatenus

2116 1870 2181 1902 L.3.
2205 1868 2250 1898 tit·

2096 1920 2142 1945 41.
2154 1918 2229 1943 014.

1239 2037 1412 2085 Qiantum
1427 2036 1523 2081 porro
1537 2037 1570 2070 in
1586 2035 1725 2071 Ecclesia
1737 2038 1857 2074 crimen
1872 2039 1992 2080 semper
2004 2039 2070 2071 fue-

1188 2088 1326 2122 ritabuti
1339 2089 1428 2122 sacro
1438 2087 1559 2129 calice,
1585 2087 1686 2130 liquet
1699 2098 1739 2120 ex
1753 2087 2011 2121 Eusebianorum
2032 2089 2069 2121 in

1186 2140 1337 2172 Sanstum
1356 2136 1571 2171 Athanasium
1593 2137 1770 2180 tragaediis:
1799 2136 1958 2180 Praecipua
1978 2138 2069 2171 enim

1187 2190 1220 2220 in
1235 2187 1337 2229 ipsum
1348 2187 1511 2219 calumnia
1529 2186 1613 2224 fuit,
1640 2184 1729 2228 quod
1763 2186 1886 2223 sacrum
1911 2187 2068 2229 poculum

1188 2237 1343 2280 fregisset.
1371 2240 1454 2276 Opus
1475 2234 1534 2276 est,
1570 2236 1678 2277 inquit
1700 2235 1832 2273 Sanctus
1851 2236 2067 2278 Ambrosius,

1187 2291 1224 2319 Ut
1237 2287 1273 2318 de
1284 2285 1411 2328 Ecclesia
1422 2285 1523 2325 mystici
1532 2287 1629 2326 poculi
1634 2284 1738 2327 fhrma
1748 2297 1807 2318 non
1827 2296 1937 2325 exeat,
1966 2299 2001 2319 ne
2023 2289 2070 2320 ad
2085 2295 2244 2327 L.2.officx'.

1185 2335 1253 2379 usus
1264 2335 1395 2377 nffarios
1402 2333 1483 2377 sacri
1504 2336 1602 2368 calicis
1623 2335 1814 2375 ministerium
1835 2335 2064 2378 tranrferatur.
2087 2341 2162 2366 0.ιὲ-

1188 2386 1380 2419 Venafranae
1395 2384 1546 2419 Ecclefiae
1569 2385 1731 2425 Clericos‚
1759 2387 1815 2429 qui
1838 2386 1973 2420 calicem
1993 2398 2066 2420 ven-

1183 2434 1331 2470 diderant
1348 2459 1358 2474 ,
1394 2436 1429 2469 in
1451 2445 1637 2479 perpetuam
1658 2436 1886 2481 poenitentiam
1904 2432 2065 2481 “relegavit

1186 2486 1363 2530 Gregorius
1387 2486 1554 2530 Magnus;
1582 2485 1774 2519 Rainerium
1796 2484 2064 2520 Aurelianensem

1184 2537 1380 2580 Episcopum
1400 2536 1500 2570 etiam
1519 2535 1668 2578 deposuit
1690 2537 1869 2581 Gregorius
1890 2537 2061 2580 septimus.
2084 2533 2111 2559 [-
2132 2540 2154 2560 ¹·
2183 2532 2237 2569 ΕΡ·

1183 2586 1224 2619 Et
1238 2586 1394 2629 praecipua
1407 2586 1498 2620 causa
1510 2610 1520 2625 ,
1545 2596 1642 2626 quam
1657 2585 1863 2622 justificandae
1874 2588 1932 2620 suae
1950 2587 1983 2619 in
1997 2588 2062 2620 Ro·
2082 2574 2128 2599 ⁶⁶·

1181 2635 1329 2670 thaldum
1359 2636 1613 2670 Svesfionensem
1650 2636 1848 2679 Episcopum
1877 2636 2061 2670 crudelitati

1181 2687 1347 2728 praetexuit
1381 2686 1582 2719 Hincmarus
1616 2686 1831 2728 Metropolim
1871 2686 2060 2730 Remensis,
2082 2686 2109 2714 [a
2133 2694 2156 2721 5-
2185 2689 2231 2724 Ep.

1179 2735 1239 2769 fuit
1253 2747 1367 2770 aureus
1388 2745 1570 2780 gemmatus
1591 2735 1676 2769 calix
1700 2747 1754 2778 per
1772 2736 1874 2777 ipsum
1897 2735 2061 2780 oppigno-
2082 2736 2152 2794 ¹²92}

1179 2797 1282 2820 ratus.
1310 2786 1353 2820 Et
1364 2787 1488 2819 Divina
1501 2786 1537 2819 in
1560 2785 1685 2829 Regem
1708 2784 1933 2820 Balthazarem
1955 2786 2060 2820 vindi-
2089 2769 2139 2802 ΨΧ
2156 2776 2209 2800 ·17-

1177 2837 1224 2869 &a
1246 2836 1344 2870 etiam
1369 2836 1405 2870 in
1427 2846 1515 2871 novo
1546 2836 1740 2869 testamento
1765 2836 1909 2878 percuffit
1931 2836 2056 2870 varios:

1179 2885 1511 2930 Exempluminsigne
1522 2886 1614 2919 refert
1636 2885 1889 2920 Theodoretus.
1918 2885 2057 2932 roir-
2078 2880 2135 2914 ¹⁴2³·
2154 2890 2230 2912 0¹1·

1176 2937 1212 2970 ca
1233 2936 1267 2969 &
1286 2935 1352 2969 haec
1372 2936 1407 2970 in
1430 2936 1716 2976 lbamaccusatio,
1742 2936 1763 2969 fi
1785 2947 1878 2978 vera,
1902 2937 1964 2971 fuit
1987 2936 2058 2972 lon·
2084 2931 2123 2948 ¹²·

1177 2985 1217 3031 ge
1227 2985 1394 3029 justissima
1406 3010 1414 3019 .

1450 3134 1791 3272 ‚3ssss

1449 3266 1791 3392 ⁸3ssss

1921 3534 2000 3569 CA-
