2340 3736
267 206 343 244 ibas
357 203 399 240 de
420 203 535 241 multis
554 201 741 242 accusatus,
767 197 1015 238 sedabsolutus..
1044 206 1099 247 34.
1123 206 1152 246 1.

320 257 354 292 &
370 256 455 301 seqq.
490 267 499 286 s

270 307 343 343 lbas
354 307 417 342 fuit
434 304 654 342 dostiffimus.
1054 307 1111 347 34.
1126 308 1156 333 1.

269 358 345 394 lbas
369 358 404 392 in
426 355 565 401 Synodo
595 351 854 392 Chalcedonenfi
877 352 910 386 se
935 349 955 386 a
981 348 1158 388 latrocinio

283 440 285 444 ,
320 406 486 453 Ephesmo
521 404 688 450 absentem
724 415 764 440 ac
794 400 981 438 inauditum
1013 398 1158 443 queritur

321 458 599 494 condemnatum.
633 452 709 504 283.
736 466 766 492 1·
801 452 881 496 Ejus
901 450 1101 486 accusatores
1121 448 1157 482 in

321 505 713 552 synodumjntroduffl.
740 502 820 539 lbid.
834 514 864 540 2.
901 500 1106 535 Declaratur.
1118 496 1160 532 ab

321 557 440 603 jisdem
452 568 520 592 non
531 556 718 592 convisius.
738 551 816 597 284.
840 563 867 589 1·
893 550 978 585 Adia
1001 549 1160 594 Beryten·
1198 592 1201 595 1

282 629 285 633 -
322 609 366 645 ssa
377 608 511 643 recitata
526 632 537 648 ,
563 607 688 642 famosa
701 603 792 638 illius
800 603 843 645 ad
852 601 975 636 Marirn
987 598 1137 644 Epistola
1150 623 1161 639 ,

272 694 277 698 ,
323 669 363 694 ac
375 657 465 694 Cleri
475 657 625 694 Edeffeni
639 666 698 701 pro
714 652 781 698 ejus
803 652 997 692 innocentia
1015 647 1164 685 testimo·

323 709 435 744 nium.
448 708 529 743 ibid.
566 705 716 749 Epistola
736 704 795 739 illa
813 702 976 748 aLegatis
998 700 1162 736 Romanis

322 759 458 804 aliisque
480 757 659 801 probatur,
694 763 897 790 nontamen
922 751 964 787 ab
984 749 1160 786 omnibus.

322 807 448 857 2851.
476 807 532 845 Ut
555 806 574 840 ὲ.
599 805 805 849 V.-syn0d0
824 804 1053 839 observatum.
1082 798 1161 835 ibid.

322 860 397 895 Ibus
420 857 578 894 Nestorio
598 867 635 891 ac
658 853 837 900 Eutycheti
866 853 1053 889 solemniter
1075 850 1163 885 dixit

319 906 518 961 anathema.-
546 908 658 950 Atque
672 906 766 941 itain
776 901 1014 949 Episcopatum
1033 901 1163 986 {Zizim-

273 979 291 994 ·.
322 970 388 997 tus.
1074 963 1084 986 1
1111 962 1161 988 -2.

267 1000 340 1050 '1⁴0ae
352 1007 501 1055 Epistola
521 1007 615 1043 inv.
636 1004 776 1051 synodo
798 1003 898 1042 lena.
925 1003 1007 1053 Ejus
1029 1012 1164 1038 conten·

322 1071 396 1095 tum
412 1070 489 1107 195.
503 1070 535 1097 2.
557 1056 668 1102 saepius
680 1057 848 1094 accusatus
860 1080 867 1087 .
880 1053 966 1091 ibid.
980 1053 1012 1088 A
1025 1051 1164 1097 synodo

323 1109 493 1154 Berytenfi
523 1108 702 1143 absolutus.
738 1109 816 1155 196.
832 1119 860 1144 1·
899 1105 933 1141 A
967 1102 1165 1143 Latrocinio

320 1159 487 1203 Ephefino
497 1158 693 1205 degradatus
705 1182 716 1199 ,
741 1157 761 1191 a
781 1154 1043 1205 Chalcedonenfi
1058 1155 1166 1196 Syno-

272 1239 274 1242 ,
319 1209 365 1245 do
378 1209 443 1244 sedi
457 1208 618 1245 restitutus
630 1233 641 1251 ,
668 1220 729 1243 nec
742 1207 782 1243 ab
794 1218 832 1242 ea
846 1206 995 1253 Epistola
1007 1204 1075 1248 ejus
1085 1215 1163 1239 con-

319 1260 496 1295 demnata.
517 1259 601 1294 ibid.
633 1259 806 1300 Persona,
837 1268 908 1292 non
929 1255 1102 1295 doctrina,
1127 1254 1161 1287 in

321 1310 463 1356 ‘gratiam
475 1311 638 1354 suscepta.
661 1307 744 1343 ibid.¹
758 1308 812 1343 V.
833 1306 990 1352 Synodus
1009 1303 1163 1341 undecim

321 1361 429 1405 capita
441 1360 536 1396 Fidei
549 1358 734 1396 Catholicae
750 1357 910 1394 adversari
934 1356 1049 1392 frustra
1072 1353 1166 1389 moli-

322 1419 377 1445 tur
392 1411 583 1445 ostendere.
609 1410 687 1458 196·
702 1422 732 1447 2.
758 1419 834 1455 197.
849 1420 877 1443 1.
901 1406 1049 1451 Epistola
1062 1403 1162 1448 justis-

320 1459 401 1496 nme
431 1460 586 1496 damnata
609 1485 617 1491 .
654 1458 710 1493 Ab
742 1458 802 1493 Iba
823 1458 917 1492 fuisse
943 1456 1163 1498 conscriptam

322 1510 478 1546 nonnulli
489 1510 678 1555 inficiantur
687 1533 695 1540 .
1080 1503 1161 1539 lbid.

272 1559 337 1595 Iba:
357 1559 508 1604 Epistola
525 1559 544 1593 ὲ
565 1558 609 1594 V.
634 1557 775 1602 synodo
796 1565 833 1591 ut
857 1554 1055 1592 Nestoriana
1082 1554 1163 1588 reste

320 1610 562 1646 condemnatur
573 1634 588 1645 .,
607 1607 683 1656 165.
698 1617 733 1644 2..
760 1606 877 1642 Potuit
899 1615 1011 1641 tamen
1033 1605 1053 1640 a
1074 1604 1165 1639 Con-

319 1660 515 1707 gregatione
526 1657 787 1694 Chalcedonenfi
800 1656 974 1702 approbari
988 1681 997 1689 .
1035 1653 1117 1694 166.
1128 1663 1161 1690 2.

269 1710 336 1747 lbae
355 1710 504 1755 Epistola
521 1709 775 1745 Nestorianismi
798 1709 980 1743 accusatur.
1035 1705 1114 1753 165.
1131 1715 1160 1742 1-

323 1759 367 1798 18
372 1771 402 1810 3·
417 1772 447 1797 1.
474 1758 532 1795 Ab
543 1759 649 1795 haerefi
674 1769 786 1795 tamen
798 1759 937 1793 innoxia
948 1782 960 1798 ‚
986 1757 1081 1794 uti&
1094 1767 1163 1800 per·

318 1813 399 1847 sona
411 1810 429 1844 ὲ
441 1810 574 1856 Legatis
585 1808 791 1854 Apostolicis
800 1807 983 1843 declaratur
992 1832 999 1840 .
1037 1805 1081 1844 16
1084 1818 1115 1854 5·
1127 1819 1159 1844 2·

319 1861 484 1909 Qamvis
507 1870 576 1894 non
588 1869 695 1895 careat
706 1860 801 1894 omni
814 1870 926 1894 naevo.
1031 1856 1112 1898 166.
1131 1869 1158 1894 1.

267 1912 374 1951 Idolis
396 1921 433 1947 ut
455 1910 614 1947 nonnulli
635 1909 771 1954 impune
792 1908 1005 1945 immolarent
1020 1932 1032 1949 ,
1059 1906 1160 1949 judici

318 1962 488 2010 praemium
522 1960 746 2005 persolutum,
781 1958 887 1995 immo
918 1958 953 1993 id
990 1959 1095 2002 ipsum
1120 1957 1162 1992 ab

320 2011 494 2056 Episcopis
513 2012 662 2045 exastum
674 2035 682 2043 .
1007 2017 1064 2056 49·
1083 2017 1112 2043 1·
1125 2017 1159 2044 2.

267 2062 441 2097 Idolorum
453 2060 573 2105 templa
591 2062 610 2094 a
624 2060 850 2094 Constantino
872 2057 1026 2104 Augusto
1052 2056 1161 2092 occlu-

319 2112 351 2147 sa
365 2136 376 2153 ,
386 2111 429 2146 ab
441 2111 513 2146 aliis
524 2121 632 2155 aperta
646 2134 658 2151 ,
685 2108 819 2145 tandem
830 2107 986 2144 destructa
998 2134 1006 2142 .
1057 2118 1112 2155 49.
1131 2120 1160 2145 1.

265 2162 463 2208 ignorantia
476 2173 545 2196 non
557 2161 621 2196 fuit
634 2161 669 2195 in
683 2158 818 2196 Christo
830 2184 838 2193 .
865 2157 978 2194 Patres
989 2184 1000 2200 ‚
1026 2157 1081 2203 qui
1104 2169 1162 2203 op-

321 2212 461 2256 positum
471 2210 622 2247 videntur
636 2211 755 2246 sentire
767 2235 778 2253 ,
791 2221 876 2255 expo
883 2219 1004 2246 nuntur
1013 2235 1022 2244 .
1037 2206 1158 2255 1784-
1204 2210 1205 2214 ’

268 2263 461 2308 Imaginum
486 2261 594 2298 cultus
629 2262 752 2306 semper
787 2261 893 2309 viguit
927 2259 964 2295 in
984 2281 986 2284 -
1001 2259 1161 2295 Ecclesia.

325 2325 341 2350 1
395 2338 401 2346 .
427 2323 460 2350 2..
771 2319 783 2324 ·’

273 2324 454 2407 1mp<9er7ator
475 2374 567 2397 novae
590 2361 728 2398 Civitati
750 2361 859 2407 potuit
883 2361 1085 2406 Episcopum
1107 2360 1163 2395 do·

270 2408 274 2413 ’
290 2444 292 2447 .
325 2424 422 2454 nare,
438 2423 644 2456 nequaquam
656 2413 820 2448 destrucstae
831 2411 953 2457 eripere
965 2435 973 2445 .
1063 2410 1117 2459 96,
1130 2421 1163 2447 2·

271 2459 486 2508 Imperatores
506 2473 678 2506 nunquam
689 2462 828 2506 Synodo
841 2463 993 2506 praefuere
1003 2487 1010 2494 .
1038 2472 1118 2510 259.
1134 2472 1163 2498 1.

298 2536 301 2537 ν
324 2511 434 2552 Vide,
461 2515 624 2554 Princeps.
662 2554 664 2557 .
828 2553 831 2556 .
887 2549 890 2551 Α
917 2552 918 2555 ¹
1106 2554 1110 2559 ,

273 2564 466 2602 Incarnatio
489 2558 616 2596 Divina
645 2560 711 2596 fuit
730 2559 925 2597 Gentilibus
952 2557 1165 2605 philosophis

324 2614 460 2649 stultum
481 2612 583 2653 Dei,'
598 2611 632 2646 δε
645 2610 754 2649 stultia
767 2608 1015 2657 praedicationis}
1040 2620 1118 2661 313.
1142 2621 1166 2645 2

274 2659 441 2700 Inhab‘iles
452 2662 492 2696 ad
504 2661 654 2697 Ecclefiae
664 2662 784 2707 gradus
794 2661 929 2698 evehere
940 2686 952 2704 ,
977 2673 1075 2708 grave
1089 2663 1166 2696 sem-

328 2724 383 2758 per
392 2714 515 2748 crimen
526 2711 571 2745 est
584 2720 769 2756 reputatum
779 2739 786 2746 .
1062 2722 1119 2759 42.
1137 2723 1165 2748 1·

278 2764 436 2799 instantia
447 2764 550 2807 prima
575 2771 690 2796 contra
703 2760 905 2808 Episcopum
919 2762 1005 2808 apud
1025 2761 1167 2797 Patriar-

330 2813 429 2849 cham
442 2814 542 2848 etiam
567 2811 673 2856 potest
685 2810 753 2846 fieri
769 2838 776 2845 .
1044 2822 1121 2861 130.
1139 2823 1167 2849 1.

279 2863 456 2904 Interdisto
470 2861 664 2906 Eutycher-is
678 2860 842 2899 Monachi
854 2862 873 2897 a
885 2863 915 2898 S.
927 2862 1089 2910 Flaviano
1100 2864 1170 2907 sup-

332 2911 557 2962 pofiti238.2.
583 2910 619 2949 A,
638 2911 812 2947 latrocinio
834 2909 1169 2962 Ephefino,commu-

333 2963 430 2998 nioni
441 2965 473 2998 &
484 2963 599 3009 gradui
613 2961 753 2997 'restituti
767 2988 775 2995 .
806 2961 811 2964 ’
1043 2974 1126 3013 289,
1140 2974 1170 3000 1.

286 3012 426 3050 Intrufio
457 3014 603 3048 violenta
623 3012 780 3058 Episcopi
802 3009 1004 3063 Apostolicis
1021 3007 1175 3102 ‘Castignb

1046 3073 1071 3099 2.
1121 3089 1127 3096 .
1145 3076 1173 3102 1·

290 3114 434 3158 Ioannes
455 3111 685 3151 Antiochenus
715 3108 865 3154 adversus
888 3111 1082 3151 Nestorium
1105 3125 1176 3150 mu-

339 3063 399 3098 bus
411 3062 598 3098 adversatur
610 3088 617 3095 .

339 3175 403 3201 nus
428 3160 633 3207 Episcopales
646 3163 853 3202 laudabiliter
877 3166 1065 3209 exequitur.
1092 3175 1124 3210 4.
1141 3175 1172 3201 2-

339 3214 508 3258 Ephesum
530 3214 709 3262 Ρῐοῑεξὶυς,
734 3226 841 3252 moras
859 3213 979 3250 trahit.
1009 3225 1079 3263 9.1.
1108 3214 1177 3250 Ne-

340 3264 442 3299 storio
464 3264 530 3308 jam
543 3262 701 3301 damnato
715 3263 880 3307 Ephesum
900 3264 1048 3309 appulit.
1079 3275 1178 3302 11-2·

342 3312 571 3359 Metropolitis
597 3313 660 3348 suis
682 3324 720 3348 ac
741 3315 964 3360 ex·Episcopis
982 3314 1179 3367 'Pelagianis

343 3362 496 3410 stipatus·
527 3373 580 3402 12.
602 3363 638 3403 1.'
669 3362 703 3399 A
726 3363 865 3409 Synodo
890 3362 1073 3402 honorifice
1095 3375 1176 3401 rece-

991 117 1407 166 Iuni-ax

1270 206 1362 241 ptus.
1394 208 1488 237 12.2.
1500 200 1628 236 Primus
1642 205 1710 247 ejus
1729 218 1807 242 cum
1829 209 2041 245 Candidiano
2061 212 2098 248 ἀ

1269 246 1393 284 Irenaeo
1423 250 1614 290 Comitibus
1639 259 1841 300 congresshs.
1873 269 1965 303 13.1.
2003 252 2101 297 Alte}

1271 310 1349 334 cum
1360 299 1567 348 Nestorianis
1588 310 1627 338 ac
1636 297 1836 350 pelagianis.
1861 321 1911 359 13.
1922 321 1955 346 2.
1983 311 2052 345 Hic
2066 312 2098 345 s.

1273 348 1396 393 Cyrilli
1418 352 1562 395 capitula
1585 350 1740 388 haereseos
1749 354 1921 402 damnata,
1939 360 1998 395 &o
2018 361 2101 396 ibid.

1271 398 1487 447 Pelagianum
1499 402 1622 449 dogma
1631 405 1864 444 confirmatum
1874 431 1883 439 .
2005 421 2058 457 14.
2069 422 2103 447 2.

1222 450 1365 495 Joannes
1377 449 1608 487 Antiochenus
1619 453 1787 497 Ephesum
1798 458 1910 490 animo
1921 453 2031 495 hostili
2053 462 2104 495 in-

1273 502 1396 547 gressus
1408 527 1414 533 .
1428 511 1510 551 203.
1528 514 1555 539 1-
1587 503 1657 538 Vix
1666 504 1747 540 dum
1760 505 1910 553 appulsus
1932 496 2105 544 schismati-

1271 562 1352 586 cum
1387 553 1466 587 facit
1503 554 1798 601 conventiculum,
1825 557 1946 591 sacram
1967 556 2108 595 divalem

1269 601 1342 651 ⁸legi
1382 602 1519 645 imperat
1542 609 1559 637 .“
1581 614 1660 653 21³3·
1696 619 1727 644 2.
1761 607 1963 652 Legitimam
2005 607 2111 651 Syno-

1273 652 1353 687 dum
1366 652 1406 687 de
1417 652 1571 688 Nestorio
1593 654 1745 691 inaudito
1763 655 1987 699 condemnato
2006 682 2018 698 ,
2043 668 2112 703 gra-

1274 703 1356 737 viter
1367 702 1493 748 arguit.
1521 703 1593 754 Qi
1615 705 1650 739 in
1673 705 1763 741 idem
1784 708 1945 752 impegit,
1972 707 2053 746 dum
2079 709 2109 744 S.

1275 751 1445 799 Cyrillum
1458 778 1468 794 ,
1484 753 1546 789 &c.
1568 756 1687 790 temere
1707 756 1898 803 degradavit
1910 783 1917 790 .
1944 767 2022 804 204.
2039 769 2111 795 1-2·

1221 828 1238 848 r.
1274 802 1358 850 Qae
1383 805 1544 840 sententia
1575 816 1685 849 praeter
1707 819 1832 843 morem
1858 807 1903 844 est
1926 802 2111 854 publicata.

1276 864 1354 902 204.
1365 867 1399 894 2.

1226 905 1369 949 loannes
1392 904 1553 948 jejunator
1566 906 1652 942 inter
1672 908 1848 952 Synodum
1871 907 2114 955 Ephefinam&

1264 954 1368 990 .hunc
1386 957 1593 1002 congressum
1615 968 1684 992 non
1704 958 1871 998 distinxit.
2012 971 2065 1005 15.
2083 970 2112 995 1-

1226 1006 1369 1052 Ioannes
1380 1006 1612 1043 Antiochenus
1623 1010 1690 1043 asta
1711 1008 1888 1054 pelagiana
1911 1008 2114 1053 verisimilius

1279 1067 1348 1090 non
1370 1057 1521 1100 probavit
1533 1083 1541 1091 .
2018 1068 2070 1105 15.
2086 1071 2114 1095 1.

1228 1106 1371 1150 Joannes
1399 1105 1653 1150 Antiocheam,
1688 1109 1840 1154 expositis
1878 1110 1896 1144 a
1932 1110 1961 1143 S.
1984 1108 2115 1153 Cyrillo

1277 1157 1513 1202 querimoniis,
1539 1160 1650 1203 saepius
1661 1161 1794 1194 vocatus
1817 1171 1888 1195 non
1909 1159 2116 1204 comparuit,

1276 1207 1406 1252 ejusque
1418 1209 1577 1243 sententia
1601 1210 1690 1245 irrita
1701 1209 1863 1245 declarata
1877 1235 1885 1243 .
2017 1218 2115 1256 19.2-

1229 1257 1372 1302 Ioannes
1396 1257 1632 1294 Antiochenus
1656 1268 1703 1295 ter
1728 1260 1770 1295 ad
1791 1255 1965 1304 Synodum
1989 1259 2119 1304 Ephesi-

1278 1319 1356 1342 nam
1376 1333 1388 1349 ,
1415 1308 1468 1343 sed
1493 1309 1606 1345 frustra
1627 1321 1801 1345 evocatus.
1823 1320 1902 1357 207.
1922 1322 1949 1347 1.
1972 1308 2008 1346 &²
2030 1311 2117 1353 seqq·

1276 1359 1587 1393 excommunicatur
1599 1384 1606 1392 .
1627 1360 1835 1400 Sententiam
1851 1359 2020 1395 immerito
2039 1371 2119 1401 con·
2162 1378 2166 1383 -

1277 1407 1481 1442 tradietionis
1502 1409 1612 1455 arguit
1626 1435 1634 1442 .
1990 1407 2070 1447 208-
2088 1420 2117 1446 1·

1229 1459 1371 1502 joannes
1382 1456 1895 1496 Antiochenusacomrnunione
1916 1461 2019 1495 faetus
2043 1459 2119 1507 alie-

1278 1519 1351 1543 nus.
1365 1517 1417 1555 19-
1433 1518 1464 1544 2.-
1477 1507 1611 1543 Novam
1622 1509 1796 1553 Synodum
1807 1508 1984 1553 postulavit
1997 1534 2004 1542 .
2018 1519 2074 1547 20.
2088 1521 2117 1545 1.

1229 1558 1372 1601 Ioannes
1382 1557 1616 1593 Antiochenus
1626 1584 1636 1600 ,
1654 1558 1767 1593 frustra
1780 1554 1948 1594 adnitente
1960 1559 2095 1595 Comite
2105 1583 2118 1600 ,

1279 1609 1317 1644 in
1327 1608 1605 1644 communionem
1616 1621 1686 1643 non
1706 1609 1751 1643 est
1767 1619 1914 1653 receptus
1927 1635 1934 1642 .
2010 1620 2067 1646 21.
2091 1620 2114 1655 ξι.

1229 1658 1392 1702 Joannem
1416 1657 1502 1693 inter
1519 1670 1557 1693 ac
1580 1659 1747 1704 Cyrillum
1761 1670 1822 1703 pax
1833 1659 1994 1706 stabilita.
2018 1669 2120 1707 23.1-

1228 1706 1373 1754 Joannes
1399 1706 1634 1755 Antiochenus
1660 1709 1860 1756 Pelagianos
1891 1710 1912 1745 a
1935 1710 1968 1745 se
1989 1708 2121 1755 ablega-

1277 1770 1344 1794 vit.
2066 1784 2074 1792 .
2089 1770 2117 1795 1.

1278 1808 1370 1846 Vide
1387 1833 1399 1851 ,
1426 1809 1597 1855 Nestorius.
1624 1809 1775 1854 Ephefina
1799 1810 1949 1850 synodus.
1974 1769 2117 1855 σρῇζιιι.

1226 1861 1369 1906 Ioannes
1394 1857 1626 1896 Antiochenus
1656 1860 1746 1895 stetit
1788 1860 1808 1893 a
1828 1868 1920 1904 parte
1939 1857 2120 1902 Theodori

1275 1909 1499 1954 Mopsuesteni
1512 1935 1520 1944 .
2016 1917 2072 1956 32.
2084 1918 2119 1943 2·

1224 1961 1254 1998 S.
1270 1962 1414 2006 Joannes
1427 1958 1701 2004 Chrysostomus‚
1726 1957 1817 2004 quod
1838 1957 1981 1993 aliorum
1999 1958 2122 1992 invase-

1273 2010 1316 2044 rit
1331 2009 1544 2052 Provincias,
1570 2010 1740 2045 accusatus
1760 2033 1768 2042 .
1830 2051 1832 2053 Ι
1995 2017 2075 2055 292
2086 2017 2119 2043 2.

1225 2062 1369 2107 Ioannes
1380 2058 1420 2092 11.
1438 2057 1525 2095 hanc
1536 2059 1792 2105 propositionem
1806 2083 1814 2091 .
1841 2062 1924 2092 Unus
1942 2059 1959 2092 ἑ
1969 2060 2121 2105 Trinuate

1278 2110 1315 2152 est
1323 2109 1424 2154 paffics
1439 2133 1450 2150 ‚
1474 2111 1645 2153 probavit:
1673 2109 1888 2144 Authoritate
1899 2108 1951 2144 SS.
1961 2106 2095 2142 Parrum
2107 2129 2120 2147 ‚

1276 2172 1314 2195 ac
1327 2160 1495 2204 praesertim
1507 2162 1537 2196 S.
1550 2160 1758 2206 Augustini,
1783 2159 1825 2194 de
1839 2170 1907 2204 quo
1917 2157 2041 2193 illustre
2052 2156 2122 2193 edi-

1276 2211 1325 2244 xit
1335 2211 1560 2246 testimonium
1572 2235 1583 2252 ‚
1599 2210 1759 2256 subnixus
1770 2235 1777 2242 .
1994 2218 2073 2254 152·
2089 2218 2118 2245 1-

1228 2261 1361 2305 Joannis
1374 2261 1552 2296 Decretum
1570 2260 1679 2305 postea
1700 2259 1933 2295 confirmatum
1946 2283 1954 2292 .
2033 2257 2117 2293 lbid.

1223 2309 1447 2360 Jotescalchus
1480 2311 1675 2346 Monachus
1703 2310 1741 2346 in
1767 2309 1943 2344 Hincmari
1971 2306 2118 2352 carcerc-

1225 2403 1229 2407 ·
1280 2370 1357 2410 309.
1374 2373 1402 2398 1.
1426 2361 1674 2406 plurascripfit.
1992 2360 1997 2363 ”
2038 2357 2118 2392 ibid.

1226 2412 1410 2456 S.lrenaeus
1422 2410 1526 2447 utitur
1548 2424 1630 2447 voce
1653 2408 1967 2445 Consubstantia'lis.
1996 2407 2118 2455 325-22-

1277 2462 1361 2496 inter
1372 2462 1436 2497 alia
1448 2460 1656 2495 haerefiarchae
1671 2459 1846 2494 Valentini
1868 2456 2018 2492 facinora
2040 2467 2120 2491 enu-

1277 2521 1379 2554 merat
1391 2510 1567 2546 nominum
1577 2511 1745 2544 fictionem
1754 2534 1761 2543 .
1958 2541 1961 2547 ,
1996 2505 2072 2560 326.
2084 2517 2119 2544 2·

1229 2555 1406 2608 Iudicandi
1421 2561 1527 2596 forma
1549 2561 1611 2596 Rei
1616 2558 1754 2606 publicae
1766 2557 1928 2594 Romane
1938 2552 2064 2597 dudum
2076 2554 2119 2590 ab

1225 2643 1243 2661 e
1280 2611 1427 2659 Ecclesia
1441 2613 1562 2646 servata
1574 2636 1581 2643 .
1990 2614 2117 2659 2131·

1230 2658 1360 2708 Iudices
1388 2662 1471 2709 fasga
1498 2661 1565 2706 jam
1600 2660 1818 2706 appellatione
1847 2658 1884 2693 in
1915 2655 2120 2709 accusatores

1233 2740 1245 2760 3
1279 2712 1451 2760 transeunt
1467 2738 1474 2745 .
1994 2714 2073 2757 ²03²*
2091 2717 2119 2743 1·

1231 2762 1359 2809 Judices
1380 2761 1607 2808 gloriosissimi
1630 2762 1665 2796 in
1691 2760 1831 2806 synodo
1855 2755 2002 2806 generali
2026 2757 2122 2792 testes

1231 2843 1253 2864 ..-
1279 2814 1371 2860 fuere
1391 2814 1425 2848 &
1446 2822 1670 2854 executores‚·
1696 2812 1764 2846 fine
1785 2810 1854 2845 ulla
1875 2807 2051 2854 judicandi
2062 2818 2120 2850 po.

1232 2891 1251 2911 ..-
1281 2863 1414 2898 testate.
1679 2902 1681 2906 ¹
1855 2858 1936 2906 269.
1948 2871 1968 2893 ι.
1985 2864 2075 2908 27²·
2087 2871 2121 2897 2.

1233 2911 1340 2959 Judici
1357 2912 1505 2949 inferiori
1517 2925 1586 2957 non
1601 2911 1691 2957 obest
1702 2937 1714 2954 ,
1740 2910 1831 2957 quod
1850 2911 1919 2955 ejus
1930 2909 2123 2956 sententiaa
2139 2918 2142 2921 ’

1271 2964 1448 3012 ,superiore
1459 2963 1622 3006 solvatur,
1647 2963 1670 2997 fi
1691 2974 1790 3007 pravo
1811 2960 1925 2997 animo
1947 2971 2024 3008 non·
2039 2959 2124 3009 judi-

1283 3013 1380 3058 carit.
1637 3055 1640 3058 ⁴
1920 3042 1923 3043 γ
1993 3021 2074 3059 239·
2091 3022 2121 3054 12

1234 3064 1383 3108 Iulianus
1396 3063 1595 3111 Pelagianus
1605 3063 1857 3109 Bar-Episcopus
1867 3060 1940 3098 fiae
1952 3061 2122 3106 poenituit:

1284 3114 1407 3149 Pueros
1422 3114 1549 3150 Siculos
1558 3114 1598 3149 ad
1621 3124 1764 3150 mortem
1789 3115 1888 3158 usque
1909 3112 2005 3147 miser
2021 3111 2121 3156 prima

1285 3164 1472 3200 rudimenta
1483 3163 1640 3209 edocuit.
1659 3204 1661 3208 y
1891 3206 1894 3209 ,
1971 3204 1993 3209 ,Α
2017 3170 2072 3209 24-
2089 3169 2118 3194 1·

1234 3215 1463 3260 Juramentum
1486 3214 1508 3251 a
1527 3211 1665 3250 C’lericis
1679 3215 1683 3219 ”
1699 3215 1734 3249 &
1766 3211 1949 3250 Monachis
1970 3211 2125 3254 Canones‘

1285 3263 1423 3300 subinde
1434 3266 1574 3311 exigunt
1584 3289 1595 3306 ‚
1611 3264 1751 3305 subinde
1762 3265 1962 3309 permittunt
1973 3285 1980 3294 ·
1997 3267 2076 3296 220-
2099 3268 2118 3290 1-

1235 3315 1462 3359 Iun-amentum
1483 3315 1584 3354 etiam
1605 3313 1696 3361 apud
1712 3315 1868 3361 Paganos
1895 3308 2120 3350 tremendum·

1286 3375 1366 3413 290
1377 3375 1408 3403 2.

1355 3422 1364 3425 -
2021 3406 2072 3451 Ju-
