<?xml version="1.0" encoding="UTF-8"?>
<!DOCTYPE html PUBLIC "-//W3C//DTD XHTML 1.0 Transitional//EN"
    "http://www.w3.org/TR/xhtml1/DTD/xhtml1-transitional.dtd">
<html xmlns="http://www.w3.org/1999/xhtml" xml:lang="en" lang="en">
 <head>
  <title>
</title>
<meta http-equiv="Content-Type" content="text/html;charset=utf-8" />
  <meta name='ocr-system' content='tesseract 3.04.00' />
  <meta name='ocr-capabilities' content='ocr_page ocr_carea ocr_par ocr_line ocrx_word'/>
</head>
<body>
  <div class='ocr_page' id='page_1' title='image "./operaomniastudio02lupuuoft_0245.png"; bbox 0 0 2340 3736; ppageno 0'>
   <div class='ocr_carea' id='block_1_1' title="bbox 9 2648 177 2707">
    <p class='ocr_par' dir='ltr' id='par_1_1' title="bbox 9 2648 177 2707">
     <span class='ocr_line' id='line_1_1' title="bbox 9 2648 177 2707; baseline 0 -8"><span class='ocrx_word' id='word_1_1' title='bbox 9 2648 29 2673; x_wconf 20' lang='lat'><em>‘⁷</em></span> <span class='ocrx_word' id='word_1_2' title='bbox 70 2669 177 2707; x_wconf 78' lang='lat' dir='ltr'><em>Ep.3z.</em></span> 
     </span>
    </p>
   </div>
   <div class='ocr_carea' id='block_1_2' title="bbox 71 2899 175 2937">
    <p class='ocr_par' dir='ltr' id='par_1_2' title="bbox 71 2899 175 2937">
     <span class='ocr_line' id='line_1_2' title="bbox 71 2899 175 2937; baseline 0 -8"><span class='ocrx_word' id='word_1_3' title='bbox 71 2899 122 2937; x_wconf 75' lang='lat' dir='ltr'><em>Ep.</em></span> <span class='ocrx_word' id='word_1_4' title='bbox 130 2908 175 2935; x_wconf 82' lang='lat'><em>40.</em></span> 
     </span>
    </p>
   </div>
   <div class='ocr_carea' id='block_1_3' title="bbox 71 3347 198 3388">
    <p class='ocr_par' dir='ltr' id='par_1_3' title="bbox 71 3347 198 3388">
     <span class='ocr_line' id='line_1_3' title="bbox 71 3347 198 3388; baseline 0.016 -9"><span class='ocrx_word' id='word_1_5' title='bbox 71 3347 135 3379; x_wconf 68' lang='lat' dir='ltr'><em>Act.</em></span> <span class='ocrx_word' id='word_1_6' title='bbox 153 3358 198 3388; x_wconf 83' lang='lat'><em>13.</em></span> 
     </span>
    </p>
   </div>
   <div class='ocr_carea' id='block_1_4' title="bbox 671 130 1653 189">
    <p class='ocr_par' dir='ltr' id='par_1_4' title="bbox 671 130 1653 189">
     <span class='ocr_line' id='line_1_4' title="bbox 671 130 1653 189; baseline -0.001 -9"><span class='ocrx_word' id='word_1_7' title='bbox 671 139 767 189; x_wconf 73' lang='lat' dir='ltr'><em>An</em></span> <span class='ocrx_word' id='word_1_8' title='bbox 805 136 1148 181; x_wconf 64' lang='lat' dir='ltr'><em>Epusssmua</em></span> <span class='ocrx_word' id='word_1_9' title='bbox 1181 130 1653 183; x_wconf 74' lang='lat' dir='ltr'>LATROCINIUM.</span> 
     </span>
    </p>
   </div>
   <div class='ocr_carea' id='block_1_5' title="bbox 245 219 1148 3523">
    <p class='ocr_par' dir='ltr' id='par_1_5' title="bbox 247 219 1148 866">
     <span class='ocr_line' id='line_1_5' title="bbox 250 219 1142 269; baseline -0.006 -12"><span class='ocrx_word' id='word_1_10' title='bbox 250 223 463 269; x_wconf 74' lang='lat' dir='ltr'><em>postmodum</em></span> <span class='ocrx_word' id='word_1_11' title='bbox 473 221 612 265; x_wconf 78' lang='lat' dir='ltr'><em>synodo</em></span> <span class='ocrx_word' id='word_1_12' title='bbox 621 219 886 256; x_wconf 85' lang='lat' dir='ltr'><em>Chalcedonenfi</em></span> <span class='ocrx_word' id='word_1_13' title='bbox 911 221 1017 255; x_wconf 89' lang='lat' dir='ltr'><em>adfuit</em></span> <span class='ocrx_word' id='word_1_14' title='bbox 1029 245 1040 262; x_wconf 93' lang='lat'><em>,</em></span> <span class='ocrx_word' id='word_1_15' title='bbox 1064 231 1142 256; x_wconf 88' lang='lat' dir='ltr'><em>con·</em></span> 
     </span>
     <span class='ocr_line' id='line_1_6' title="bbox 254 269 1142 316; baseline -0.007 -7"><span class='ocrx_word' id='word_1_16' title='bbox 254 277 433 309; x_wconf 78' lang='lat' dir='ltr'>sectaturus</span> <span class='ocrx_word' id='word_1_17' title='bbox 442 297 451 306; x_wconf 87' lang='lat'>.</span> <span class='ocrx_word' id='word_1_18' title='bbox 482 272 535 305; x_wconf 84' lang='lat' dir='ltr'><em>Ex</em></span> <span class='ocrx_word' id='word_1_19' title='bbox 541 283 609 316; x_wconf 89' lang='lat' dir='ltr'><em>quo</em></span> <span class='ocrx_word' id='word_1_20' title='bbox 619 270 711 306; x_wconf 90' lang='lat' dir='ltr'><em>vides</em></span> <span class='ocrx_word' id='word_1_21' title='bbox 723 273 752 306; x_wconf 83' lang='lat' dir='ltr'>A</span> <span class='ocrx_word' id='word_1_22' title='bbox 760 271 931 306; x_wconf 89' lang='lat' dir='ltr'><em>ntiocheni</em></span> <span class='ocrx_word' id='word_1_23' title='bbox 944 269 1142 305; x_wconf 84' lang='lat' dir='ltr'><em>Patriarcha-</em></span> 
     </span>
     <span class='ocr_line' id='line_1_7' title="bbox 253 321 1143 367; baseline -0.007 -7"><span class='ocrx_word' id='word_1_24' title='bbox 253 335 308 360; x_wconf 81' lang='lat' dir='ltr'><em>tus</em></span> <span class='ocrx_word' id='word_1_25' title='bbox 316 323 548 367; x_wconf 77' lang='lat' dir='ltr'>Metropolitas</span> <span class='ocrx_word' id='word_1_26' title='bbox 557 322 808 357; x_wconf 88' lang='lat' dir='ltr'><em>consecrationis</em></span> <span class='ocrx_word' id='word_1_27' title='bbox 821 324 926 367; x_wconf 85' lang='lat' dir='ltr'><em>gratia</em></span> <span class='ocrx_word' id='word_1_28' title='bbox 939 333 1008 356; x_wconf 89' lang='lat' dir='ltr'><em>non</em></span> <span class='ocrx_word' id='word_1_29' title='bbox 1021 321 1143 364; x_wconf 88' lang='lat' dir='ltr'>semper</span> 
     </span>
     <span class='ocr_line' id='line_1_8' title="bbox 257 371 1143 411; baseline -0.007 -2"><span class='ocrx_word' id='word_1_30' title='bbox 257 372 525 411; x_wconf 76' lang='lat' dir='ltr'><em>Antiochiamad</em></span> <span class='ocrx_word' id='word_1_31' title='bbox 539 371 733 407; x_wconf 81' lang='lat' dir='ltr'><em>Patriarchae</em></span> <span class='ocrx_word' id='word_1_32' title='bbox 745 383 860 407; x_wconf 84' lang='lat' dir='ltr'><em>manus</em></span> <span class='ocrx_word' id='word_1_33' title='bbox 871 373 969 406; x_wconf 89' lang='lat' dir='ltr'><em>fuisse</em></span> <span class='ocrx_word' id='word_1_34' title='bbox 979 380 1143 409; x_wconf 86' lang='lat' dir='ltr'><em>evocatos,</em></span> 
     </span>
     <span class='ocr_line' id='line_1_9' title="bbox 254 421 1144 468; baseline -0.008 -8"><span class='ocrx_word' id='word_1_35' title='bbox 254 422 312 462; x_wconf 76' lang='lat' dir='ltr'><em>sed</em></span> <span class='ocrx_word' id='word_1_36' title='bbox 321 422 544 461; x_wconf 83' lang='lat' dir='ltr'><em>Patriarcham</em></span> <span class='ocrx_word' id='word_1_37' title='bbox 555 423 752 468; x_wconf 83' lang='lat' dir='ltr'>quandoque</span> <span class='ocrx_word' id='word_1_38' title='bbox 762 423 803 458; x_wconf 89' lang='lat' dir='ltr'><em>ad</em></span> <span class='ocrx_word' id='word_1_39' title='bbox 817 423 960 467; x_wconf 85' lang='lat' dir='ltr'><em>ipsorum</em></span> <span class='ocrx_word' id='word_1_40' title='bbox 983 421 1144 455; x_wconf 84' lang='lat' dir='ltr'><em>Ecclefias</em></span> 
     </span>
     <span class='ocr_line' id='line_1_10' title="bbox 255 470 1143 515; baseline -0.008 -4"><span class='ocrx_word' id='word_1_41' title='bbox 255 473 433 511; x_wconf 76' lang='lat' dir='ltr'><em>accessisse.</em></span> <span class='ocrx_word' id='word_1_42' title='bbox 461 475 538 509; x_wconf 87' lang='lat' dir='ltr'><em>Hac</em></span> <span class='ocrx_word' id='word_1_43' title='bbox 558 475 727 509; x_wconf 72' lang='lat' dir='ltr'><em>occasione</em></span> <span class='ocrx_word' id='word_1_44' title='bbox 748 475 870 507; x_wconf 74' lang='lat' dir='ltr'><em>factum</em></span> <span class='ocrx_word' id='word_1_45' title='bbox 891 470 937 505; x_wconf 86' lang='lat' dir='ltr'><em>est</em></span> <span class='ocrx_word' id='word_1_46' title='bbox 951 495 961 511; x_wconf 94' lang='lat'><em>,</em></span> <span class='ocrx_word' id='word_1_47' title='bbox 986 471 1076 515; x_wconf 86' lang='lat' dir='ltr'><em>quod</em></span> <span class='ocrx_word' id='word_1_48' title='bbox 1099 470 1143 504; x_wconf 77' lang='lat' dir='ltr'><em>di.</em></span> 
     </span>
     <span class='ocr_line' id='line_1_11' title="bbox 252 521 1143 569; baseline -0.004 -11"><span class='ocrx_word' id='word_1_49' title='bbox 252 526 327 558; x_wconf 71' lang='lat' dir='ltr'><em>stus</em></span> <span class='ocrx_word' id='word_1_50' title='bbox 343 524 453 558; x_wconf 85' lang='lat' dir='ltr'>Maras</span> <span class='ocrx_word' id='word_1_51' title='bbox 465 524 640 569; x_wconf 84' lang='lat' dir='ltr'>Presbyter</span> <span class='ocrx_word' id='word_1_52' title='bbox 662 523 825 558; x_wconf 90' lang='lat' dir='ltr'><em>confessus</em></span> <span class='ocrx_word' id='word_1_53' title='bbox 839 521 885 555; x_wconf 90' lang='lat' dir='ltr'><em>est</em></span> <span class='ocrx_word' id='word_1_54' title='bbox 895 521 936 555; x_wconf 87' lang='lat' dir='ltr'><em>ad</em></span> <span class='ocrx_word' id='word_1_55' title='bbox 958 522 1143 565; x_wconf 72' lang='lat' dir='ltr'><em>praesentem</em></span> 
     </span>
     <span class='ocr_line' id='line_1_12' title="bbox 251 570 1144 617; baseline -0.004 -9"><span class='ocrx_word' id='word_1_56' title='bbox 251 572 451 616; x_wconf 67' lang='lat' dir='ltr'><em>synodum:</em></span> <span class='ocrx_word' id='word_1_57' title='bbox 479 578 547 608; x_wconf 82' lang='lat' dir='ltr'><em>Nos</em></span> <span class='ocrx_word' id='word_1_58' title='bbox 573 584 700 617; x_wconf 85' lang='lat' dir='ltr'><em>quatuor</em></span> <span class='ocrx_word' id='word_1_59' title='bbox 717 572 830 607; x_wconf 81' lang='lat' dir='ltr'><em>libellos</em></span> <span class='ocrx_word' id='word_1_60' title='bbox 853 571 1069 613; x_wconf 82' lang='lat' dir='ltr'><em>confeceramus</em></span> <span class='ocrx_word' id='word_1_61' title='bbox 1091 570 1144 604; x_wconf 89' lang='lat' dir='ltr'><em>ad-</em></span> 
     </span>
     <span class='ocr_line' id='line_1_13' title="bbox 247 621 1145 668; baseline -0.004 -11"><span class='ocrx_word' id='word_1_62' title='bbox 247 624 366 659; x_wconf 78' lang='lat' dir='ltr'><em>‘versus</em></span> <span class='ocrx_word' id='word_1_63' title='bbox 387 624 588 668; x_wconf 86' lang='lat' dir='ltr'>Episcopum</span> <span class='ocrx_word' id='word_1_64' title='bbox 614 623 761 657; x_wconf 89' lang='lat' dir='ltr'><em>nostrum</em></span> <span class='ocrx_word' id='word_1_65' title='bbox 785 621 900 662; x_wconf 86' lang='lat' dir='ltr'><em>Ibam,</em></span> <span class='ocrx_word' id='word_1_66' title='bbox 926 625 1010 665; x_wconf 87' lang='lat' dir='ltr'><em>Ego,</em></span> <span class='ocrx_word' id='word_1_67' title='bbox 1038 622 1071 654; x_wconf 64' lang='lat' dir='ltr'><em>es</em></span> <span class='ocrx_word' id='word_1_68' title='bbox 1093 625 1145 660; x_wconf 79' lang='lat' dir='ltr'><em>cy-</em></span> 
     </span>
     <span class='ocr_line' id='line_1_14' title="bbox 252 672 1146 718; baseline -0.004 -10"><span class='ocrx_word' id='word_1_69' title='bbox 252 686 311 708; x_wconf 74' lang='lat' dir='ltr'><em>rus</em></span> <span class='ocrx_word' id='word_1_70' title='bbox 322 698 334 715; x_wconf 90' lang='lat'><em>,</em></span> <span class='ocrx_word' id='word_1_71' title='bbox 360 677 395 709; x_wconf 66' lang='grc'>6</span> <span class='ocrx_word' id='word_1_72' title='bbox 405 675 548 718; x_wconf 73' lang='lat' dir='ltr'><em>Eulogius</em></span> <span class='ocrx_word' id='word_1_73' title='bbox 559 699 570 716; x_wconf 92' lang='lat'><em>,</em></span> <span class='ocrx_word' id='word_1_74' title='bbox 596 675 630 707; x_wconf 67' lang='lat'><em>(⁸1</em></span> <span class='ocrx_word' id='word_1_75' title='bbox 640 674 759 706; x_wconf 82' lang='lat' dir='ltr'><em>samuel</em></span> <span class='ocrx_word' id='word_1_76' title='bbox 767 697 778 714; x_wconf 91' lang='lat'>‚</span> <span class='ocrx_word' id='word_1_77' title='bbox 806 674 863 705; x_wconf 88' lang='lat' dir='ltr'><em>duo</em></span> <span class='ocrx_word' id='word_1_78' title='bbox 872 672 1002 705; x_wconf 83' lang='lat' dir='ltr'><em>tulerunt</em></span> <span class='ocrx_word' id='word_1_79' title='bbox 1013 672 1120 705; x_wconf 85' lang='lat' dir='ltr'><em>libellos</em></span> <span class='ocrx_word' id='word_1_80' title='bbox 1136 696 1146 711; x_wconf 87' lang='lat'><em>,</em></span> 
     </span>
     <span class='ocr_line' id='line_1_15' title="bbox 258 721 1148 767; baseline -0.006 -8"><span class='ocrx_word' id='word_1_81' title='bbox 258 723 517 767; x_wconf 57' lang='lat' dir='ltr'><em>&amp;profetqifhnt</em></span> <span class='ocrx_word' id='word_1_82' title='bbox 543 725 729 765; x_wconf 77' lang='lat' dir='ltr'><em>Hierapolim</em></span> <span class='ocrx_word' id='word_1_83' title='bbox 741 746 752 763; x_wconf 91' lang='lat'><em>,</em></span> <span class='ocrx_word' id='word_1_84' title='bbox 778 732 811 755; x_wconf 86' lang='lat' dir='ltr'><em>ut</em></span> <span class='ocrx_word' id='word_1_85' title='bbox 820 721 1027 766; x_wconf 63' lang='lat' dir='ltr'><em>exspeciarent</em></span> <span class='ocrx_word' id='word_1_86' title='bbox 1047 721 1148 754; x_wconf 78' lang='lat' dir='ltr'><em>Archi·</em></span> 
     </span>
     <span class='ocr_line' id='line_1_16' title="bbox 255 771 1133 818; baseline -0.002 -11"><span class='ocrx_word' id='word_1_87' title='bbox 255 773 456 818; x_wconf 71' lang='lat' dir='ltr'><em>Episcopum,</em></span> <span class='ocrx_word' id='word_1_88' title='bbox 484 775 538 808; x_wconf 92' lang='lat' dir='ltr'><em>seu</em></span> <span class='ocrx_word' id='word_1_89' title='bbox 551 771 774 808; x_wconf 77' lang='lat' dir='ltr'>patriarcham</span> <span class='ocrx_word' id='word_1_90' title='bbox 788 797 800 813; x_wconf 91' lang='lat'><em>,</em></span> <span class='ocrx_word' id='word_1_91' title='bbox 827 777 964 806; x_wconf 88' lang='lat' dir='ltr'><em>Domnus</em></span> <span class='ocrx_word' id='word_1_92' title='bbox 975 780 1071 806; x_wconf 80' lang='lat' dir='ltr'><em>autem</em></span> <span class='ocrx_word' id='word_1_93' title='bbox 1092 774 1133 806; x_wconf 82' lang='lat' dir='ltr'><em>Sa</em></span> 
     </span>
     <span class='ocr_line' id='line_1_17' title="bbox 257 821 662 866; baseline -0.01 -7"><span class='ocrx_word' id='word_1_94' title='bbox 257 826 341 860; x_wconf 81' lang='lat' dir='ltr'><em>muel</em></span> <span class='ocrx_word' id='word_1_95' title='bbox 339 827 413 866; x_wconf 81' lang='lat' dir='ltr'><em>jam</em></span> <span class='ocrx_word' id='word_1_96' title='bbox 423 824 502 857; x_wconf 63' lang='lat' dir='ltr'><em>male*</em></span> <span class='ocrx_word' id='word_1_97' title='bbox 514 821 643 856; x_wconf 77' lang='lat' dir='ltr'><em>habebat</em></span> <span class='ocrx_word' id='word_1_98' title='bbox 655 847 662 855; x_wconf 92' lang='lat'>.</span> 
     </span>
    </p>

    <p class='ocr_par' dir='ltr' id='par_1_6' title="bbox 245 872 1145 3022">
     <span class='ocr_line' id='line_1_18' title="bbox 309 872 1145 918; baseline -0.001 -11"><span class='ocrx_word' id='word_1_99' title='bbox 309 874 382 908; x_wconf 84' lang='lat' dir='ltr'><em>lbas</em></span> <span class='ocrx_word' id='word_1_100' title='bbox 401 873 470 907; x_wconf 88' lang='lat' dir='ltr'><em>haec</em></span> <span class='ocrx_word' id='word_1_101' title='bbox 490 874 605 907; x_wconf 86' lang='lat' dir='ltr'><em>omnia</em></span> <span class='ocrx_word' id='word_1_102' title='bbox 626 873 815 918; x_wconf 86' lang='lat' dir='ltr'>ignorabat.</span> <span class='ocrx_word' id='word_1_103' title='bbox 855 872 987 908; x_wconf 89' lang='lat' dir='ltr'><em>Audito</em></span> <span class='ocrx_word' id='word_1_104' title='bbox 1010 881 1121 907; x_wconf 81' lang='lat' dir='ltr'><em>autem</em></span> <span class='ocrx_word' id='word_1_105' title='bbox 1135 894 1145 911; x_wconf 91' lang='lat'><em>,</em></span> 
     </span>
     <span class='ocr_line' id='line_1_19' title="bbox 253 923 1145 969; baseline -0.002 -11"><span class='ocrx_word' id='word_1_106' title='bbox 253 924 347 968; x_wconf 79' lang='lat' dir='ltr'><em>quod</em></span> <span class='ocrx_word' id='word_1_107' title='bbox 358 924 515 958; x_wconf 83' lang='lat' dir='ltr'><em>Domnus</em></span> <span class='ocrx_word' id='word_1_108' title='bbox 526 923 712 962; x_wconf 86' lang='lat' dir='ltr'><em>Patriarcha</em></span> <span class='ocrx_word' id='word_1_109' title='bbox 724 923 934 969; x_wconf 87' lang='lat' dir='ltr'><em>Hierapolim</em></span> <span class='ocrx_word' id='word_1_110' title='bbox 945 923 1145 962; x_wconf 86' lang='lat' dir='ltr'><em>advenisset,</em></span> 
     </span>
     <span class='ocr_line' id='line_1_20' title="bbox 252 973 1144 1018; baseline -0.006 -9"><span class='ocrx_word' id='word_1_111' title='bbox 252 974 336 1009; x_wconf 72' lang='lat' dir='ltr'><em>fecit</em></span> <span class='ocrx_word' id='word_1_112' title='bbox 345 973 436 1018; x_wconf 91' lang='lat' dir='ltr'><em>quod</em></span> <span class='ocrx_word' id='word_1_113' title='bbox 449 973 536 1008; x_wconf 88' lang='lat' dir='ltr'>dixit</span> <span class='ocrx_word' id='word_1_114' title='bbox 548 974 584 1009; x_wconf 90' lang='lat' dir='ltr'><em>in</em></span> <span class='ocrx_word' id='word_1_115' title='bbox 598 974 712 1009; x_wconf 83' lang='lat' dir='ltr'><em>eadem</em></span> <span class='ocrx_word' id='word_1_116' title='bbox 733 973 872 1018; x_wconf 90' lang='lat' dir='ltr'><em>Synodo</em></span> <span class='ocrx_word' id='word_1_117' title='bbox 883 974 1047 1018; x_wconf 84' lang='lat' dir='ltr'><em>praesenti:</em></span> <span class='ocrx_word' id='word_1_118' title='bbox 1071 975 1144 1005; x_wconf 81' lang='lat' dir='ltr'><em>san-</em></span> 
     </span>
     <span class='ocr_line' id='line_1_21' title="bbox 251 1023 1144 1069; baseline -0.001 -12"><span class='ocrx_word' id='word_1_119' title='bbox 251 1024 390 1065; x_wconf 66' lang='lat' dir='ltr'><em>‹Jffmus</em></span> <span class='ocrx_word' id='word_1_120' title='bbox 400 1023 669 1069; x_wconf 66' lang='lat' dir='ltr'><em>Archi-Episcopus</em></span> <span class='ocrx_word' id='word_1_121' title='bbox 688 1024 783 1066; x_wconf 85' lang='lat' dir='ltr'><em>noster</em></span> <span class='ocrx_word' id='word_1_122' title='bbox 804 1026 932 1058; x_wconf 84' lang='lat' dir='ltr'><em>advenit</em></span> <span class='ocrx_word' id='word_1_123' title='bbox 952 1029 984 1058; x_wconf 85' lang='lat' dir='ltr'><em>in</em></span> <span class='ocrx_word' id='word_1_124' title='bbox 1005 1028 1144 1066; x_wconf 83' lang='lat' dir='ltr'><em>Hierapo-</em></span> 
     </span>
     <span class='ocr_line' id='line_1_22' title="bbox 251 1072 1141 1119; baseline 0 -12"><span class='ocrx_word' id='word_1_125' title='bbox 251 1072 311 1108; x_wconf 70' lang='lat' dir='ltr'><em>lim</em></span> <span class='ocrx_word' id='word_1_126' title='bbox 322 1098 333 1114; x_wconf 96' lang='lat'><em>,</em></span> <span class='ocrx_word' id='word_1_127' title='bbox 360 1083 395 1108; x_wconf 88' lang='lat' dir='ltr'><em>ut</em></span> <span class='ocrx_word' id='word_1_128' title='bbox 405 1078 555 1109; x_wconf 74' lang='lat' dir='ltr'><em>Damnum</em></span> <span class='ocrx_word' id='word_1_129' title='bbox 567 1077 588 1109; x_wconf 85' lang='lat'><em>5</em></span> <span class='ocrx_word' id='word_1_130' title='bbox 589 1074 751 1118; x_wconf 81' lang='lat' dir='ltr'><em>tepbanum</em></span> <span class='ocrx_word' id='word_1_131' title='bbox 763 1074 982 1109; x_wconf 75' lang='lat' dir='ltr'><em>inthronizaret</em></span> <span class='ocrx_word' id='word_1_132' title='bbox 998 1072 1141 1119; x_wconf 82' lang='lat' dir='ltr'><em>religiofis-</em></span> 
     </span>
     <span class='ocr_line' id='line_1_23' title="bbox 250 1119 1143 1169; baseline 0 -12"><span class='ocrx_word' id='word_1_133' title='bbox 250 1119 356 1166; x_wconf 67' lang='lat' dir='ltr'><em>fimum</em></span> <span class='ocrx_word' id='word_1_134' title='bbox 367 1124 545 1169; x_wconf 76' lang='lat' dir='ltr'><em>Episcopum</em></span> <span class='ocrx_word' id='word_1_135' title='bbox 557 1150 564 1158; x_wconf 91' lang='lat'>.</span> <span class='ocrx_word' id='word_1_136' title='bbox 592 1131 661 1159; x_wconf 85' lang='lat' dir='ltr'><em>Nos</em></span> <span class='ocrx_word' id='word_1_137' title='bbox 671 1126 818 1160; x_wconf 82' lang='lat' dir='ltr'><em>voluimus</em></span> <span class='ocrx_word' id='word_1_138' title='bbox 839 1137 907 1169; x_wconf 83' lang='lat' dir='ltr'><em>quae</em></span> <span class='ocrx_word' id='word_1_139' title='bbox 927 1124 1143 1169; x_wconf 72' lang='lat' dir='ltr'><em>consuetudinis</em></span> 
     </span>
     <span class='ocr_line' id='line_1_24' title="bbox 250 1170 1143 1221; baseline 0 -14"><span class='ocrx_word' id='word_1_140' title='bbox 250 1170 327 1218; x_wconf 78' lang='lat' dir='ltr'><em>sunt</em></span> <span class='ocrx_word' id='word_1_141' title='bbox 340 1175 460 1217; x_wconf 77' lang='lat' dir='ltr'><em>explere</em></span> <span class='ocrx_word' id='word_1_142' title='bbox 470 1198 482 1215; x_wconf 90' lang='lat'>‚</span> <span class='ocrx_word' id='word_1_143' title='bbox 507 1178 596 1216; x_wconf 70' lang='lat' dir='ltr'><em>&amp;ire</em></span> <span class='ocrx_word' id='word_1_144' title='bbox 607 1175 782 1221; x_wconf 68' lang='lat' dir='ltr'><em>&amp;salutare</em></span> <span class='ocrx_word' id='word_1_145' title='bbox 799 1188 867 1212; x_wconf 86' lang='lat' dir='ltr'><em>eum</em></span> <span class='ocrx_word' id='word_1_146' title='bbox 885 1182 919 1209; x_wconf 91' lang='lat' dir='ltr'><em>in</em></span> <span class='ocrx_word' id='word_1_147' title='bbox 941 1177 1123 1218; x_wconf 81' lang='lat' dir='ltr'><em>Hierapolim</em></span> <span class='ocrx_word' id='word_1_148' title='bbox 1135 1199 1143 1212; x_wconf 83' lang='grc'><strong><em>,</em></strong></span> 
     </span>
     <span class='ocr_line' id='line_1_25' title="bbox 255 1226 1143 1269; baseline 0.001 -13"><span class='ocrx_word' id='word_1_149' title='bbox 255 1227 340 1257; x_wconf 85' lang='lat' dir='ltr'><em>Dum</em></span> <span class='ocrx_word' id='word_1_150' title='bbox 358 1226 551 1268; x_wconf 85' lang='lat' dir='ltr'><em>egredimur,</em></span> <span class='ocrx_word' id='word_1_151' title='bbox 578 1228 668 1261; x_wconf 83' lang='lat' dir='ltr'><em>audio</em></span> <span class='ocrx_word' id='word_1_152' title='bbox 684 1231 757 1269; x_wconf 88' lang='lat' dir='ltr'><em>quia</em></span> <span class='ocrx_word' id='word_1_153' title='bbox 778 1228 899 1266; x_wconf 77' lang='lat' dir='ltr'><em>Samuel</em></span> <span class='ocrx_word' id='word_1_154' title='bbox 916 1226 951 1260; x_wconf 65' lang='grc' dir='ltr'><em>Θ·</em></span> <span class='ocrx_word' id='word_1_155' title='bbox 972 1229 1062 1265; x_wconf 79' lang='lat' dir='ltr'><em>Cyrus</em></span> <span class='ocrx_word' id='word_1_156' title='bbox 1072 1228 1143 1267; x_wconf 84' lang='lat' dir='ltr'><em>jam</em></span> 
     </span>
     <span class='ocr_line' id='line_1_26' title="bbox 254 1273 1143 1323; baseline 0.001 -16"><span class='ocrx_word' id='word_1_157' title='bbox 254 1273 311 1307; x_wconf 85' lang='lat' dir='ltr'><em>buc</em></span> <span class='ocrx_word' id='word_1_158' title='bbox 322 1284 472 1308; x_wconf 84' lang='lat' dir='ltr'><em>venerunt</em></span> <span class='ocrx_word' id='word_1_159' title='bbox 480 1277 525 1309; x_wconf 78' lang='lat' dir='ltr'><em>ad</em></span> <span class='ocrx_word' id='word_1_160' title='bbox 533 1275 732 1323; x_wconf 87' lang='lat' dir='ltr'><em>accusandum</em></span> <span class='ocrx_word' id='word_1_161' title='bbox 742 1289 796 1310; x_wconf 87' lang='lat' dir='ltr'><em>nos</em></span> <span class='ocrx_word' id='word_1_162' title='bbox 808 1301 819 1318; x_wconf 94' lang='lat'><em>,</em></span> <span class='ocrx_word' id='word_1_163' title='bbox 833 1275 1061 1320; x_wconf 71' lang='lat' dir='ltr'><em>subscriptiones</em></span> <span class='ocrx_word' id='word_1_164' title='bbox 1072 1286 1143 1309; x_wconf 82' lang='lat' dir='ltr'><em>non-</em></span> 
     </span>
     <span class='ocr_line' id='line_1_27' title="bbox 253 1323 1142 1368; baseline 0 -11"><span class='ocrx_word' id='word_1_165' title='bbox 253 1323 402 1358; x_wconf 74' lang='lat' dir='ltr'><em>nullorum</em></span> <span class='ocrx_word' id='word_1_166' title='bbox 411 1325 590 1363; x_wconf 74' lang='lat' dir='ltr'><em>elericorum</em></span> <span class='ocrx_word' id='word_1_167' title='bbox 600 1332 790 1368; x_wconf 75' lang='lat' dir='ltr'><em>accipientes.</em></span> <span class='ocrx_word' id='word_1_168' title='bbox 818 1325 965 1368; x_wconf 80' lang='lat' dir='ltr'><em>Confiteor</em></span> <span class='ocrx_word' id='word_1_169' title='bbox 986 1331 1058 1368; x_wconf 86' lang='lat' dir='ltr'><em>quia</em></span> <span class='ocrx_word' id='word_1_170' title='bbox 1076 1336 1142 1358; x_wconf 90' lang='lat' dir='ltr'><em>con-</em></span> 
     </span>
     <span class='ocr_line' id='line_1_28' title="bbox 254 1376 1142 1421; baseline 0.002 -13"><span class='ocrx_word' id='word_1_171' title='bbox 254 1376 490 1409; x_wconf 70' lang='lat' dir='ltr'><em>vocaviCIer-um</em></span> <span class='ocrx_word' id='word_1_172' title='bbox 500 1400 512 1417; x_wconf 96' lang='lat'><em>,</em></span> <span class='ocrx_word' id='word_1_173' title='bbox 538 1378 573 1411; x_wconf 66' lang='grc' dir='ltr'><em>(β’</em></span> <span class='ocrx_word' id='word_1_174' title='bbox 585 1378 653 1409; x_wconf 83' lang='lat' dir='ltr'><em>dixi</em></span> <span class='ocrx_word' id='word_1_175' title='bbox 670 1388 716 1410; x_wconf 92' lang='lat' dir='ltr'><em>me</em></span> <span class='ocrx_word' id='word_1_176' title='bbox 726 1378 855 1421; x_wconf 82' lang='lat' dir='ltr'><em>audiffe,</em></span> <span class='ocrx_word' id='word_1_177' title='bbox 881 1382 953 1418; x_wconf 85' lang='lat' dir='ltr'><em>quia</em></span> <span class='ocrx_word' id='word_1_178' title='bbox 972 1377 1093 1409; x_wconf 80' lang='lat' dir='ltr'><em>samuel</em></span> <span class='ocrx_word' id='word_1_179' title='bbox 1107 1378 1142 1410; x_wconf 63' lang='lat' dir='ltr'><em>dr</em></span> 
     </span>
     <span class='ocr_line' id='line_1_29' title="bbox 253 1425 1139 1473; baseline 0.001 -17"><span class='ocrx_word' id='word_1_180' title='bbox 253 1427 350 1463; x_wconf 70' lang='lat' dir='ltr'><em>cyrus</em></span> <span class='ocrx_word' id='word_1_181' title='bbox 362 1434 511 1463; x_wconf 78' lang='lat' dir='ltr'><em>venerunt</em></span> <span class='ocrx_word' id='word_1_182' title='bbox 532 1428 579 1460; x_wconf 84' lang='lat' dir='ltr'><em>ad</em></span> <span class='ocrx_word' id='word_1_183' title='bbox 597 1425 798 1473; x_wconf 78' lang='lat' dir='ltr'><em>accusandum</em></span> <span class='ocrx_word' id='word_1_184' title='bbox 820 1438 872 1460; x_wconf 85' lang='lat' dir='ltr'><em>nos</em></span> <span class='ocrx_word' id='word_1_185' title='bbox 886 1451 894 1458; x_wconf 90' lang='lat'><em>.</em></span> <span class='ocrx_word' id='word_1_186' title='bbox 920 1426 982 1463; x_wconf 72' lang='lat' dir='ltr'><em>Sed</em></span> <span class='ocrx_word' id='word_1_187' title='bbox 1000 1428 1035 1460; x_wconf 74' lang='lat'><em>&amp;</em></span> <span class='ocrx_word' id='word_1_188' title='bbox 1050 1425 1139 1460; x_wconf 76' lang='lat' dir='ltr'><em>vobis</em></span> 
     </span>
     <span class='ocr_line' id='line_1_30' title="bbox 253 1474 1140 1520; baseline -0.001 -12"><span class='ocrx_word' id='word_1_189' title='bbox 253 1476 325 1508; x_wconf 72' lang='lat' dir='ltr'><em>dixi</em></span> <span class='ocrx_word' id='word_1_190' title='bbox 331 1499 343 1516; x_wconf 88' lang='lat'><em>,</em></span> <span class='ocrx_word' id='word_1_191' title='bbox 364 1474 395 1518; x_wconf 87' lang='lat' dir='ltr'><em>fi</em></span> <span class='ocrx_word' id='word_1_192' title='bbox 399 1481 467 1519; x_wconf 81' lang='lat' dir='ltr'><em>quis</em></span> <span class='ocrx_word' id='word_1_193' title='bbox 478 1481 511 1512; x_wconf 77' lang='lat' dir='ltr'><em>in</em></span> <span class='ocrx_word' id='word_1_194' title='bbox 516 1475 643 1520; x_wconf 62' lang='lat' dir='ltr'><em>scriptis</em></span> <span class='ocrx_word' id='word_1_195' title='bbox 654 1481 914 1514; x_wconf 76' lang='lat' dir='ltr'><em>communicaverit</em></span> <span class='ocrx_word' id='word_1_196' title='bbox 922 1483 964 1511; x_wconf 88' lang='lat' dir='ltr'><em>eis</em></span> <span class='ocrx_word' id='word_1_197' title='bbox 977 1481 1009 1509; x_wconf 87' lang='lat' dir='ltr'><em>in</em></span> <span class='ocrx_word' id='word_1_198' title='bbox 1020 1476 1140 1516; x_wconf 83' lang='lat' dir='ltr'><em>libellis,</em></span> 
     </span>
     <span class='ocr_line' id='line_1_31' title="bbox 253 1526 1140 1571; baseline 0.002 -13"><span class='ocrx_word' id='word_1_199' title='bbox 253 1526 343 1558; x_wconf 82' lang='lat' dir='ltr'><em>donec</em></span> <span class='ocrx_word' id='word_1_200' title='bbox 349 1528 457 1564; x_wconf 88' lang='lat' dir='ltr'><em>videat</em></span> <span class='ocrx_word' id='word_1_201' title='bbox 468 1537 555 1570; x_wconf 86' lang='lat' dir='ltr'><em>quem</em></span> <span class='ocrx_word' id='word_1_202' title='bbox 560 1528 654 1570; x_wconf 83' lang='lat' dir='ltr'><em>finem</em></span> <span class='ocrx_word' id='word_1_203' title='bbox 668 1526 757 1571; x_wconf 88' lang='lat' dir='ltr'><em>causa</em></span> <span class='ocrx_word' id='word_1_204' title='bbox 763 1526 904 1571; x_wconf 81' lang='lat' dir='ltr'><em>suscipiet</em></span> <span class='ocrx_word' id='word_1_205' title='bbox 913 1553 923 1568; x_wconf 93' lang='lat'><em>,</em></span> <span class='ocrx_word' id='word_1_206' title='bbox 950 1538 1008 1560; x_wconf 86' lang='lat' dir='ltr'><em>non</em></span> <span class='ocrx_word' id='word_1_207' title='bbox 1017 1538 1140 1560; x_wconf 85' lang='lat' dir='ltr'><em>commu-</em></span> 
     </span>
     <span class='ocr_line' id='line_1_32' title="bbox 251 1577 1142 1621; baseline 0.002 -13"><span class='ocrx_word' id='word_1_208' title='bbox 251 1580 331 1608; x_wconf 79' lang='lat' dir='ltr'><em>nicee</em></span> <span class='ocrx_word' id='word_1_209' title='bbox 341 1599 348 1606; x_wconf 87' lang='lat'><strong>.</strong></span> <span class='ocrx_word' id='word_1_210' title='bbox 375 1577 517 1621; x_wconf 73' lang='lat' dir='ltr'><em>Largius</em></span> <span class='ocrx_word' id='word_1_211' title='bbox 528 1577 594 1612; x_wconf 82' lang='lat' dir='ltr'><em>haec</em></span> <span class='ocrx_word' id='word_1_212' title='bbox 611 1579 646 1612; x_wconf 67' lang='grc' dir='ltr'><em>ὃς</em></span> <span class='ocrx_word' id='word_1_213' title='bbox 658 1578 863 1621; x_wconf 77' lang='lat' dir='ltr'><em>aliquantum</em></span> <span class='ocrx_word' id='word_1_214' title='bbox 885 1578 978 1611; x_wconf 87' lang='lat' dir='ltr'><em>aliter</em></span> <span class='ocrx_word' id='word_1_215' title='bbox 989 1577 1142 1620; x_wconf 84' lang='lat' dir='ltr'>exposuit</span> 
     </span>
     <span class='ocr_line' id='line_1_33' title="bbox 251 1625 1142 1671; baseline 0.002 -13"><span class='ocrx_word' id='word_1_216' title='bbox 251 1625 366 1660; x_wconf 85' lang='lat' dir='ltr'>Maras</span> <span class='ocrx_word' id='word_1_217' title='bbox 377 1626 549 1671; x_wconf 82' lang='lat' dir='ltr'>Presbyter</span> <span class='ocrx_word' id='word_1_218' title='bbox 559 1641 570 1661; x_wconf 80' lang='grc'><em>.-</em></span> <span class='ocrx_word' id='word_1_219' title='bbox 597 1631 785 1661; x_wconf 80' lang='lat' dir='ltr'><em>Convocavit</em></span> <span class='ocrx_word' id='word_1_220' title='bbox 806 1627 879 1661; x_wconf 89' lang='lat' dir='ltr'><em>Ibas</em></span> <span class='ocrx_word' id='word_1_221' title='bbox 890 1627 1073 1671; x_wconf 84' lang='lat' dir='ltr'>Episcopus</span> <span class='ocrx_word' id='word_1_222' title='bbox 1085 1639 1142 1660; x_wconf 85' lang='lat' dir='ltr'><em>om·</em></span> 
     </span>
     <span class='ocr_line' id='line_1_34' title="bbox 253 1677 1142 1722; baseline 0.002 -14"><span class='ocrx_word' id='word_1_223' title='bbox 253 1686 308 1709; x_wconf 87' lang='lat' dir='ltr'><em>nes</em></span> <span class='ocrx_word' id='word_1_224' title='bbox 318 1680 351 1708; x_wconf 88' lang='lat' dir='ltr'><em>in</em></span> <span class='ocrx_word' id='word_1_225' title='bbox 364 1677 526 1710; x_wconf 76' lang='lat' dir='ltr'><em>secretario</em></span> <span class='ocrx_word' id='word_1_226' title='bbox 537 1701 548 1718; x_wconf 91' lang='lat'><em>,</em></span> <span class='ocrx_word' id='word_1_227' title='bbox 574 1679 609 1712; x_wconf 69' lang='lat' dir='ltr'><em>(tr</em></span> <span class='ocrx_word' id='word_1_228' title='bbox 621 1679 701 1710; x_wconf 84' lang='lat' dir='ltr'><em>dixit</em></span> <span class='ocrx_word' id='word_1_229' title='bbox 713 1702 723 1718; x_wconf 93' lang='lat'><em>,</em></span> <span class='ocrx_word' id='word_1_230' title='bbox 750 1680 904 1722; x_wconf 74' lang='lat' dir='ltr'><em>,Quoniam</em></span> <span class='ocrx_word' id='word_1_231' title='bbox 913 1679 1044 1718; x_wconf 86' lang='lat' dir='ltr'><em>audivi,</em></span> <span class='ocrx_word' id='word_1_232' title='bbox 1070 1683 1142 1719; x_wconf 89' lang='lat' dir='ltr'><em>quia</em></span> 
     </span>
     <span class='ocr_line' id='line_1_35' title="bbox 253 1726 1143 1772; baseline 0.002 -15"><span class='ocrx_word' id='word_1_233' title='bbox 253 1728 347 1764; x_wconf 74' lang='lat' dir='ltr'><em>Cyrus</em></span> <span class='ocrx_word' id='word_1_234' title='bbox 359 1727 394 1759; x_wconf 64' lang='lat' dir='ltr'><em>&lt;u</em></span> <span class='ocrx_word' id='word_1_235' title='bbox 403 1729 548 1772; x_wconf 83' lang='lat' dir='ltr'><em>Eulogius</em></span> <span class='ocrx_word' id='word_1_236' title='bbox 555 1727 683 1769; x_wconf 64' lang='lat' dir='ltr'><em>profe&amp;</em></span> <span class='ocrx_word' id='word_1_237' title='bbox 689 1726 761 1771; x_wconf 88' lang='lat' dir='ltr'><em>sunt</em></span> <span class='ocrx_word' id='word_1_238' title='bbox 771 1737 805 1761; x_wconf 89' lang='lat' dir='ltr'><em>ut</em></span> <span class='ocrx_word' id='word_1_239' title='bbox 815 1740 861 1761; x_wconf 90' lang='lat' dir='ltr'><em>me</em></span> <span class='ocrx_word' id='word_1_240' title='bbox 872 1726 1044 1769; x_wconf 74' lang='lat' dir='ltr'><em>accusarent</em></span> <span class='ocrx_word' id='word_1_241' title='bbox 1057 1753 1067 1768; x_wconf 93' lang='lat'>‚</span> <span class='ocrx_word' id='word_1_242' title='bbox 1092 1727 1143 1760; x_wconf 88' lang='lat' dir='ltr'><em>hos</em></span> 
     </span>
     <span class='ocr_line' id='line_1_36' title="bbox 251 1775 1142 1822; baseline 0.006 -16"><span class='ocrx_word' id='word_1_243' title='bbox 251 1777 482 1812; x_wconf 55' lang='lat' dir='ltr'><em>&amp;communione</em></span> <span class='ocrx_word' id='word_1_244' title='bbox 498 1776 663 1820; x_wconf 72' lang='lat' dir='ltr'><em>suspendi,</em></span> <span class='ocrx_word' id='word_1_245' title='bbox 688 1786 721 1810; x_wconf 86' lang='lat' dir='ltr'><em>ut</em></span> <span class='ocrx_word' id='word_1_246' title='bbox 739 1775 917 1822; x_wconf 71' lang='lat' dir='ltr'><em>cognoscatis</em></span> <span class='ocrx_word' id='word_1_247' title='bbox 937 1783 1009 1818; x_wconf 84' lang='lat' dir='ltr'><em>quia</em></span> <span class='ocrx_word' id='word_1_248' title='bbox 1029 1789 1142 1811; x_wconf 84' lang='lat' dir='ltr'><em>excom-</em></span> 
     </span>
     <span class='ocr_line' id='line_1_37' title="bbox 252 1825 1138 1869; baseline 0.002 -11"><span class='ocrx_word' id='word_1_249' title='bbox 252 1825 494 1869; x_wconf 83' lang='lat' dir='ltr'><em>municatisunt.</em></span> <span class='ocrx_word' id='word_1_250' title='bbox 519 1829 627 1869; x_wconf 80' lang='lat' dir='ltr'><em>Siquis</em></span> <span class='ocrx_word' id='word_1_251' title='bbox 635 1834 735 1861; x_wconf 80' lang='lat' dir='ltr'><em>autem</em></span> <span class='ocrx_word' id='word_1_252' title='bbox 757 1833 801 1860; x_wconf 75' lang='lat' dir='ltr'><em>ets</em></span> <span class='ocrx_word' id='word_1_253' title='bbox 823 1832 855 1859; x_wconf 84' lang='lat' dir='ltr'><em>in</em></span> <span class='ocrx_word' id='word_1_254' title='bbox 876 1827 984 1860; x_wconf 82' lang='lat' dir='ltr'><em>libellis</em></span> <span class='ocrx_word' id='word_1_255' title='bbox 1005 1836 1138 1869; x_wconf 85' lang='lat' dir='ltr'><em>coopera-</em></span> 
     </span>
     <span class='ocr_line' id='line_1_38' title="bbox 251 1875 1136 1920; baseline 0.001 -11"><span class='ocrx_word' id='word_1_256' title='bbox 251 1884 302 1909; x_wconf 77' lang='lat' dir='ltr'><em>eus</em></span> <span class='ocrx_word' id='word_1_257' title='bbox 312 1875 350 1912; x_wconf 72' lang='lat' dir='ltr'><em>cll</em></span> <span class='ocrx_word' id='word_1_258' title='bbox 360 1899 371 1915; x_wconf 93' lang='lat'><em>,</em></span> <span class='ocrx_word' id='word_1_259' title='bbox 396 1876 450 1909; x_wconf 84' lang='lat' dir='ltr'><em>vel</em></span> <span class='ocrx_word' id='word_1_260' title='bbox 457 1875 584 1920; x_wconf 52' lang='lat' dir='ltr'><em>consitus</em></span> <span class='ocrx_word' id='word_1_261' title='bbox 593 1875 632 1917; x_wconf 76' lang='lat' dir='ltr'><em>est</em></span> <span class='ocrx_word' id='word_1_262' title='bbox 643 1902 652 1918; x_wconf 93' lang='lat'><em>,</em></span> <span class='ocrx_word' id='word_1_263' title='bbox 679 1882 819 1919; x_wconf 86' lang='lat' dir='ltr'><em>quoniam</em></span> <span class='ocrx_word' id='word_1_264' title='bbox 829 1877 918 1910; x_wconf 87' lang='lat' dir='ltr'><em>audio</em></span> <span class='ocrx_word' id='word_1_265' title='bbox 938 1878 1020 1917; x_wconf 83' lang='lat' dir='ltr'><em>quod</em></span> <span class='ocrx_word' id='word_1_266' title='bbox 1030 1883 1136 1920; x_wconf 85' lang='lat' dir='ltr'><em>trigin-</em></span> 
     </span>
     <span class='ocr_line' id='line_1_39' title="bbox 252 1923 1136 1970; baseline 0 -11"><span class='ocrx_word' id='word_1_267' title='bbox 252 1935 289 1959; x_wconf 83' lang='lat' dir='ltr'><em>ta</em></span> <span class='ocrx_word' id='word_1_268' title='bbox 293 1923 365 1968; x_wconf 89' lang='lat' dir='ltr'><em>sunt</em></span> <span class='ocrx_word' id='word_1_269' title='bbox 379 1926 507 1965; x_wconf 84' lang='lat' dir='ltr'><em>Clerici,</em></span> <span class='ocrx_word' id='word_1_270' title='bbox 531 1933 635 1970; x_wconf 80' lang='lat' dir='ltr'><em>quiet:</em></span> <span class='ocrx_word' id='word_1_271' title='bbox 648 1925 872 1970; x_wconf 83' lang='lat' dir='ltr'><em>consenserunt,</em></span> <span class='ocrx_word' id='word_1_272' title='bbox 903 1938 1003 1960; x_wconf 89' lang='lat' dir='ltr'><em>eorum</em></span> <span class='ocrx_word' id='word_1_273' title='bbox 1017 1928 1136 1960; x_wconf 80' lang='lat' dir='ltr'><em>dimmo</em></span> 
     </span>
     <span class='ocr_line' id='line_1_40' title="bbox 248 1973 1140 2018; baseline 0.002 -10"><span class='ocrx_word' id='word_1_274' title='bbox 248 1973 426 2018; x_wconf 82' lang='lat' dir='ltr'><em>sententiae.</em></span> <span class='ocrx_word' id='word_1_275' title='bbox 463 1977 584 2011; x_wconf 84' lang='lat' dir='ltr'><em>Clerici</em></span> <span class='ocrx_word' id='word_1_276' title='bbox 604 1979 636 2011; x_wconf 85' lang='lat' dir='ltr'><em>se</em></span> <span class='ocrx_word' id='word_1_277' title='bbox 662 1978 703 2011; x_wconf 88' lang='lat' dir='ltr'><em>ab</em></span> <span class='ocrx_word' id='word_1_278' title='bbox 726 1977 784 2011; x_wconf 77' lang='lat' dir='ltr'><em>lba</em></span> <span class='ocrx_word' id='word_1_279' title='bbox 807 1978 1140 2017; x_wconf 83' lang='lat' dir='ltr'><em>excommunicatos,</em></span> 
     </span>
     <span class='ocr_line' id='line_1_41' title="bbox 251 2024 1139 2062; baseline 0.007 -6"><span class='ocrx_word' id='word_1_280' title='bbox 251 2024 324 2059; x_wconf 83' lang='lat' dir='ltr'><em>lbas</em></span> <span class='ocrx_word' id='word_1_281' title='bbox 345 2025 402 2058; x_wconf 87' lang='lat' dir='ltr'><em>fibi</em></span> <span class='ocrx_word' id='word_1_282' title='bbox 422 2025 463 2062; x_wconf 82' lang='lat' dir='ltr'><em>ab</em></span> <span class='ocrx_word' id='word_1_283' title='bbox 484 2027 550 2061; x_wconf 89' lang='lat' dir='ltr'><em>illis</em></span> <span class='ocrx_word' id='word_1_284' title='bbox 576 2027 850 2062; x_wconf 86' lang='lat' dir='ltr'><em>communionem</em></span> <span class='ocrx_word' id='word_1_285' title='bbox 874 2027 1066 2061; x_wconf 66' lang='lat' dir='ltr'><em>subtractam</em></span> <span class='ocrx_word' id='word_1_286' title='bbox 1092 2026 1139 2062; x_wconf 84' lang='lat' dir='ltr'><em>est</em></span> 
     </span>
     <span class='ocr_line' id='line_1_42' title="bbox 253 2074 1144 2121; baseline 0.003 -14"><span class='ocrx_word' id='word_1_287' title='bbox 253 2074 383 2117; x_wconf 87' lang='lat' dir='ltr'><em>questus</em></span> <span class='ocrx_word' id='word_1_288' title='bbox 396 2100 404 2108; x_wconf 94' lang='lat'><strong>.</strong></span> <span class='ocrx_word' id='word_1_289' title='bbox 435 2076 491 2110; x_wconf 92' lang='lat' dir='ltr'><em>Ut</em></span> <span class='ocrx_word' id='word_1_290' title='bbox 501 2086 538 2109; x_wconf 91' lang='lat' dir='ltr'><em>ut</em></span> <span class='ocrx_word' id='word_1_291' title='bbox 551 2077 591 2110; x_wconf 86' lang='lat' dir='ltr'><em>sit</em></span> <span class='ocrx_word' id='word_1_292' title='bbox 600 2101 611 2117; x_wconf 92' lang='lat'>‚</span> <span class='ocrx_word' id='word_1_293' title='bbox 637 2087 694 2110; x_wconf 86' lang='lat' dir='ltr'><em>eos</em></span> <span class='ocrx_word' id='word_1_294' title='bbox 705 2088 869 2120; x_wconf 86' lang='lat' dir='ltr'>perperam</span> <span class='ocrx_word' id='word_1_295' title='bbox 881 2077 984 2121; x_wconf 88' lang='lat' dir='ltr'>egisse</span> <span class='ocrx_word' id='word_1_296' title='bbox 1007 2076 1062 2111; x_wconf 91' lang='lat' dir='ltr'><em>hic</em></span> <span class='ocrx_word' id='word_1_297' title='bbox 1073 2089 1144 2111; x_wconf 88' lang='lat' dir='ltr'><em>om-</em></span> 
     </span>
     <span class='ocr_line' id='line_1_43' title="bbox 252 2123 1142 2171; baseline 0.003 -14"><span class='ocrx_word' id='word_1_298' title='bbox 252 2123 336 2158; x_wconf 78' lang='lat' dir='ltr'><em>nino</em></span> <span class='ocrx_word' id='word_1_299' title='bbox 358 2124 519 2167; x_wconf 87' lang='lat' dir='ltr'><em>credidit,</em></span> <span class='ocrx_word' id='word_1_300' title='bbox 554 2125 696 2171; x_wconf 77' lang='lat' dir='ltr'><em>ideoque</em></span> <span class='ocrx_word' id='word_1_301' title='bbox 719 2137 835 2162; x_wconf 91' lang='lat' dir='ltr'><em>omnes</em></span> <span class='ocrx_word' id='word_1_302' title='bbox 857 2127 930 2168; x_wconf 88' lang='lat' dir='ltr'><em>ipfis</em></span> <span class='ocrx_word' id='word_1_303' title='bbox 949 2137 1142 2170; x_wconf 84' lang='lat' dir='ltr'>cooperatos</span> 
     </span>
     <span class='ocr_line' id='line_1_44' title="bbox 251 2176 1144 2221; baseline 0.002 -13"><span class='ocrx_word' id='word_1_304' title='bbox 251 2183 309 2208; x_wconf 83' lang='lat' dir='ltr'><em>aut</em></span> <span class='ocrx_word' id='word_1_305' title='bbox 318 2184 551 2218; x_wconf 86' lang='lat' dir='ltr'>cooperaturos</span> <span class='ocrx_word' id='word_1_306' title='bbox 563 2177 580 2209; x_wconf 73' lang='lat' dir='ltr'><em>a</em></span> <span class='ocrx_word' id='word_1_307' title='bbox 592 2177 834 2211; x_wconf 87' lang='lat' dir='ltr'><em>communione</em></span> <span class='ocrx_word' id='word_1_308' title='bbox 854 2176 886 2210; x_wconf 78' lang='grc' dir='ltr'>ἀ</span> <span class='ocrx_word' id='word_1_309' title='bbox 898 2177 953 2210; x_wconf 91' lang='lat' dir='ltr'><em>sua</em></span> <span class='ocrx_word' id='word_1_310' title='bbox 964 2177 1066 2221; x_wconf 87' lang='lat' dir='ltr'><em>gratia</em></span> <span class='ocrx_word' id='word_1_311' title='bbox 1080 2177 1144 2210; x_wconf 92' lang='lat' dir='ltr'><em>sus-</em></span> 
     </span>
     <span class='ocr_line' id='line_1_45' title="bbox 250 2224 1140 2269; baseline 0.003 -12"><span class='ocrx_word' id='word_1_312' title='bbox 250 2224 387 2268; x_wconf 85' lang='lat' dir='ltr'>pendit,</span> <span class='ocrx_word' id='word_1_313' title='bbox 415 2225 531 2260; x_wconf 89' lang='lat' dir='ltr'><em>volens</em></span> <span class='ocrx_word' id='word_1_314' title='bbox 551 2228 680 2261; x_wconf 84' lang='lat' dir='ltr'><em>causam</em></span> <span class='ocrx_word' id='word_1_315' title='bbox 703 2237 781 2260; x_wconf 89' lang='lat' dir='ltr'><em>cum</em></span> <span class='ocrx_word' id='word_1_316' title='bbox 796 2226 869 2269; x_wconf 83' lang='lat' dir='ltr'><em>ipsis</em></span> <span class='ocrx_word' id='word_1_317' title='bbox 891 2227 968 2261; x_wconf 89' lang='lat' dir='ltr'><em>solis</em></span> <span class='ocrx_word' id='word_1_318' title='bbox 991 2225 1140 2261; x_wconf 87' lang='lat' dir='ltr'><em>ventilari</em></span> 
     </span>
     <span class='ocr_line' id='line_1_46' title="bbox 250 2275 1141 2320; baseline 0.002 -12"><span class='ocrx_word' id='word_1_319' title='bbox 250 2286 349 2318; x_wconf 86' lang='lat' dir='ltr'><em>atque</em></span> <span class='ocrx_word' id='word_1_320' title='bbox 370 2275 474 2309; x_wconf 86' lang='lat' dir='ltr'><em>finiri.</em></span> <span class='ocrx_word' id='word_1_321' title='bbox 502 2276 550 2310; x_wconf 88' lang='lat' dir='ltr'><em>Ita</em></span> <span class='ocrx_word' id='word_1_322' title='bbox 560 2277 671 2311; x_wconf 88' lang='lat' dir='ltr'>turbas</span> <span class='ocrx_word' id='word_1_323' title='bbox 681 2275 901 2312; x_wconf 84' lang='lat' dir='ltr'><em>excludendas</em></span> <span class='ocrx_word' id='word_1_324' title='bbox 923 2277 1080 2320; x_wconf 84' lang='lat' dir='ltr'><em>speravit,</em></span> <span class='ocrx_word' id='word_1_325' title='bbox 1106 2277 1141 2310; x_wconf 86' lang='lat'>&amp;</span> 
     </span>
     <span class='ocr_line' id='line_1_47' title="bbox 247 2325 1142 2372; baseline 0 -12"><span class='ocrx_word' id='word_1_326' title='bbox 247 2325 400 2360; x_wconf 75' lang='lat' dir='ltr'><em>Ecclesia:</em></span> <span class='ocrx_word' id='word_1_327' title='bbox 417 2326 489 2368; x_wconf 85' lang='lat' dir='ltr'><em>paci</em></span> <span class='ocrx_word' id='word_1_328' title='bbox 501 2328 570 2361; x_wconf 90' lang='lat' dir='ltr'><em>fore</em></span> <span class='ocrx_word' id='word_1_329' title='bbox 580 2327 788 2361; x_wconf 87' lang='lat' dir='ltr'><em>consultum.</em></span> <span class='ocrx_word' id='word_1_330' title='bbox 818 2327 869 2360; x_wconf 82' lang='lat' dir='ltr'><em>Ex</em></span> <span class='ocrx_word' id='word_1_331' title='bbox 879 2326 947 2369; x_wconf 84' lang='lat' dir='ltr'><em>ejus</em></span> <span class='ocrx_word' id='word_1_332' title='bbox 969 2338 1044 2372; x_wconf 86' lang='lat' dir='ltr'><em>erga</em></span> <span class='ocrx_word' id='word_1_333' title='bbox 1073 2327 1142 2360; x_wconf 88' lang='lat' dir='ltr'><em>Do-</em></span> 
     </span>
     <span class='ocr_line' id='line_1_48' title="bbox 247 2376 1143 2412; baseline 0.002 -3"><span class='ocrx_word' id='word_1_334' title='bbox 247 2386 367 2409; x_wconf 85' lang='lat' dir='ltr'><em>muum</em></span> <span class='ocrx_word' id='word_1_335' title='bbox 386 2377 566 2410; x_wconf 75' lang='lat' dir='ltr'><em>reverentia</em></span> <span class='ocrx_word' id='word_1_336' title='bbox 585 2377 741 2412; x_wconf 85' lang='lat' dir='ltr'><em>discimus</em></span> <span class='ocrx_word' id='word_1_337' title='bbox 763 2376 935 2410; x_wconf 72' lang='lat' dir='ltr'><em>advestum</em></span> <span class='ocrx_word' id='word_1_338' title='bbox 958 2377 991 2411; x_wconf 90' lang='lat' dir='ltr'><em>in</em></span> <span class='ocrx_word' id='word_1_339' title='bbox 1020 2377 1143 2412; x_wconf 84' lang='lat' dir='ltr'><em>alienas</em></span> 
     </span>
     <span class='ocr_line' id='line_1_49' title="bbox 245 2424 1140 2464; baseline 0.002 -5"><span class='ocrx_word' id='word_1_340' title='bbox 245 2426 309 2459; x_wconf 80' lang='lat' dir='ltr'><em>suae</em></span> <span class='ocrx_word' id='word_1_341' title='bbox 320 2424 470 2464; x_wconf 66' lang='lat' dir='ltr'><em>dioecefis</em></span> <span class='ocrx_word' id='word_1_342' title='bbox 497 2426 687 2461; x_wconf 88' lang='lat' dir='ltr'><em>Provincias</em></span> <span class='ocrx_word' id='word_1_343' title='bbox 715 2425 943 2462; x_wconf 83' lang='lat' dir='ltr'><em>Patriarcharn</em></span> <span class='ocrx_word' id='word_1_344' title='bbox 969 2428 1140 2461; x_wconf 88' lang='lat' dir='ltr'>consuesse</span> 
     </span>
     <span class='ocr_line' id='line_1_50' title="bbox 248 2475 1142 2520; baseline 0.002 -11"><span class='ocrx_word' id='word_1_345' title='bbox 248 2475 629 2518; x_wconf 59' lang='lat' dir='ltr'><em>azvicinisMetropolitis</em></span> <span class='ocrx_word' id='word_1_346' title='bbox 642 2477 760 2511; x_wconf 87' lang='lat' dir='ltr'><em>visitari</em></span> <span class='ocrx_word' id='word_1_347' title='bbox 777 2488 815 2511; x_wconf 82' lang='lat' dir='ltr'><em>ac</em></span> <span class='ocrx_word' id='word_1_348' title='bbox 829 2477 957 2513; x_wconf 79' lang='lat' dir='ltr'><em>salutari</em></span> <span class='ocrx_word' id='word_1_349' title='bbox 974 2502 984 2517; x_wconf 95' lang='lat'><em>,</em></span> <span class='ocrx_word' id='word_1_350' title='bbox 1004 2488 1142 2520; x_wconf 86' lang='lat' dir='ltr'><em>eamque</em></span> 
     </span>
     <span class='ocr_line' id='line_1_51' title="bbox 247 2525 1140 2570; baseline 0.001 -11"><span class='ocrx_word' id='word_1_351' title='bbox 247 2525 315 2559; x_wconf 86' lang='lat' dir='ltr'><em>esse</em></span> <span class='ocrx_word' id='word_1_352' title='bbox 328 2526 496 2570; x_wconf 85' lang='lat' dir='ltr'><em>antiquam</em></span> <span class='ocrx_word' id='word_1_353' title='bbox 509 2525 659 2561; x_wconf 82' lang='lat' dir='ltr'><em>Ecclefiae</em></span> <span class='ocrx_word' id='word_1_354' title='bbox 680 2526 907 2570; x_wconf 85' lang='lat' dir='ltr'><em>disciplinam.</em></span> <span class='ocrx_word' id='word_1_355' title='bbox 939 2527 982 2562; x_wconf 89' lang='lat' dir='ltr'><em>Et</em></span> <span class='ocrx_word' id='word_1_356' title='bbox 1004 2525 1081 2560; x_wconf 91' lang='lat' dir='ltr'><em>hinc</em></span> <span class='ocrx_word' id='word_1_357' title='bbox 1106 2527 1140 2561; x_wconf 88' lang='lat' dir='ltr'><em>in</em></span> 
     </span>
     <span class='ocr_line' id='line_1_52' title="bbox 247 2575 1139 2620; baseline 0.006 -11"><span class='ocrx_word' id='word_1_358' title='bbox 247 2575 376 2610; x_wconf 86' lang='lat' dir='ltr'><em>Gallias</em></span> <span class='ocrx_word' id='word_1_359' title='bbox 387 2575 512 2609; x_wconf 70' lang='lat' dir='ltr'><em>advecti</em></span> <span class='ocrx_word' id='word_1_360' title='bbox 526 2575 662 2619; x_wconf 78' lang='lat' dir='ltr'><em>Ioannis</em></span> <span class='ocrx_word' id='word_1_361' title='bbox 672 2578 778 2611; x_wconf 66' lang='lat' dir='ltr'><em>ostavi</em></span> <span class='ocrx_word' id='word_1_362' title='bbox 791 2576 961 2612; x_wconf 80' lang='lat' dir='ltr'><em>Pontificis</em></span> <span class='ocrx_word' id='word_1_363' title='bbox 980 2578 1061 2620; x_wconf 84' lang='lat' dir='ltr'><em>justa</em></span> <span class='ocrx_word' id='word_1_364' title='bbox 1075 2578 1139 2614; x_wconf 88' lang='lat' dir='ltr'><em>fuit</em></span> 
     </span>
     <span class='ocr_line' id='line_1_53' title="bbox 250 2624 1142 2670; baseline 0.003 -12"><span class='ocrx_word' id='word_1_365' title='bbox 250 2625 457 2668; x_wconf 87' lang='lat' dir='ltr'><em>querimonia</em></span> <span class='ocrx_word' id='word_1_366' title='bbox 483 2624 525 2658; x_wconf 90' lang='lat' dir='ltr'><em>de</em></span> <span class='ocrx_word' id='word_1_367' title='bbox 546 2625 758 2660; x_wconf 89' lang='lat' dir='ltr'><em>Teutramno</em></span> <span class='ocrx_word' id='word_1_368' title='bbox 778 2626 998 2670; x_wconf 87' lang='lat' dir='ltr'><em>Metropolita</em></span> <span class='ocrx_word' id='word_1_369' title='bbox 1023 2628 1142 2661; x_wconf 86' lang='lat' dir='ltr'><em>Tarta-</em></span> 
     </span>
     <span class='ocr_line' id='line_1_54' title="bbox 249 2673 1143 2718; baseline 0.003 -9"><span class='ocrx_word' id='word_1_370' title='bbox 249 2673 361 2709; x_wconf 83' lang='lat' dir='ltr'><em>fienfi:</em></span> <span class='ocrx_word' id='word_1_371' title='bbox 389 2677 537 2709; x_wconf 77' lang='lat' dir='ltr'><em>Miramur</em></span> <span class='ocrx_word' id='word_1_372' title='bbox 548 2679 787 2710; x_wconf 85' lang='lat' dir='ltr'><em>Fraternitatem</em></span> <span class='ocrx_word' id='word_1_373' title='bbox 816 2686 902 2711; x_wconf 88' lang='lat' dir='ltr'><em>tuam</em></span> <span class='ocrx_word' id='word_1_374' title='bbox 917 2701 928 2715; x_wconf 88' lang='lat'><strong>‚</strong></span> <span class='ocrx_word' id='word_1_375' title='bbox 954 2688 1007 2710; x_wconf 89' lang='lat' dir='ltr'><em>cur</em></span> <span class='ocrx_word' id='word_1_376' title='bbox 1017 2678 1143 2718; x_wconf 82' lang='lat' dir='ltr'><em>nostrum</em></span> 
     </span>
     <span class='ocr_line' id='line_1_55' title="bbox 251 2724 1142 2766; baseline 0.002 -8"><span class='ocrx_word' id='word_1_377' title='bbox 251 2730 286 2759; x_wconf 74' lang='lat' dir='ltr'><em>in</em></span> <span class='ocrx_word' id='word_1_378' title='bbox 298 2724 355 2757; x_wconf 86' lang='lat' dir='ltr'><em>has</em></span> <span class='ocrx_word' id='word_1_379' title='bbox 362 2732 469 2765; x_wconf 88' lang='lat' dir='ltr'><em>partes</em></span> <span class='ocrx_word' id='word_1_380' title='bbox 479 2726 604 2759; x_wconf 84' lang='lat' dir='ltr'><em>audiens</em></span> <span class='ocrx_word' id='word_1_381' title='bbox 614 2727 779 2761; x_wconf 83' lang='lat' dir='ltr'><em>adventum</em></span> <span class='ocrx_word' id='word_1_382' title='bbox 792 2751 802 2766; x_wconf 92' lang='lat'>‚</span> <span class='ocrx_word' id='word_1_383' title='bbox 830 2739 883 2760; x_wconf 84' lang='lat' dir='ltr'><em>nos</em></span> <span class='ocrx_word' id='word_1_384' title='bbox 894 2726 928 2761; x_wconf 88' lang='lat' dir='ltr'><em>ob</em></span> <span class='ocrx_word' id='word_1_385' title='bbox 940 2734 1142 2762; x_wconf 85' lang='lat' dir='ltr'><em>reverentiam</em></span> 
     </span>
     <span class='ocr_line' id='line_1_56' title="bbox 252 2774 1141 2819; baseline 0.006 -13"><span class='ocrx_word' id='word_1_386' title='bbox 252 2778 347 2808; x_wconf 81' lang='lat' dir='ltr'><em>Beati</em></span> <span class='ocrx_word' id='word_1_387' title='bbox 358 2777 442 2808; x_wconf 88' lang='lat' dir='ltr'><em>Petri</em></span> <span class='ocrx_word' id='word_1_388' title='bbox 453 2774 647 2817; x_wconf 82' lang='lat' dir='ltr'><em>Apostolorum</em></span> <span class='ocrx_word' id='word_1_389' title='bbox 661 2779 813 2819; x_wconf 79' lang='lat' dir='ltr'><em>Principis</em></span> <span class='ocrx_word' id='word_1_390' title='bbox 836 2779 871 2811; x_wconf 64' lang='grc' dir='ltr'><em>(ἓν</em></span> <span class='ocrx_word' id='word_1_391' title='bbox 892 2776 1035 2819; x_wconf 82' lang='lat' dir='ltr'><em>nostram,</em></span> <span class='ocrx_word' id='word_1_392' title='bbox 1061 2789 1141 2811; x_wconf 88' lang='lat' dir='ltr'><em>more</em></span> 
     </span>
     <span class='ocr_line' id='line_1_57' title="bbox 249 2826 1143 2870; baseline 0.004 -11"><span class='ocrx_word' id='word_1_393' title='bbox 249 2834 424 2859; x_wconf 81' lang='lat' dir='ltr'><em>caeterorum</em></span> <span class='ocrx_word' id='word_1_394' title='bbox 435 2826 651 2861; x_wconf 74' lang='lat' dir='ltr'><em>venerabilium</em></span> <span class='ocrx_word' id='word_1_395' title='bbox 663 2826 974 2870; x_wconf 68' lang='lat' dir='ltr'><em>Archi-Episltoporum</em></span> <span class='ocrx_word' id='word_1_396' title='bbox 988 2852 998 2868; x_wconf 91' lang='lat'><em>,</em></span> <span class='ocrx_word' id='word_1_397' title='bbox 1021 2829 1143 2863; x_wconf 64' lang='lat' dir='ltr'><em>minim?</em></span> 
     </span>
     <span class='ocr_line' id='line_1_58' title="bbox 248 2873 1145 2922; baseline 0.006 -15"><span class='ocrx_word' id='word_1_398' title='bbox 248 2873 393 2918; x_wconf 77' lang='lat' dir='ltr'><em>consolari</em></span> <span class='ocrx_word' id='word_1_399' title='bbox 418 2876 453 2909; x_wconf 66' lang='lat'><em>(5</em></span> <span class='ocrx_word' id='word_1_400' title='bbox 472 2886 618 2912; x_wconf 86' lang='lat' dir='ltr'><em>occurrere</em></span> <span class='ocrx_word' id='word_1_401' title='bbox 628 2876 782 2918; x_wconf 74' lang='lat' dir='ltr'><em>studuisti.</em></span> <span class='ocrx_word' id='word_1_402' title='bbox 813 2877 901 2911; x_wconf 63' lang='lat' dir='ltr'><em>laud</em></span> <span class='ocrx_word' id='word_1_403' title='bbox 915 2878 1020 2921; x_wconf 90' lang='lat' dir='ltr'><em>ipsum</em></span> <span class='ocrx_word' id='word_1_404' title='bbox 1040 2878 1145 2922; x_wconf 90' lang='lat' dir='ltr'><em>queri-</em></span> 
     </span>
     <span class='ocr_line' id='line_1_59' title="bbox 247 2924 1141 2970; baseline 0.002 -10"><span class='ocrx_word' id='word_1_405' title='bbox 247 2935 305 2960; x_wconf 83' lang='lat' dir='ltr'><em>tur</em></span> <span class='ocrx_word' id='word_1_406' title='bbox 317 2925 358 2959; x_wconf 92' lang='lat' dir='ltr'><em>de</em></span> <span class='ocrx_word' id='word_1_407' title='bbox 378 2924 597 2961; x_wconf 81' lang='lat' dir='ltr'><em>Theodorico</em></span> <span class='ocrx_word' id='word_1_408' title='bbox 619 2927 836 2970; x_wconf 86' lang='lat' dir='ltr'><em>Metropolita</em></span> <span class='ocrx_word' id='word_1_409' title='bbox 859 2928 1118 2962; x_wconf 78' lang='lat' dir='ltr'><em>vesontionensi</em></span> <span class='ocrx_word' id='word_1_410' title='bbox 1131 2953 1141 2969; x_wconf 94' lang='lat'><em>,</em></span> 
     </span>
     <span class='ocr_line' id='line_1_60' title="bbox 250 2974 1142 3022; baseline 0.003 -14"><span class='ocrx_word' id='word_1_411' title='bbox 250 2974 412 3012; x_wconf 86' lang='lat' dir='ltr'><em>mandans</em></span> <span class='ocrx_word' id='word_1_412' title='bbox 422 2981 460 3009; x_wconf 85' lang='lat' dir='ltr'><em>ut</em></span> <span class='ocrx_word' id='word_1_413' title='bbox 478 2975 636 3012; x_wconf 89' lang='lat' dir='ltr'><em>omnibus</em></span> <span class='ocrx_word' id='word_1_414' title='bbox 649 2978 833 3022; x_wconf 81' lang='lat' dir='ltr'><em>postpofitis</em></span> <span class='ocrx_word' id='word_1_415' title='bbox 845 2978 953 3014; x_wconf 81' lang='lat' dir='ltr'><em>statim</em></span> <span class='ocrx_word' id='word_1_416' title='bbox 973 2988 1121 3013; x_wconf 86' lang='lat' dir='ltr'><em>occurrat</em></span> <span class='ocrx_word' id='word_1_417' title='bbox 1135 3003 1142 3011; x_wconf 89' lang='lat'><strong>.</strong></span> 
     </span>
    </p>

    <p class='ocr_par' dir='ltr' id='par_1_7' title="bbox 249 3024 1144 3523">
     <span class='ocr_line' id='line_1_61' title="bbox 303 3024 1140 3063; baseline 0.004 -5"><span class='ocrx_word' id='word_1_418' title='bbox 303 3025 396 3059; x_wconf 89' lang='lat' dir='ltr'><em>Nota</em></span> <span class='ocrx_word' id='word_1_419' title='bbox 409 3024 514 3061; x_wconf 77' lang='lat' dir='ltr'><em>solum</em></span> <span class='ocrx_word' id='word_1_420' title='bbox 530 3027 704 3062; x_wconf 85' lang='lat' dir='ltr'><em>Domuum</em></span> <span class='ocrx_word' id='word_1_421' title='bbox 716 3028 936 3063; x_wconf 80' lang='lat' dir='ltr'><em>patriarcham</em></span> <span class='ocrx_word' id='word_1_422' title='bbox 948 3028 1075 3063; x_wconf 78' lang='lat' dir='ltr'>adsidue</span> <span class='ocrx_word' id='word_1_423' title='bbox 1086 3027 1140 3062; x_wconf 80' lang='lat' dir='ltr'><em>hic</em></span> 
     </span>
     <span class='ocr_line' id='line_1_62' title="bbox 251 3074 1143 3122; baseline 0.002 -12"><span class='ocrx_word' id='word_1_424' title='bbox 251 3076 363 3110; x_wconf 86' lang='lat' dir='ltr'><em>vocari</em></span> <span class='ocrx_word' id='word_1_425' title='bbox 387 3074 728 3122; x_wconf 86' lang='lat' dir='ltr'><em>Archi-Episcopum,</em></span> <span class='ocrx_word' id='word_1_426' title='bbox 764 3078 857 3113; x_wconf 86' lang='lat' dir='ltr'><em>Ibam</em></span> <span class='ocrx_word' id='word_1_427' title='bbox 884 3088 994 3115; x_wconf 85' lang='lat' dir='ltr'><em>autern</em></span> <span class='ocrx_word' id='word_1_428' title='bbox 1014 3079 1143 3115; x_wconf 85' lang='lat' dir='ltr'><em>Edesse-</em></span> 
     </span>
     <span class='ocr_line' id='line_1_63' title="bbox 252 3124 1142 3172; baseline 0.004 -13"><span class='ocrx_word' id='word_1_429' title='bbox 252 3137 335 3160; x_wconf 90' lang='lat' dir='ltr'><em>num</em></span> <span class='ocrx_word' id='word_1_430' title='bbox 354 3124 604 3170; x_wconf 85' lang='lat' dir='ltr'><em>&amp;Stephanum</em></span> <span class='ocrx_word' id='word_1_431' title='bbox 631 3128 946 3172; x_wconf 84' lang='lat' dir='ltr'><em>Hierapolitanum,</em></span> <span class='ocrx_word' id='word_1_432' title='bbox 974 3130 1050 3165; x_wconf 70' lang='lat' dir='ltr'><em>licet</em></span> <span class='ocrx_word' id='word_1_433' title='bbox 1072 3130 1142 3163; x_wconf 92' lang='lat' dir='ltr'><em>Me-</em></span> 
     </span>
     <span class='ocr_line' id='line_1_64' title="bbox 253 3175 1140 3223; baseline 0.003 -13"><span class='ocrx_word' id='word_1_434' title='bbox 253 3176 446 3219; x_wconf 83' lang='lat' dir='ltr'><em>tropolitas,</em></span> <span class='ocrx_word' id='word_1_435' title='bbox 479 3175 547 3211; x_wconf 89' lang='lat' dir='ltr'><em>dici</em></span> <span class='ocrx_word' id='word_1_436' title='bbox 572 3176 758 3220; x_wconf 78' lang='lat' dir='ltr'><em>simpliciter</em></span> <span class='ocrx_word' id='word_1_437' title='bbox 780 3178 961 3223; x_wconf 79' lang='lat' dir='ltr'><em>Episcopos</em></span> <span class='ocrx_word' id='word_1_438' title='bbox 986 3205 993 3211; x_wconf 94' lang='lat'><strong>.</strong></span> <span class='ocrx_word' id='word_1_439' title='bbox 1031 3180 1079 3213; x_wconf 88' lang='lat' dir='ltr'><em>Ita</em></span> <span class='ocrx_word' id='word_1_440' title='bbox 1107 3180 1140 3213; x_wconf 89' lang='lat' dir='ltr'><em>in</em></span> 
     </span>
     <span class='ocr_line' id='line_1_65' title="bbox 253 3225 1141 3273; baseline 0.005 -14"><span class='ocrx_word' id='word_1_441' title='bbox 253 3225 531 3261; x_wconf 82' lang='lat' dir='ltr'>Chalcedonensis</span> <span class='ocrx_word' id='word_1_442' title='bbox 542 3225 668 3270; x_wconf 90' lang='lat' dir='ltr'><em>Synodi</em></span> <span class='ocrx_word' id='word_1_443' title='bbox 680 3228 770 3263; x_wconf 69' lang='lat' dir='ltr'><em>Astis</em></span> <span class='ocrx_word' id='word_1_444' title='bbox 781 3229 913 3264; x_wconf 69' lang='lat' dir='ltr'><em>sanstus</em></span> <span class='ocrx_word' id='word_1_445' title='bbox 937 3231 1007 3264; x_wconf 90' lang='lat' dir='ltr'><em>Leo</em></span> <span class='ocrx_word' id='word_1_446' title='bbox 1029 3229 1141 3273; x_wconf 84' lang='lat' dir='ltr'><em>passim</em></span> 
     </span>
     <span class='ocr_line' id='line_1_66' title="bbox 249 3275 1144 3323; baseline 0.003 -12"><span class='ocrx_word' id='word_1_447' title='bbox 249 3275 402 3311; x_wconf 77' lang='lat' dir='ltr'><em>titulatur</em></span> <span class='ocrx_word' id='word_1_448' title='bbox 413 3275 714 3321; x_wconf 85' lang='lat' dir='ltr'><em>Archi-Episcopus</em></span> <span class='ocrx_word' id='word_1_449' title='bbox 724 3279 925 3323; x_wconf 83' lang='lat' dir='ltr'><em>antiquaeaut</em></span> <span class='ocrx_word' id='word_1_450' title='bbox 936 3290 1062 3323; x_wconf 81' lang='lat' dir='ltr'><em>magnae</em></span> <span class='ocrx_word' id='word_1_451' title='bbox 1076 3280 1144 3314; x_wconf 91' lang='lat' dir='ltr'><em>Ro-</em></span> 
     </span>
     <span class='ocr_line' id='line_1_67' title="bbox 250 3326 1143 3372; baseline 0.001 -11"><span class='ocrx_word' id='word_1_452' title='bbox 250 3336 313 3361; x_wconf 81' lang='lat' dir='ltr'><em>mae</em></span> <span class='ocrx_word' id='word_1_453' title='bbox 325 3350 332 3357; x_wconf 91' lang='lat'>-</span> <span class='ocrx_word' id='word_1_454' title='bbox 362 3327 473 3362; x_wconf 85' lang='lat' dir='ltr'><em>Etiam</em></span> <span class='ocrx_word' id='word_1_455' title='bbox 485 3326 710 3362; x_wconf 88' lang='lat' dir='ltr'><em>Patriarcham</em></span> <span class='ocrx_word' id='word_1_456' title='bbox 733 3328 1143 3372; x_wconf 80' lang='lat' dir='ltr'><em>Constantinopolitanum</em></span> 
     </span>
     <span class='ocr_line' id='line_1_68' title="bbox 250 3377 1143 3422; baseline 0.003 -13"><span class='ocrx_word' id='word_1_457' title='bbox 250 3385 371 3411; x_wconf 86' lang='lat' dir='ltr'><em>vocant</em></span> <span class='ocrx_word' id='word_1_458' title='bbox 382 3377 506 3413; x_wconf 87' lang='lat' dir='ltr'><em>ibidem</em></span> <span class='ocrx_word' id='word_1_459' title='bbox 530 3378 716 3422; x_wconf 79' lang='lat' dir='ltr'><em>simpliciter</em></span> <span class='ocrx_word' id='word_1_460' title='bbox 735 3377 1054 3421; x_wconf 79' lang='lat' dir='ltr'><em>Archi-Episcopum</em></span> <span class='ocrx_word' id='word_1_461' title='bbox 1079 3378 1143 3412; x_wconf 85' lang='lat' dir='ltr'><em>Eu-</em></span> 
     </span>
     <span class='ocr_line' id='line_1_69' title="bbox 249 3426 1142 3472; baseline 0 -10"><span class='ocrx_word' id='word_1_462' title='bbox 249 3426 386 3462; x_wconf 79' lang='lat' dir='ltr'><em>nomius</em></span> <span class='ocrx_word' id='word_1_463' title='bbox 394 3427 614 3472; x_wconf 84' lang='lat' dir='ltr'><em>Metropolita</em></span> <span class='ocrx_word' id='word_1_464' title='bbox 626 3428 896 3463; x_wconf 74' lang='lat' dir='ltr'><em>Nicomedienfis</em></span> <span class='ocrx_word' id='word_1_465' title='bbox 908 3429 941 3462; x_wconf 88' lang='lat'>&amp;</span> <span class='ocrx_word' id='word_1_466' title='bbox 954 3427 1142 3462; x_wconf 81' lang='lat' dir='ltr'><em>Anastasius</em></span> 
     </span>
     <span class='ocr_line' id='line_1_70' title="bbox 251 3474 1140 3523; baseline 0.003 -13"><span class='ocrx_word' id='word_1_467' title='bbox 251 3474 434 3523; x_wconf 84' lang='lat' dir='ltr'><em>Episcopus</em></span> <span class='ocrx_word' id='word_1_468' title='bbox 458 3478 630 3514; x_wconf 82' lang='lat' dir='ltr'><em>Nicaenus.</em></span> <span class='ocrx_word' id='word_1_469' title='bbox 669 3478 711 3514; x_wconf 83' lang='lat' dir='ltr'><em>Et</em></span> <span class='ocrx_word' id='word_1_470' title='bbox 735 3479 769 3513; x_wconf 92' lang='lat' dir='ltr'><em>in</em></span> <span class='ocrx_word' id='word_1_471' title='bbox 792 3479 906 3514; x_wconf 73' lang='lat' dir='ltr'><em>litterIs</em></span> <span class='ocrx_word' id='word_1_472' title='bbox 930 3479 969 3513; x_wconf 84' lang='lat' dir='ltr'><em>ad</em></span> <span class='ocrx_word' id='word_1_473' title='bbox 992 3478 1140 3514; x_wconf 85' lang='lat' dir='ltr'><em>Leonem</em></span> 
     </span>
    </p>
   </div>
   <div class='ocr_carea' id='block_1_6' title="bbox 1938 155 2036 199">
    <p class='ocr_par' dir='ltr' id='par_1_8' title="bbox 1938 155 2036 199">
     <span class='ocr_line' id='line_1_71' title="bbox 1938 155 2036 199; baseline 0 -12"><span class='ocrx_word' id='word_1_474' title='bbox 1938 155 2036 199; x_wconf 82' lang='lat'><em>223</em></span> 
     </span>
    </p>
   </div>
   <div class='ocr_carea' id='block_1_7' title="bbox 1202 217 2293 3473">
    <p class='ocr_par' dir='ltr' id='par_1_9' title="bbox 1213 217 2102 264">
     <span class='ocr_line' id='line_1_72' title="bbox 1213 217 2102 264; baseline 0.007 -14"><span class='ocrx_word' id='word_1_475' title='bbox 1213 217 1421 263; x_wconf 83' lang='lat' dir='ltr'><em>Augustum,</em></span> <span class='ocrx_word' id='word_1_476' title='bbox 1435 217 1507 261; x_wconf 88' lang='lat' dir='ltr'><em>post</em></span> <span class='ocrx_word' id='word_1_477' title='bbox 1518 219 1656 256; x_wconf 83' lang='lat' dir='ltr'><em>eandem</em></span> <span class='ocrx_word' id='word_1_478' title='bbox 1666 219 1840 264; x_wconf 72' lang='lat' dir='ltr'><em>,synodum</em></span> <span class='ocrx_word' id='word_1_479' title='bbox 1852 218 2102 258; x_wconf 81' lang='lat' dir='ltr'><em>Chalcedonen-</em></span> 
     </span>
    </p>

    <p class='ocr_par' dir='ltr' id='par_1_10' title="bbox 1210 267 2234 615">
     <span class='ocr_line' id='line_1_73' title="bbox 1215 267 2099 316; baseline 0.006 -14"><span class='ocrx_word' id='word_1_480' title='bbox 1215 271 1281 304; x_wconf 88' lang='lat' dir='ltr'><em>sem</em></span> <span class='ocrx_word' id='word_1_481' title='bbox 1290 267 1504 308; x_wconf 83' lang='lat' dir='ltr'><em>existentibus</em></span> <span class='ocrx_word' id='word_1_482' title='bbox 1516 292 1527 308; x_wconf 94' lang='lat'><em>,</em></span> <span class='ocrx_word' id='word_1_483' title='bbox 1554 269 1719 307; x_wconf 81' lang='lat' dir='ltr'><em>Lucianus</em></span> <span class='ocrx_word' id='word_1_484' title='bbox 1730 270 1898 315; x_wconf 80' lang='lat' dir='ltr'><em>Byzienfis</em></span> <span class='ocrx_word' id='word_1_485' title='bbox 1921 274 1955 305; x_wconf 86' lang='lat' dir='ltr'><em>in</em></span> <span class='ocrx_word' id='word_1_486' title='bbox 1970 274 2099 316; x_wconf 81' lang='lat' dir='ltr'>Europa</span> 
     </span>
     <span class='ocr_line' id='line_1_74' title="bbox 1215 317 2234 374; baseline 0.004 -21"><span class='ocrx_word' id='word_1_487' title='bbox 1215 320 1398 363; x_wconf 86' lang='lat' dir='ltr'><em>Episcopus</em></span> <span class='ocrx_word' id='word_1_488' title='bbox 1429 329 1549 354; x_wconf 73' lang='lat' dir='ltr'><em>‚omnes</em></span> <span class='ocrx_word' id='word_1_489' title='bbox 1573 317 1775 358; x_wconf 76' lang='lat' dir='ltr'>patriarchas</span> <span class='ocrx_word' id='word_1_490' title='bbox 1794 333 1892 355; x_wconf 85' lang='lat' dir='ltr'><em>vocat</em></span> <span class='ocrx_word' id='word_1_491' title='bbox 1918 323 2100 357; x_wconf 78' lang='lat' dir='ltr'><em>summorum</em></span> <span class='ocrx_word' id='word_1_492' title='bbox 2118 339 2168 374; x_wconf 71' lang='lat' dir='ltr'><em>Ep,</em></span> <span class='ocrx_word' id='word_1_493' title='bbox 2188 338 2234 366; x_wconf 52' lang='grc' dir='ltr'><em>ις,</em></span> 
     </span>
     <span class='ocr_line' id='line_1_75' title="bbox 1212 367 2100 416; baseline 0.006 -14"><span class='ocrx_word' id='word_1_494' title='bbox 1212 369 1383 404; x_wconf 82' lang='lat' dir='ltr'><em>thronorum</em></span> <span class='ocrx_word' id='word_1_495' title='bbox 1418 367 1696 416; x_wconf 74' lang='lat' dir='ltr'><em>Archi-Episcopos.</em></span> <span class='ocrx_word' id='word_1_496' title='bbox 1724 372 1766 404; x_wconf 92' lang='lat' dir='ltr'><em>Et</em></span> <span class='ocrx_word' id='word_1_497' title='bbox 1793 372 1828 405; x_wconf 86' lang='lat' dir='ltr'><em>in</em></span> <span class='ocrx_word' id='word_1_498' title='bbox 1855 372 2033 406; x_wconf 86' lang='lat' dir='ltr'><em>Relatione</em></span> <span class='ocrx_word' id='word_1_499' title='bbox 2059 373 2100 407; x_wconf 92' lang='lat' dir='ltr'><em>ad</em></span> 
     </span>
     <span class='ocr_line' id='line_1_76' title="bbox 1212 417 2104 465; baseline 0.002 -11"><span class='ocrx_word' id='word_1_500' title='bbox 1212 419 1440 459; x_wconf 76' lang='lat' dir='ltr'><em>Theodosium</em></span> <span class='ocrx_word' id='word_1_501' title='bbox 1454 421 1646 465; x_wconf 82' lang='lat' dir='ltr'><em>Augustum</em></span> <span class='ocrx_word' id='word_1_502' title='bbox 1671 417 1831 462; x_wconf 86' lang='lat' dir='ltr'><em>Ephefina</em></span> <span class='ocrx_word' id='word_1_503' title='bbox 1851 422 2008 465; x_wconf 82' lang='lat' dir='ltr'><em>Synodus</em></span> <span class='ocrx_word' id='word_1_504' title='bbox 2027 422 2104 458; x_wconf 10' lang='lat' dir='ltr'><em>,Me-</em></span> 
     </span>
     <span class='ocr_line' id='line_1_77' title="bbox 1210 467 2103 517; baseline 0.001 -13"><span class='ocrx_word' id='word_1_505' title='bbox 1210 482 1370 505; x_wconf 88' lang='lat' dir='ltr'><em>mnonem</em></span> <span class='ocrx_word' id='word_1_506' title='bbox 1382 495 1394 515; x_wconf 90' lang='lat'><em>,</em></span> <span class='ocrx_word' id='word_1_507' title='bbox 1419 469 1523 509; x_wconf 79' lang='lat' dir='ltr'><em>totius</em></span> <span class='ocrx_word' id='word_1_508' title='bbox 1534 469 1683 507; x_wconf 74' lang='lat' dir='ltr'><em>Afiaticae</em></span> <span class='ocrx_word' id='word_1_509' title='bbox 1702 467 1880 505; x_wconf 74' lang='lat' dir='ltr'><em>‚dioeceseos</em></span> <span class='ocrx_word' id='word_1_510' title='bbox 1899 472 2078 507; x_wconf 87' lang='lat' dir='ltr'><em>Primatem</em></span> <span class='ocrx_word' id='word_1_511' title='bbox 2092 497 2103 517; x_wconf 83' lang='lat'>‚</span> 
     </span>
     <span class='ocr_line' id='line_1_78' title="bbox 1211 518 2103 565; baseline 0.001 -10"><span class='ocrx_word' id='word_1_512' title='bbox 1211 521 1379 556; x_wconf 76' lang='lat' dir='ltr'><em>dumtaxat</em></span> <span class='ocrx_word' id='word_1_513' title='bbox 1393 521 1595 565; x_wconf 82' lang='lat' dir='ltr'><em>Episcopum</em></span> <span class='ocrx_word' id='word_1_514' title='bbox 1611 544 1622 561; x_wconf 93' lang='lat'><em>,</em></span> <span class='ocrx_word' id='word_1_515' title='bbox 1647 518 1753 557; x_wconf 83' lang='lat' dir='ltr'><em>solum</em></span> <span class='ocrx_word' id='word_1_516' title='bbox 1774 520 1926 555; x_wconf 69' lang='lat' dir='ltr'><em>Sanctum</em></span> <span class='ocrx_word' id='word_1_517' title='bbox 1938 522 2103 565; x_wconf 85' lang='lat' dir='ltr'><em>Cyrillum</em></span> 
     </span>
     <span class='ocr_line' id='line_1_79' title="bbox 1210 568 2102 615; baseline 0.001 -11"><span class='ocrx_word' id='word_1_518' title='bbox 1210 570 1648 610; x_wconf 71' lang='lat' dir='ltr'><em>AlexandriaePatriareham</em></span> <span class='ocrx_word' id='word_1_519' title='bbox 1660 579 1756 606; x_wconf 87' lang='lat' dir='ltr'><em>vocat</em></span> <span class='ocrx_word' id='word_1_520' title='bbox 1769 568 2081 615; x_wconf 78' lang='lat' dir='ltr'><em>Archi-Episcopum</em></span> <span class='ocrx_word' id='word_1_521' title='bbox 2095 598 2102 605; x_wconf 96' lang='lat'>.</span> 
     </span>
    </p>

    <p class='ocr_par' dir='ltr' id='par_1_11' title="bbox 1213 619 2105 667">
     <span class='ocr_line' id='line_1_80' title="bbox 1213 619 2105 667; baseline 0.003 -13"><span class='ocrx_word' id='word_1_522' title='bbox 1213 621 1303 660; x_wconf 84' lang='lat' dir='ltr'><em>Etin</em></span> <span class='ocrx_word' id='word_1_523' title='bbox 1317 621 1388 666; x_wconf 89' lang='lat' dir='ltr'><em>lege</em></span> <span class='ocrx_word' id='word_1_524' title='bbox 1410 621 1538 659; x_wconf 84' lang='lat' dir='ltr'><em>codicis</em></span> <span class='ocrx_word' id='word_1_525' title='bbox 1559 619 1600 655; x_wconf 86' lang='lat' dir='ltr'><em>ad</em></span> <span class='ocrx_word' id='word_1_526' title='bbox 1622 621 1793 667; x_wconf 75' lang='lat' dir='ltr'><em>julianum</em></span> <span class='ocrx_word' id='word_1_527' title='bbox 1816 619 1973 657; x_wconf 67' lang='lat' dir='ltr'><em>Praetorio</em></span> <span class='ocrx_word' id='word_1_528' title='bbox 1993 622 2105 657; x_wconf 84' lang='lat' dir='ltr'><em>Praefe-</em></span> 
     </span>
    </p>

    <p class='ocr_par' dir='ltr' id='par_1_12' title="bbox 1210 670 2277 866">
     <span class='ocr_line' id='line_1_81' title="bbox 1210 670 2277 718; baseline 0.001 -13"><span class='ocrx_word' id='word_1_529' title='bbox 1210 672 1298 705; x_wconf 69' lang='lat' dir='ltr'><em>stum</em></span> <span class='ocrx_word' id='word_1_530' title='bbox 1311 671 1514 718; x_wconf 84' lang='lat' dir='ltr'><em>Justinianus</em></span> <span class='ocrx_word' id='word_1_531' title='bbox 1526 671 1696 716; x_wconf 87' lang='lat' dir='ltr'><em>Augustus</em></span> <span class='ocrx_word' id='word_1_532' title='bbox 1721 670 1897 714; x_wconf 87' lang='lat' dir='ltr'><em>distinguit</em></span> <span class='ocrx_word' id='word_1_533' title='bbox 1922 670 2005 704; x_wconf 87' lang='lat' dir='ltr'><em>inter</em></span> <span class='ocrx_word' id='word_1_534' title='bbox 2026 672 2104 706; x_wconf 88' lang='lat' dir='ltr'><em>Pro·</em></span> <span class='ocrx_word' id='word_1_535' title='bbox 2123 684 2150 711; x_wconf 66' lang='lat'><em>1„</em></span> <span class='ocrx_word' id='word_1_536' title='bbox 2167 693 2188 711; x_wconf 46' lang='grc' dir='ltr'><em>ἶ,</em></span> <span class='ocrx_word' id='word_1_537' title='bbox 2201 681 2277 718; x_wconf 54' lang='lat' dir='ltr'><em>tim.</em></span> 
     </span>
     <span class='ocr_line' id='line_1_82' title="bbox 1212 719 2203 765; baseline -0.003 -11"><span class='ocrx_word' id='word_1_538' title='bbox 1212 720 1326 759; x_wconf 80' lang='lat' dir='ltr'><em>vinciae</em></span> <span class='ocrx_word' id='word_1_539' title='bbox 1348 721 1599 765; x_wconf 80' lang='lat' dir='ltr'><em>Metropolitam</em></span> <span class='ocrx_word' id='word_1_540' title='bbox 1632 722 1667 756; x_wconf 87' lang='lat'>&amp;</span> <span class='ocrx_word' id='word_1_541' title='bbox 1694 719 1884 756; x_wconf 78' lang='lat' dir='ltr'><em>Dioeceseos</em></span> <span class='ocrx_word' id='word_1_542' title='bbox 1910 719 2203 764; x_wconf 68' lang='lat' dir='ltr'><em>Archi-Epi-c‚4c‚.</em></span> 
     </span>
     <span class='ocr_line' id='line_1_83' title="bbox 1211 770 2109 816; baseline -0.002 -11"><span class='ocrx_word' id='word_1_543' title='bbox 1211 772 1367 816; x_wconf 89' lang='lat' dir='ltr'><em>scopum,</em></span> <span class='ocrx_word' id='word_1_544' title='bbox 1394 770 1428 805; x_wconf 86' lang='lat' dir='ltr'><em>id</em></span> <span class='ocrx_word' id='word_1_545' title='bbox 1452 771 1524 815; x_wconf 85' lang='lat' dir='ltr'><em>est,</em></span> <span class='ocrx_word' id='word_1_546' title='bbox 1551 772 1729 809; x_wconf 83' lang='lat' dir='ltr'><em>multarum</em></span> <span class='ocrx_word' id='word_1_547' title='bbox 1763 770 2015 807; x_wconf 77' lang='lat' dir='ltr'><em>provinciarum</em></span> <span class='ocrx_word' id='word_1_548' title='bbox 2043 770 2109 804; x_wconf 85' lang='lat' dir='ltr'><em>Pri-</em></span> 
     </span>
     <span class='ocr_line' id='line_1_84' title="bbox 1211 820 2107 866; baseline -0.003 -10"><span class='ocrx_word' id='word_1_549' title='bbox 1211 830 1331 856; x_wconf 88' lang='lat' dir='ltr'><em>matem</em></span> <span class='ocrx_word' id='word_1_550' title='bbox 1344 847 1351 855; x_wconf 93' lang='lat'><strong>.</strong></span> <span class='ocrx_word' id='word_1_551' title='bbox 1377 821 1470 861; x_wconf 87' lang='lat' dir='ltr'><em>Etin</em></span> <span class='ocrx_word' id='word_1_552' title='bbox 1491 822 1563 866; x_wconf 90' lang='lat' dir='ltr'><em>lege</em></span> <span class='ocrx_word' id='word_1_553' title='bbox 1583 822 1716 855; x_wconf 88' lang='lat' dir='ltr'><em>novella</em></span> <span class='ocrx_word' id='word_1_554' title='bbox 1736 821 1778 855; x_wconf 89' lang='lat' dir='ltr'><em>ad</em></span> <span class='ocrx_word' id='word_1_555' title='bbox 1800 820 2025 855; x_wconf 86' lang='lat' dir='ltr'><em>Catellianum</em></span> <span class='ocrx_word' id='word_1_556' title='bbox 2051 821 2107 863; x_wconf 83' lang='lat' dir='ltr'><em>pri.</em></span> 
     </span>
    </p>

    <p class='ocr_par' dir='ltr' id='par_1_13' title="bbox 1210 870 2110 967">
     <span class='ocr_line' id='line_1_85' title="bbox 1210 870 2110 917; baseline -0.002 -11"><span class='ocrx_word' id='word_1_557' title='bbox 1210 883 1271 907; x_wconf 84' lang='lat' dir='ltr'><em>mae</em></span> <span class='ocrx_word' id='word_1_558' title='bbox 1283 872 1472 917; x_wconf 83' lang='lat' dir='ltr'><em>Justinianae</em></span> <span class='ocrx_word' id='word_1_559' title='bbox 1484 872 1679 912; x_wconf 79' lang='lat' dir='ltr'><em>Antistitem</em></span> <span class='ocrx_word' id='word_1_560' title='bbox 1690 870 1802 905; x_wconf 84' lang='lat' dir='ltr'><em>statuit</em></span> <span class='ocrx_word' id='word_1_561' title='bbox 1824 871 1916 905; x_wconf 84' lang='lat' dir='ltr'><em>istius</em></span> <span class='ocrx_word' id='word_1_562' title='bbox 1936 871 2020 905; x_wconf 89' lang='lat' dir='ltr'><em>sedis</em></span> <span class='ocrx_word' id='word_1_563' title='bbox 2032 871 2110 914; x_wconf 88' lang='lat' dir='ltr'><em>Epi-</em></span> 
     </span>
     <span class='ocr_line' id='line_1_86' title="bbox 1212 920 2109 967; baseline -0.003 -10"><span class='ocrx_word' id='word_1_564' title='bbox 1212 924 1345 967; x_wconf 88' lang='lat' dir='ltr'><em>scopum</em></span> <span class='ocrx_word' id='word_1_565' title='bbox 1357 923 1514 966; x_wconf 90' lang='lat' dir='ltr'>deinceps</span> <span class='ocrx_word' id='word_1_566' title='bbox 1536 934 1605 957; x_wconf 90' lang='lat' dir='ltr'><em>non</em></span> <span class='ocrx_word' id='word_1_567' title='bbox 1619 920 1830 957; x_wconf 74' lang='lat' dir='ltr'><em>solummodo</em></span> <span class='ocrx_word' id='word_1_568' title='bbox 1853 921 2109 965; x_wconf 87' lang='lat' dir='ltr'><em>Metropolitam</em></span> 
     </span>
    </p>

    <p class='ocr_par' dir='ltr' id='par_1_14' title="bbox 1209 971 2293 1619">
     <span class='ocr_line' id='line_1_87' title="bbox 1210 971 2222 1019; baseline -0.004 -11"><span class='ocrx_word' id='word_1_569' title='bbox 1210 974 1296 1014; x_wconf 85' lang='lat' dir='ltr'><em>esse,</em></span> <span class='ocrx_word' id='word_1_570' title='bbox 1325 973 1379 1008; x_wconf 90' lang='lat' dir='ltr'><em>sed</em></span> <span class='ocrx_word' id='word_1_571' title='bbox 1406 974 1439 1007; x_wconf 72' lang='grc' dir='ltr'><em>δε</em></span> <span class='ocrx_word' id='word_1_572' title='bbox 1460 972 1803 1017; x_wconf 86' lang='lat' dir='ltr'><em>Archi-Episcopum.</em></span> <span class='ocrx_word' id='word_1_573' title='bbox 1834 972 1883 1008; x_wconf 86' lang='lat' dir='ltr'><em>Et.</em></span> <span class='ocrx_word' id='word_1_574' title='bbox 1902 972 1937 1006; x_wconf 88' lang='lat' dir='ltr'><em>in</em></span> <span class='ocrx_word' id='word_1_575' title='bbox 1961 971 2034 1016; x_wconf 90' lang='lat' dir='ltr'><em>lege</em></span> <span class='ocrx_word' id='word_1_576' title='bbox 2055 981 2110 1005; x_wconf 90' lang='lat' dir='ltr'><em>no·</em></span> <span class='ocrx_word' id='word_1_577' title='bbox 2126 990 2146 1018; x_wconf 70' lang='lat' dir='ltr'>L</span> <span class='ocrx_word' id='word_1_578' title='bbox 2178 999 2222 1019; x_wconf 53' lang='lat' dir='ltr'><em>H·</em></span> 
     </span>
     <span class='ocr_line' id='line_1_88' title="bbox 1211 1022 2109 1068; baseline -0.001 -12"><span class='ocrx_word' id='word_1_579' title='bbox 1211 1023 1295 1058; x_wconf 89' lang='lat' dir='ltr'><em>vella</em></span> <span class='ocrx_word' id='word_1_580' title='bbox 1308 1022 1349 1057; x_wconf 87' lang='lat' dir='ltr'><em>ad</em></span> <span class='ocrx_word' id='word_1_581' title='bbox 1362 1024 1497 1059; x_wconf 90' lang='lat' dir='ltr'><em>Petrum</em></span> <span class='ocrx_word' id='word_1_582' title='bbox 1508 1024 1708 1059; x_wconf 87' lang='lat' dir='ltr'><em>Officiorum</em></span> <span class='ocrx_word' id='word_1_583' title='bbox 1720 1022 1920 1068; x_wconf 85' lang='lat' dir='ltr'><em>Magistrum</em></span> <span class='ocrx_word' id='word_1_584' title='bbox 1931 1022 2109 1056; x_wconf 81' lang='lat' dir='ltr'><em>confundit</em></span> 
     </span>
     <span class='ocr_line' id='line_1_89' title="bbox 1213 1071 2149 1134; baseline -0.003 -27"><span class='ocrx_word' id='word_1_585' title='bbox 1213 1072 1534 1118; x_wconf 86' lang='lat' dir='ltr'><em>Archi-Episcopum</em></span> <span class='ocrx_word' id='word_1_586' title='bbox 1565 1086 1642 1109; x_wconf 85' lang='lat' dir='ltr'><em>cum</em></span> <span class='ocrx_word' id='word_1_587' title='bbox 1676 1071 1862 1108; x_wconf 85' lang='lat' dir='ltr'><em>Patriarcha</em></span> <span class='ocrx_word' id='word_1_588' title='bbox 1878 1097 1885 1104; x_wconf 95' lang='lat'>.</span> <span class='ocrx_word' id='word_1_589' title='bbox 1926 1073 1970 1107; x_wconf 88' lang='lat' dir='ltr'><em>Et</em></span> <span class='ocrx_word' id='word_1_590' title='bbox 1996 1072 2107 1106; x_wconf 72' lang='lat' dir='ltr'><em>Sansti</em></span> <span class='ocrx_word' id='word_1_591' title='bbox 2128 1106 2149 1134; x_wconf 75' lang='lat' dir='ltr'>L</span> 
     </span>
     <span class='ocr_line' id='line_1_90' title="bbox 1210 1110 2262 1174; baseline -0.002 -17"><span class='ocrx_word' id='word_1_592' title='bbox 1210 1123 1319 1162; x_wconf 79' lang='lat' dir='ltr'><em>Bafilii</em></span> <span class='ocrx_word' id='word_1_593' title='bbox 1341 1124 1493 1168; x_wconf 87' lang='lat' dir='ltr'><em>Liturgia</em></span> <span class='ocrx_word' id='word_1_594' title='bbox 1507 1126 1592 1159; x_wconf 86' lang='lat' dir='ltr'><em>orari</em></span> <span class='ocrx_word' id='word_1_595' title='bbox 1613 1124 1750 1159; x_wconf 86' lang='lat' dir='ltr'><em>mandat</em></span> <span class='ocrx_word' id='word_1_596' title='bbox 1768 1136 1828 1169; x_wconf 88' lang='lat' dir='ltr'><em>pro</em></span> <span class='ocrx_word' id='word_1_597' title='bbox 1854 1121 2109 1166; x_wconf 87' lang='lat' dir='ltr'><em>Archi-Episco-</em></span> <span class='ocrx_word' id='word_1_598' title='bbox 2125 1123 2157 1174; x_wconf 42' lang='lat' dir='ltr'><em>c]</em></span> <span class='ocrx_word' id='word_1_599' title='bbox 2164 1110 2262 1173; x_wconf 42' lang='lat'>1323&#39;</span> 
     </span>
     <span class='ocr_line' id='line_1_91' title="bbox 1212 1171 2109 1219; baseline -0.002 -12"><span class='ocrx_word' id='word_1_600' title='bbox 1212 1186 1279 1218; x_wconf 90' lang='lat' dir='ltr'><em>po,</em></span> <span class='ocrx_word' id='word_1_601' title='bbox 1305 1173 1524 1218; x_wconf 87' lang='lat' dir='ltr'><em>Metropolita</em></span> <span class='ocrx_word' id='word_1_602' title='bbox 1546 1199 1557 1214; x_wconf 96' lang='lat'><em>,</em></span> <span class='ocrx_word' id='word_1_603' title='bbox 1584 1175 1771 1219; x_wconf 86' lang='lat' dir='ltr'><em>Episcopo:</em></span> <span class='ocrx_word' id='word_1_604' title='bbox 1810 1173 1888 1209; x_wconf 90' lang='lat' dir='ltr'>Ubi</span> <span class='ocrx_word' id='word_1_605' title='bbox 1911 1171 2109 1216; x_wconf 87' lang='lat' dir='ltr'><em>Archi-Epi-</em></span> 
     </span>
     <span class='ocr_line' id='line_1_92' title="bbox 1213 1223 2108 1269; baseline -0.002 -11"><span class='ocrx_word' id='word_1_606' title='bbox 1213 1226 1328 1268; x_wconf 86' lang='lat' dir='ltr'><em>scopus</em></span> <span class='ocrx_word' id='word_1_607' title='bbox 1340 1224 1385 1262; x_wconf 87' lang='lat' dir='ltr'><em>est</em></span> <span class='ocrx_word' id='word_1_608' title='bbox 1398 1223 1506 1268; x_wconf 68' lang='lat' dir='ltr'><em>palam</em></span> <span class='ocrx_word' id='word_1_609' title='bbox 1528 1223 1637 1267; x_wconf 89' lang='lat' dir='ltr'><em>idem,</em></span> <span class='ocrx_word' id='word_1_610' title='bbox 1663 1226 1721 1269; x_wconf 88' lang='lat' dir='ltr'><em>qui</em></span> <span class='ocrx_word' id='word_1_611' title='bbox 1743 1224 1870 1261; x_wconf 81' lang='lat' dir='ltr'><em>Primas</em></span> <span class='ocrx_word' id='word_1_612' title='bbox 1892 1223 1945 1257; x_wconf 88' lang='lat' dir='ltr'><em>vel</em></span> <span class='ocrx_word' id='word_1_613' title='bbox 1969 1223 2108 1258; x_wconf 89' lang='lat' dir='ltr'><em>Patriar-</em></span> 
     </span>
     <span class='ocr_line' id='line_1_93' title="bbox 1211 1272 2111 1320; baseline -0.002 -12"><span class='ocrx_word' id='word_1_614' title='bbox 1211 1272 1292 1311; x_wconf 86' lang='lat' dir='ltr'><em>cha.</em></span> <span class='ocrx_word' id='word_1_615' title='bbox 1321 1275 1365 1311; x_wconf 89' lang='lat' dir='ltr'><em>Et</em></span> <span class='ocrx_word' id='word_1_616' title='bbox 1379 1274 1455 1308; x_wconf 88' lang='lat' dir='ltr'><em>istas</em></span> <span class='ocrx_word' id='word_1_617' title='bbox 1466 1274 1640 1318; x_wconf 75' lang='lat' dir='ltr'><em>justiniani</em></span> <span class='ocrx_word' id='word_1_618' title='bbox 1653 1275 1743 1320; x_wconf 89' lang='lat' dir='ltr'><em>leges</em></span> <span class='ocrx_word' id='word_1_619' title='bbox 1766 1276 1896 1313; x_wconf 82' lang='lat' dir='ltr'><em>secutus</em></span> <span class='ocrx_word' id='word_1_620' title='bbox 1920 1275 1954 1307; x_wconf 91' lang='lat' dir='ltr'><em>in</em></span> <span class='ocrx_word' id='word_1_621' title='bbox 1978 1273 2111 1307; x_wconf 89' lang='lat' dir='ltr'><em>Nomo-</em></span> 
     </span>
     <span class='ocr_line' id='line_1_94' title="bbox 1211 1324 2109 1369; baseline -0.003 -10"><span class='ocrx_word' id='word_1_622' title='bbox 1211 1326 1352 1359; x_wconf 89' lang='lat' dir='ltr'><em>Canone</em></span> <span class='ocrx_word' id='word_1_623' title='bbox 1373 1324 1516 1363; x_wconf 86' lang='lat' dir='ltr'><em>Photius</em></span> <span class='ocrx_word' id='word_1_624' title='bbox 1539 1326 1586 1362; x_wconf 87' lang='lat' dir='ltr'><em>ait</em></span> <span class='ocrx_word' id='word_1_625' title='bbox 1606 1324 1927 1369; x_wconf 87' lang='lat' dir='ltr'><em>Archi-Episcopum</em></span> <span class='ocrx_word' id='word_1_626' title='bbox 1947 1325 2013 1358; x_wconf 91' lang='lat' dir='ltr'><em>esse</em></span> <span class='ocrx_word' id='word_1_627' title='bbox 2035 1324 2109 1357; x_wconf 83' lang='lat' dir='ltr'><em>Me-</em></span> 
     </span>
     <span class='ocr_line' id='line_1_95' title="bbox 1210 1374 2293 1418; baseline -0.004 -9"><span class='ocrx_word' id='word_1_628' title='bbox 1210 1375 1369 1418; x_wconf 87' lang='lat' dir='ltr'><em>tropolita</em></span> <span class='ocrx_word' id='word_1_629' title='bbox 1387 1374 1546 1418; x_wconf 86' lang='lat' dir='ltr'><em>majorem</em></span> <span class='ocrx_word' id='word_1_630' title='bbox 1569 1401 1576 1408; x_wconf 90' lang='lat'><strong>.</strong></span> <span class='ocrx_word' id='word_1_631' title='bbox 1615 1375 1668 1408; x_wconf 85' lang='lat' dir='ltr'><em>Ex</em></span> <span class='ocrx_word' id='word_1_632' title='bbox 1690 1386 1758 1418; x_wconf 80' lang='lat' dir='ltr'><em>‚quo</em></span> <span class='ocrx_word' id='word_1_633' title='bbox 1781 1375 1886 1418; x_wconf 84' lang='lat' dir='ltr'><em>liquet</em></span> <span class='ocrx_word' id='word_1_634' title='bbox 1913 1375 2111 1408; x_wconf 86' lang='lat' dir='ltr'>recentiores</span> <span class='ocrx_word' id='word_1_635' title='bbox 2125 1376 2185 1408; x_wconf 81' lang='lat' dir='ltr'><em>Tit.</em></span> <span class='ocrx_word' id='word_1_636' title='bbox 2200 1378 2293 1407; x_wconf 80' lang='lat' dir='ltr'><em>1-c.8.</em></span> 
     </span>
     <span class='ocr_line' id='line_1_96' title="bbox 1211 1423 2109 1470; baseline -0.001 -12"><span class='ocrx_word' id='word_1_637' title='bbox 1211 1426 1344 1459; x_wconf 84' lang='lat' dir='ltr'><em>Graecos</em></span> <span class='ocrx_word' id='word_1_638' title='bbox 1355 1449 1367 1466; x_wconf 94' lang='lat'><em>,</em></span> <span class='ocrx_word' id='word_1_639' title='bbox 1394 1425 1452 1468; x_wconf 88' lang='lat' dir='ltr'><em>qui</em></span> <span class='ocrx_word' id='word_1_640' title='bbox 1465 1424 1787 1470; x_wconf 84' lang='lat' dir='ltr'><em>Archi-Episcopum</em></span> <span class='ocrx_word' id='word_1_641' title='bbox 1798 1425 1865 1459; x_wconf 89' lang='lat' dir='ltr'><em>esse</em></span> <span class='ocrx_word' id='word_1_642' title='bbox 1877 1424 2023 1458; x_wconf 85' lang='lat' dir='ltr'><em>statuunt</em></span> <span class='ocrx_word' id='word_1_643' title='bbox 2036 1423 2109 1457; x_wconf 93' lang='lat' dir='ltr'><em>solo</em></span> 
     </span>
     <span class='ocr_line' id='line_1_97' title="bbox 1211 1473 2107 1519; baseline -0.001 -11"><span class='ocrx_word' id='word_1_644' title='bbox 1211 1477 1349 1510; x_wconf 90' lang='lat' dir='ltr'><em>nomine</em></span> <span class='ocrx_word' id='word_1_645' title='bbox 1360 1473 1531 1512; x_wconf 85' lang='lat' dir='ltr'>&amp;honore</span> <span class='ocrx_word' id='word_1_646' title='bbox 1542 1475 1797 1519; x_wconf 88' lang='lat' dir='ltr'><em>Metropolitam</em></span> <span class='ocrx_word' id='word_1_647' title='bbox 1809 1500 1820 1517; x_wconf 95' lang='lat'><em>‚</em></span> <span class='ocrx_word' id='word_1_648' title='bbox 1844 1474 1879 1509; x_wconf 68' lang='grc' dir='ltr'><em>ὃς</em></span> <span class='ocrx_word' id='word_1_649' title='bbox 1891 1485 1969 1508; x_wconf 93' lang='lat' dir='ltr'><em>vero</em></span> <span class='ocrx_word' id='word_1_650' title='bbox 1980 1485 2017 1508; x_wconf 91' lang='lat' dir='ltr'><em>ac</em></span> <span class='ocrx_word' id='word_1_651' title='bbox 2028 1473 2107 1508; x_wconf 90' lang='lat' dir='ltr'><em>reali</em></span> 
     </span>
     <span class='ocr_line' id='line_1_98' title="bbox 1209 1524 2104 1569; baseline 0 -11"><span class='ocrx_word' id='word_1_652' title='bbox 1209 1526 1427 1569; x_wconf 84' lang='lat' dir='ltr'><em>Metropolita</em></span> <span class='ocrx_word' id='word_1_653' title='bbox 1442 1526 1605 1561; x_wconf 88' lang='lat' dir='ltr'><em>minorem</em></span> <span class='ocrx_word' id='word_1_654' title='bbox 1618 1526 1767 1565; x_wconf 86' lang='lat' dir='ltr'><em>faciunt,</em></span> <span class='ocrx_word' id='word_1_655' title='bbox 1789 1526 1808 1559; x_wconf 74' lang='lat' dir='ltr'><em>a</em></span> <span class='ocrx_word' id='word_1_656' title='bbox 1834 1524 1938 1569; x_wconf 84' lang='lat' dir='ltr'><em>phrasi</em></span> <span class='ocrx_word' id='word_1_657' title='bbox 1965 1525 2104 1567; x_wconf 85' lang='lat' dir='ltr'><em>antiqua</em></span> 
     </span>
     <span class='ocr_line' id='line_1_99' title="bbox 1211 1574 2110 1619; baseline -0.003 -9"><span class='ocrx_word' id='word_1_658' title='bbox 1211 1575 1386 1619; x_wconf 76' lang='lat' dir='ltr'><em>plurimum</em></span> <span class='ocrx_word' id='word_1_659' title='bbox 1397 1575 1567 1611; x_wconf 75' lang='lat' dir='ltr'><em>receffisse.</em></span> <span class='ocrx_word' id='word_1_660' title='bbox 1594 1576 1754 1610; x_wconf 90' lang='lat' dir='ltr'><em>Notanda</em></span> <span class='ocrx_word' id='word_1_661' title='bbox 1765 1575 1811 1609; x_wconf 91' lang='lat' dir='ltr'><em>est</em></span> <span class='ocrx_word' id='word_1_662' title='bbox 1839 1574 1983 1618; x_wconf 80' lang='lat' dir='ltr'><em>superius</em></span> <span class='ocrx_word' id='word_1_663' title='bbox 2006 1574 2110 1608; x_wconf 89' lang='lat' dir='ltr'><em>addu-</em></span> 
     </span>
    </p>

    <p class='ocr_par' dir='ltr' id='par_1_15' title="bbox 1210 1625 2112 1721">
     <span class='ocr_line' id='line_1_100' title="bbox 1210 1625 2110 1670; baseline -0.003 -10"><span class='ocrx_word' id='word_1_664' title='bbox 1210 1628 1259 1660; x_wconf 58' lang='grc' dir='ltr'><em>ἂι</em></span> <span class='ocrx_word' id='word_1_665' title='bbox 1284 1625 1440 1670; x_wconf 85' lang='lat' dir='ltr'><em>Ephefini</em></span> <span class='ocrx_word' id='word_1_666' title='bbox 1464 1626 1615 1663; x_wconf 81' lang='lat' dir='ltr'><em>Concilii</em></span> <span class='ocrx_word' id='word_1_667' title='bbox 1635 1625 1754 1670; x_wconf 77' lang='lat' dir='ltr'>phrasis</span> <span class='ocrx_word' id='word_1_668' title='bbox 1768 1649 1779 1666; x_wconf 87' lang='lat'><em>,</em></span> <span class='ocrx_word' id='word_1_669' title='bbox 1805 1626 1918 1658; x_wconf 90' lang='lat' dir='ltr'><em>dicens</em></span> <span class='ocrx_word' id='word_1_670' title='bbox 1940 1625 2110 1667; x_wconf 90' lang='lat' dir='ltr'><em>Cyrillum</em></span> 
     </span>
     <span class='ocr_line' id='line_1_101' title="bbox 1211 1674 2112 1721; baseline -0.002 -12"><span class='ocrx_word' id='word_1_671' title='bbox 1211 1674 1529 1721; x_wconf 83' lang='lat' dir='ltr'><em>Archi-Episcopum</em></span> <span class='ocrx_word' id='word_1_672' title='bbox 1541 1676 1574 1714; x_wconf 72' lang='grc' dir='ltr'><em>δε</em></span> <span class='ocrx_word' id='word_1_673' title='bbox 1587 1676 1774 1711; x_wconf 88' lang='lat' dir='ltr'><em>Memnona</em></span> <span class='ocrx_word' id='word_1_674' title='bbox 1797 1675 1998 1718; x_wconf 87' lang='lat' dir='ltr'><em>Episcopum</em></span> <span class='ocrx_word' id='word_1_675' title='bbox 2010 1699 2017 1706; x_wconf 90' lang='lat'><strong>.</strong></span> <span class='ocrx_word' id='word_1_676' title='bbox 2046 1675 2112 1708; x_wconf 90' lang='lat' dir='ltr'>Eo·</span> 
     </span>
    </p>

    <p class='ocr_par' dir='ltr' id='par_1_16' title="bbox 1209 1725 2112 1920">
     <span class='ocr_line' id='line_1_102' title="bbox 1210 1725 2109 1770; baseline -0.004 -9"><span class='ocrx_word' id='word_1_677' title='bbox 1210 1727 1285 1761; x_wconf 88' lang='lat' dir='ltr'><em>dem</em></span> <span class='ocrx_word' id='word_1_678' title='bbox 1297 1726 1399 1763; x_wconf 87' lang='lat' dir='ltr'><em>modo</em></span> <span class='ocrx_word' id='word_1_679' title='bbox 1409 1727 1444 1761; x_wconf 85' lang='lat' dir='ltr'><em>in</em></span> <span class='ocrx_word' id='word_1_680' title='bbox 1456 1726 1597 1770; x_wconf 88' lang='lat' dir='ltr'>Synodo</span> <span class='ocrx_word' id='word_1_681' title='bbox 1614 1725 1878 1760; x_wconf 87' lang='lat' dir='ltr'><em>Chalcedonenfi</em></span> <span class='ocrx_word' id='word_1_682' title='bbox 1905 1725 2109 1759; x_wconf 90' lang='lat' dir='ltr'><em>Dioscorum</em></span> 
     </span>
     <span class='ocr_line' id='line_1_103' title="bbox 1212 1774 2109 1821; baseline -0.001 -11"><span class='ocrx_word' id='word_1_683' title='bbox 1212 1776 1422 1812; x_wconf 77' lang='lat' dir='ltr'><em>Alexandria:</em></span> <span class='ocrx_word' id='word_1_684' title='bbox 1454 1775 1678 1814; x_wconf 77' lang='lat' dir='ltr'><em>Patriarcham</em></span> <span class='ocrx_word' id='word_1_685' title='bbox 1713 1774 1935 1821; x_wconf 69' lang='lat' dir='ltr'><em>gloriosissimi</em></span> <span class='ocrx_word' id='word_1_686' title='bbox 1979 1774 2109 1817; x_wconf 87' lang='lat' dir='ltr'><em>Judices</em></span> 
     </span>
     <span class='ocr_line' id='line_1_104' title="bbox 1209 1825 2107 1870; baseline -0.002 -10"><span class='ocrx_word' id='word_1_687' title='bbox 1209 1827 1379 1860; x_wconf 73' lang='lat' dir='ltr'><em>dumtaxat</em></span> <span class='ocrx_word' id='word_1_688' title='bbox 1393 1826 1615 1870; x_wconf 85' lang='lat' dir='ltr'><em>Episcopum,</em></span> <span class='ocrx_word' id='word_1_689' title='bbox 1641 1828 1797 1861; x_wconf 61' lang='lat' dir='ltr'><em>Sanctum</em></span> <span class='ocrx_word' id='word_1_690' title='bbox 1809 1826 1960 1860; x_wconf 87' lang='lat' dir='ltr'>Leonem</span> <span class='ocrx_word' id='word_1_691' title='bbox 1984 1825 2107 1868; x_wconf 85' lang='lat' dir='ltr'><em>Papam</em></span> 
     </span>
     <span class='ocr_line' id='line_1_105' title="bbox 1210 1874 2112 1920; baseline 0 -11"><span class='ocrx_word' id='word_1_692' title='bbox 1210 1877 1376 1919; x_wconf 87' lang='lat' dir='ltr'><em>appellant</em></span> <span class='ocrx_word' id='word_1_693' title='bbox 1389 1875 1709 1920; x_wconf 85' lang='lat' dir='ltr'><em>Archi-Episcopum</em></span> <span class='ocrx_word' id='word_1_694' title='bbox 1723 1901 1731 1908; x_wconf 90' lang='lat'>.</span> <span class='ocrx_word' id='word_1_695' title='bbox 1759 1876 1870 1910; x_wconf 84' lang='lat' dir='ltr'><em>Etiam</em></span> <span class='ocrx_word' id='word_1_696' title='bbox 1882 1875 1917 1910; x_wconf 86' lang='lat' dir='ltr'><em>in</em></span> <span class='ocrx_word' id='word_1_697' title='bbox 1931 1874 2051 1915; x_wconf 78' lang='lat' dir='ltr'><em>libellis</em></span> <span class='ocrx_word' id='word_1_698' title='bbox 2064 1876 2112 1911; x_wconf 88' lang='lat' dir='ltr'><em>ei-</em></span> 
     </span>
    </p>

    <p class='ocr_par' dir='ltr' id='par_1_17' title="bbox 1209 1923 2109 2070">
     <span class='ocr_line' id='line_1_106' title="bbox 1209 1923 2109 1969; baseline 0 -9"><span class='ocrx_word' id='word_1_699' title='bbox 1209 1926 1285 1960; x_wconf 87' lang='lat' dir='ltr'><em>dem</em></span> <span class='ocrx_word' id='word_1_700' title='bbox 1297 1926 1436 1969; x_wconf 88' lang='lat' dir='ltr'>Synodo</span> <span class='ocrx_word' id='word_1_701' title='bbox 1458 1926 1580 1961; x_wconf 87' lang='lat' dir='ltr'><em>oblatis</em></span> <span class='ocrx_word' id='word_1_702' title='bbox 1596 1926 1803 1961; x_wconf 88' lang='lat' dir='ltr'><em>Theodorus</em></span> <span class='ocrx_word' id='word_1_703' title='bbox 1827 1923 2002 1959; x_wconf 72' lang='lat' dir='ltr'><em>Diaconos</em></span> <span class='ocrx_word' id='word_1_704' title='bbox 2017 1925 2109 1960; x_wconf 65' lang='lat' dir='ltr'><em>’Ale-</em></span> 
     </span>
     <span class='ocr_line' id='line_1_107' title="bbox 1209 1974 2107 2020; baseline -0.002 -10"><span class='ocrx_word' id='word_1_705' title='bbox 1209 1975 1392 2015; x_wconf 85' lang='lat' dir='ltr'><em>xandrinus</em></span> <span class='ocrx_word' id='word_1_706' title='bbox 1407 2000 1415 2013; x_wconf 65' lang='grc'>,</span> <span class='ocrx_word' id='word_1_707' title='bbox 1443 1975 1575 2020; x_wconf 85' lang='lat' dir='ltr'><em>Nempe</em></span> <span class='ocrx_word' id='word_1_708' title='bbox 1584 1976 1712 2019; x_wconf 85' lang='lat' dir='ltr'><em>antiqui</em></span> <span class='ocrx_word' id='word_1_709' title='bbox 1726 2000 1738 2016; x_wconf 96' lang='lat'><em>,</em></span> <span class='ocrx_word' id='word_1_710' title='bbox 1763 1976 1843 2009; x_wconf 88' lang='lat' dir='ltr'><em>dum</em></span> <span class='ocrx_word' id='word_1_711' title='bbox 1863 1975 1904 2010; x_wconf 90' lang='lat' dir='ltr'><em>de</em></span> <span class='ocrx_word' id='word_1_712' title='bbox 1917 1974 2107 2009; x_wconf 89' lang='lat' dir='ltr'><em>Patriarcha</em></span> 
     </span>
     <span class='ocr_line' id='line_1_108' title="bbox 1209 2024 2107 2070; baseline -0.002 -10"><span class='ocrx_word' id='word_1_713' title='bbox 1209 2026 1342 2070; x_wconf 87' lang='lat' dir='ltr'><em>&amp;Papa</em></span> <span class='ocrx_word' id='word_1_714' title='bbox 1353 2049 1365 2065; x_wconf 86' lang='lat'><em>,</em></span> <span class='ocrx_word' id='word_1_715' title='bbox 1388 2035 1444 2061; x_wconf 86' lang='lat' dir='ltr'><em>aut</em></span> <span class='ocrx_word' id='word_1_716' title='bbox 1454 2024 1495 2059; x_wconf 91' lang='lat' dir='ltr'><em>de</em></span> <span class='ocrx_word' id='word_1_717' title='bbox 1505 2024 1694 2060; x_wconf 86' lang='lat' dir='ltr'><em>Patriarcha</em></span> <span class='ocrx_word' id='word_1_718' title='bbox 1706 2027 1740 2063; x_wconf 69' lang='grc' dir='ltr'><em>ὃς</em></span> <span class='ocrx_word' id='word_1_719' title='bbox 1753 2026 1902 2060; x_wconf 88' lang='lat' dir='ltr'><em>Primate</em></span> <span class='ocrx_word' id='word_1_720' title='bbox 1924 2025 2107 2070; x_wconf 90' lang='lat' dir='ltr'><em>loquuntur</em></span> 
     </span>
    </p>

    <p class='ocr_par' dir='ltr' id='par_1_18' title="bbox 1210 2074 2109 2121">
     <span class='ocr_line' id='line_1_109' title="bbox 1210 2074 2109 2121; baseline -0.002 -11"><span class='ocrx_word' id='word_1_721' title='bbox 1210 2087 1279 2110; x_wconf 91' lang='lat' dir='ltr'><em>uno</em></span> <span class='ocrx_word' id='word_1_722' title='bbox 1290 2086 1473 2121; x_wconf 82' lang='lat' dir='ltr'><em>contextu,</em></span> <span class='ocrx_word' id='word_1_723' title='bbox 1500 2075 1639 2114; x_wconf 89' lang='lat' dir='ltr'><em>honoris</em></span> <span class='ocrx_word' id='word_1_724' title='bbox 1658 2077 1754 2110; x_wconf 85' lang='lat' dir='ltr'><em>causa</em></span> <span class='ocrx_word' id='word_1_725' title='bbox 1777 2078 1962 2119; x_wconf 86' lang='lat' dir='ltr'><em>frequentes</em></span> <span class='ocrx_word' id='word_1_726' title='bbox 1985 2076 2046 2109; x_wconf 93' lang='lat' dir='ltr'><em>soli</em></span> <span class='ocrx_word' id='word_1_727' title='bbox 2061 2074 2109 2109; x_wconf 90' lang='lat' dir='ltr'><em>di-</em></span> 
     </span>
    </p>

    <p class='ocr_par' dir='ltr' id='par_1_19' title="bbox 1209 2124 2032 2171">
     <span class='ocr_line' id='line_1_110' title="bbox 1209 2124 2032 2171; baseline -0.001 -12"><span class='ocrx_word' id='word_1_728' title='bbox 1209 2126 1320 2171; x_wconf 88' lang='lat' dir='ltr'><em>gniori</em></span> <span class='ocrx_word' id='word_1_729' title='bbox 1333 2126 1468 2163; x_wconf 87' lang='lat' dir='ltr'><em>titulum</em></span> <span class='ocrx_word' id='word_1_730' title='bbox 1482 2124 1758 2169; x_wconf 77' lang='lat' dir='ltr'><em>Archi-Episcopi</em></span> <span class='ocrx_word' id='word_1_731' title='bbox 1775 2126 2008 2168; x_wconf 87' lang='lat' dir='ltr'><em>impartiuntur</em></span> <span class='ocrx_word' id='word_1_732' title='bbox 2025 2150 2032 2157; x_wconf 94' lang='lat'><strong><em>.</em></strong></span> 
     </span>
    </p>

    <p class='ocr_par' dir='ltr' id='par_1_20' title="bbox 1213 2173 2105 2220">
     <span class='ocr_line' id='line_1_111' title="bbox 1213 2173 2105 2220; baseline -0.001 -10"><span class='ocrx_word' id='word_1_733' title='bbox 1213 2173 1222 2177; x_wconf 51' lang='lat'><strong>⁸</strong></span> <span class='ocrx_word' id='word_1_734' title='bbox 1260 2175 1402 2214; x_wconf 80' lang='lat' dir='ltr'><em>Anlbas</em></span> <span class='ocrx_word' id='word_1_735' title='bbox 1413 2175 1628 2219; x_wconf 83' lang='lat' dir='ltr'><em>Metropolita</em></span> <span class='ocrx_word' id='word_1_736' title='bbox 1643 2175 1853 2218; x_wconf 87' lang='lat' dir='ltr'><em>Hierapolim</em></span> <span class='ocrx_word' id='word_1_737' title='bbox 1867 2176 1957 2209; x_wconf 88' lang='lat' dir='ltr'><em>iverit</em></span> <span class='ocrx_word' id='word_1_738' title='bbox 1971 2200 1981 2215; x_wconf 92' lang='lat'>‚</span> <span class='ocrx_word' id='word_1_739' title='bbox 2009 2174 2105 2220; x_wconf 88' lang='lat' dir='ltr'><em>igno-</em></span> 
     </span>
    </p>

    <p class='ocr_par' dir='ltr' id='par_1_21' title="bbox 1207 2224 2289 2521">
     <span class='ocr_line' id='line_1_112' title="bbox 1207 2224 2107 2273; baseline 0 -14"><span class='ocrx_word' id='word_1_740' title='bbox 1207 2237 1245 2259; x_wconf 91' lang='lat' dir='ltr'><em>ro</em></span> <span class='ocrx_word' id='word_1_741' title='bbox 1255 2251 1262 2259; x_wconf 90' lang='lat'><strong>.</strong></span> <span class='ocrx_word' id='word_1_742' title='bbox 1289 2226 1444 2273; x_wconf 83' lang='lat' dir='ltr'><em>Qatuor</em></span> <span class='ocrx_word' id='word_1_743' title='bbox 1455 2226 1544 2269; x_wconf 66' lang='lat' dir='ltr'><em>,supra</em></span> <span class='ocrx_word' id='word_1_744' title='bbox 1559 2226 1733 2263; x_wconf 85' lang='lat' dir='ltr'><em>memorati</em></span> <span class='ocrx_word' id='word_1_745' title='bbox 1747 2224 1931 2269; x_wconf 88' lang='lat' dir='ltr'>Presbyteri</span> <span class='ocrx_word' id='word_1_746' title='bbox 1944 2226 2107 2269; x_wconf 80' lang='lat' dir='ltr'><em>Hierapo-</em></span> 
     </span>
     <span class='ocr_line' id='line_1_113' title="bbox 1210 2273 2254 2330; baseline -0.001 -20"><span class='ocrx_word' id='word_1_747' title='bbox 1210 2276 1344 2310; x_wconf 86' lang='lat' dir='ltr'><em>lietiam</em></span> <span class='ocrx_word' id='word_1_748' title='bbox 1364 2273 1606 2317; x_wconf 75' lang='lat' dir='ltr'><em>Antiochiam,</em></span> <span class='ocrx_word' id='word_1_749' title='bbox 1644 2275 1737 2313; x_wconf 88' lang='lat' dir='ltr'><em>bidui</em></span> <span class='ocrx_word' id='word_1_750' title='bbox 1757 2276 1935 2313; x_wconf 86' lang='lat' dir='ltr'><em>distantem</em></span> <span class='ocrx_word' id='word_1_751' title='bbox 1963 2277 2104 2316; x_wconf 89' lang='lat' dir='ltr'><em>itinere,</em></span> <span class='ocrx_word' id='word_1_752' title='bbox 2129 2293 2254 2330; x_wconf 47' lang='lat' dir='ltr'><em>procop·</em></span> 
     </span>
     <span class='ocr_line' id='line_1_114' title="bbox 1207 2324 2289 2365; baseline 0.004 -6"><span class='ocrx_word' id='word_1_753' title='bbox 1207 2338 1283 2360; x_wconf 91' lang='lat' dir='ltr'><em>cum</em></span> <span class='ocrx_word' id='word_1_754' title='bbox 1294 2326 1358 2363; x_wconf 89' lang='lat' dir='ltr'><em>suis</em></span> <span class='ocrx_word' id='word_1_755' title='bbox 1369 2327 1578 2363; x_wconf 87' lang='lat' dir='ltr'><em>accusatoriis</em></span> <span class='ocrx_word' id='word_1_756' title='bbox 1591 2324 1711 2363; x_wconf 84' lang='lat' dir='ltr'><em>libellis</em></span> <span class='ocrx_word' id='word_1_757' title='bbox 1723 2327 1823 2363; x_wconf 84' lang='lat' dir='ltr'><em>secuti</em></span> <span class='ocrx_word' id='word_1_758' title='bbox 1839 2328 1913 2363; x_wconf 84' lang='lat' dir='ltr'><em>sunt</em></span> <span class='ocrx_word' id='word_1_759' title='bbox 1930 2326 2106 2360; x_wconf 81' lang='lat' dir='ltr'><em>Domuum</em></span> <span class='ocrx_word' id='word_1_760' title='bbox 2126 2332 2137 2361; x_wconf 90' lang='lat'>1</span> <span class='ocrx_word' id='word_1_761' title='bbox 2160 2331 2289 2365; x_wconf 79' lang='lat' dir='ltr'><em>1.debe1.</em></span> 
     </span>
     <span class='ocr_line' id='line_1_115' title="bbox 1208 2370 2203 2421; baseline 0 -12"><span class='ocrx_word' id='word_1_762' title='bbox 1208 2375 1450 2418; x_wconf 77' lang='lat' dir='ltr'><em>patriarcham,</em></span> <span class='ocrx_word' id='word_1_763' title='bbox 1475 2375 1517 2414; x_wconf 85' lang='lat' dir='ltr'><em>de</em></span> <span class='ocrx_word' id='word_1_764' title='bbox 1538 2388 1607 2420; x_wconf 90' lang='lat' dir='ltr'><em>quo</em></span> <span class='ocrx_word' id='word_1_765' title='bbox 1630 2376 1704 2410; x_wconf 91' lang='lat' dir='ltr'><em>lbas</em></span> <span class='ocrx_word' id='word_1_766' title='bbox 1716 2377 1846 2421; x_wconf 86' lang='lat' dir='ltr'><em>pergit:</em></span> <span class='ocrx_word' id='word_1_767' title='bbox 1873 2375 1924 2420; x_wconf 85' lang='lat' dir='ltr'><em>Isti</em></span> <span class='ocrx_word' id='word_1_768' title='bbox 1934 2386 2058 2418; x_wconf 86' lang='lat' dir='ltr'><em>quatuor</em></span> <span class='ocrx_word' id='word_1_769' title='bbox 2070 2379 2107 2412; x_wconf 88' lang='lat' dir='ltr'><em>li·</em></span> <span class='ocrx_word' id='word_1_770' title='bbox 2128 2370 2203 2403; x_wconf 61' lang='lat' dir='ltr'><em>Ptrs·</em></span> 
     </span>
     <span class='ocr_line' id='line_1_116' title="bbox 1207 2424 2105 2469; baseline 0.002 -10"><span class='ocrx_word' id='word_1_771' title='bbox 1207 2427 1296 2461; x_wconf 87' lang='lat' dir='ltr'><em>bellos</em></span> <span class='ocrx_word' id='word_1_772' title='bbox 1318 2426 1486 2462; x_wconf 82' lang='lat' dir='ltr'><em>obtulerunt</em></span> <span class='ocrx_word' id='word_1_773' title='bbox 1505 2425 1698 2469; x_wconf 82' lang='lat' dir='ltr'><em>religiofiffimo</em></span> <span class='ocrx_word' id='word_1_774' title='bbox 1723 2424 1868 2469; x_wconf 83' lang='lat' dir='ltr'><em>Episcopo</em></span> <span class='ocrx_word' id='word_1_775' title='bbox 1907 2430 2043 2466; x_wconf 87' lang='lat' dir='ltr'><em>Domno,</em></span> <span class='ocrx_word' id='word_1_776' title='bbox 2070 2429 2105 2461; x_wconf 67' lang='grc'><em>(5·</em></span> 
     </span>
     <span class='ocr_line' id='line_1_117' title="bbox 1207 2475 2103 2521; baseline 0 -11"><span class='ocrx_word' id='word_1_777' title='bbox 1207 2479 1332 2521; x_wconf 83' lang='lat' dir='ltr'><em>dignata</em></span> <span class='ocrx_word' id='word_1_778' title='bbox 1349 2475 1386 2517; x_wconf 88' lang='lat' dir='ltr'><em>est</em></span> <span class='ocrx_word' id='word_1_779' title='bbox 1406 2478 1471 2518; x_wconf 82' lang='lat' dir='ltr'><em>ejus</em></span> <span class='ocrx_word' id='word_1_780' title='bbox 1493 2477 1647 2511; x_wconf 73' lang='lat' dir='ltr'><em>saneiitas</em></span> <span class='ocrx_word' id='word_1_781' title='bbox 1658 2478 1806 2511; x_wconf 80' lang='lat' dir='ltr'><em>mandare</em></span> <span class='ocrx_word' id='word_1_782' title='bbox 1818 2486 1853 2512; x_wconf 86' lang='lat' dir='ltr'><em>ut</em></span> <span class='ocrx_word' id='word_1_783' title='bbox 1867 2488 2079 2510; x_wconf 85' lang='lat' dir='ltr'><em>occurreremus</em></span> <span class='ocrx_word' id='word_1_784' title='bbox 2096 2504 2103 2510; x_wconf 90' lang='lat'>.</span> 
     </span>
    </p>

    <p class='ocr_par' dir='ltr' id='par_1_22' title="bbox 1207 2525 2107 2620">
     <span class='ocr_line' id='line_1_118' title="bbox 1207 2525 2107 2571; baseline 0.001 -11"><span class='ocrx_word' id='word_1_785' title='bbox 1207 2530 1252 2563; x_wconf 83' lang='lat' dir='ltr'><em>Et</em></span> <span class='ocrx_word' id='word_1_786' title='bbox 1274 2532 1413 2569; x_wconf 85' lang='lat' dir='ltr'><em>quoniam</em></span> <span class='ocrx_word' id='word_1_787' title='bbox 1427 2526 1667 2571; x_wconf 71' lang='lat' dir='ltr'><em>‚Quadragelt‘ma</em></span> <span class='ocrx_word' id='word_1_788' title='bbox 1687 2536 1754 2563; x_wconf 88' lang='lat' dir='ltr'><em>erat</em></span> <span class='ocrx_word' id='word_1_789' title='bbox 1768 2551 1778 2566; x_wconf 96' lang='lat'><em>,</em></span> <span class='ocrx_word' id='word_1_790' title='bbox 1800 2525 2040 2568; x_wconf 80' lang='lat' dir='ltr'><em>postPaschalis</em></span> <span class='ocrx_word' id='word_1_791' title='bbox 2061 2529 2107 2561; x_wconf 90' lang='lat' dir='ltr'><em>fe-</em></span> 
     </span>
     <span class='ocr_line' id='line_1_119' title="bbox 1208 2575 2104 2620; baseline -0.002 -9"><span class='ocrx_word' id='word_1_792' title='bbox 1208 2578 1356 2614; x_wconf 82' lang='lat' dir='ltr'><em>stivitatis</em></span> <span class='ocrx_word' id='word_1_793' title='bbox 1377 2578 1456 2612; x_wconf 84' lang='lat' dir='ltr'><em>diem</em></span> <span class='ocrx_word' id='word_1_794' title='bbox 1472 2578 1555 2617; x_wconf 79' lang='lat' dir='ltr'><em>Juffit</em></span> <span class='ocrx_word' id='word_1_795' title='bbox 1577 2588 1738 2610; x_wconf 86' lang='lat' dir='ltr'><em>occurrere.</em></span> <span class='ocrx_word' id='word_1_796' title='bbox 1765 2578 1831 2620; x_wconf 76' lang='lat' dir='ltr'><em>,Qui</em></span> <span class='ocrx_word' id='word_1_797' title='bbox 1845 2575 1959 2619; x_wconf 67' lang='lat' dir='ltr'><em>scripsit</em></span> <span class='ocrx_word' id='word_1_798' title='bbox 1982 2576 2104 2610; x_wconf 83' lang='lat' dir='ltr'><em>mihiut</em></span> 
     </span>
    </p>

    <p class='ocr_par' dir='ltr' id='par_1_23' title="bbox 1207 2624 2100 2669">
     <span class='ocr_line' id='line_1_120' title="bbox 1207 2624 2100 2669; baseline -0.001 -8"><span class='ocrx_word' id='word_1_799' title='bbox 1207 2628 1247 2661; x_wconf 87' lang='lat' dir='ltr'><em>ab</em></span> <span class='ocrx_word' id='word_1_800' title='bbox 1269 2632 1569 2663; x_wconf 79' lang='lat' dir='ltr'><em>excommunicatione</em></span> <span class='ocrx_word' id='word_1_801' title='bbox 1589 2638 1636 2664; x_wconf 85' lang='lat' dir='ltr'><em>eos</em></span> <span class='ocrx_word' id='word_1_802' title='bbox 1657 2624 1839 2669; x_wconf 81' lang='lat' dir='ltr'><em>absolverem</em></span> <span class='ocrx_word' id='word_1_803' title='bbox 1859 2651 1867 2660; x_wconf 82' lang='lat'><strong>.</strong></span> <span class='ocrx_word' id='word_1_804' title='bbox 1892 2628 1996 2660; x_wconf 82' lang='lat' dir='ltr'><em>Erant</em></span> <span class='ocrx_word' id='word_1_805' title='bbox 2020 2633 2100 2660; x_wconf 89' lang='lat' dir='ltr'><em>enim</em></span> 
     </span>
    </p>

    <p class='ocr_par' dir='ltr' id='par_1_24' title="bbox 1202 2676 2104 2820">
     <span class='ocr_line' id='line_1_121' title="bbox 1208 2676 2104 2720; baseline -0.001 -10"><span class='ocrx_word' id='word_1_806' title='bbox 1208 2680 1228 2710; x_wconf 80' lang='grc' dir='ltr'><em>ἂ</em></span> <span class='ocrx_word' id='word_1_807' title='bbox 1249 2689 1296 2711; x_wconf 86' lang='lat' dir='ltr'><em>me</em></span> <span class='ocrx_word' id='word_1_808' title='bbox 1320 2683 1563 2714; x_wconf 81' lang='lat' dir='ltr'><em>excommunicati</em></span> <span class='ocrx_word' id='word_1_809' title='bbox 1582 2702 1589 2712; x_wconf 87' lang='lat'><em>.</em></span> <span class='ocrx_word' id='word_1_810' title='bbox 1616 2679 1683 2720; x_wconf 83' lang='lat' dir='ltr'><em>Ego</em></span> <span class='ocrx_word' id='word_1_811' title='bbox 1704 2682 1803 2711; x_wconf 88' lang='lat' dir='ltr'><em>omnia</em></span> <span class='ocrx_word' id='word_1_812' title='bbox 1822 2676 1981 2719; x_wconf 80' lang='lat' dir='ltr'><em>sententiae</em></span> <span class='ocrx_word' id='word_1_813' title='bbox 2003 2677 2104 2710; x_wconf 83' lang='lat' dir='ltr'><em>Archi-</em></span> 
     </span>
     <span class='ocr_line' id='line_1_122' title="bbox 1207 2724 2103 2773; baseline 0 -13"><span class='ocrx_word' id='word_1_814' title='bbox 1207 2725 1348 2770; x_wconf 85' lang='lat' dir='ltr'><em>Episcopi</em></span> <span class='ocrx_word' id='word_1_815' title='bbox 1367 2727 1527 2771; x_wconf 84' lang='lat' dir='ltr'><em>dereliqui.</em></span> <span class='ocrx_word' id='word_1_816' title='bbox 1557 2729 1622 2771; x_wconf 73' lang='lat' dir='ltr'><em>‚Qui</em></span> <span class='ocrx_word' id='word_1_817' title='bbox 1646 2724 1912 2773; x_wconf 79' lang='lat' dir='ltr'><em>Archi-Episcopus</em></span> <span class='ocrx_word' id='word_1_818' title='bbox 1924 2735 2050 2769; x_wconf 84' lang='lat' dir='ltr'><em>propter</em></span> <span class='ocrx_word' id='word_1_819' title='bbox 2053 2726 2103 2769; x_wconf 86' lang='lat' dir='ltr'><em>fe-</em></span> 
     </span>
     <span class='ocr_line' id='line_1_123' title="bbox 1202 2775 2102 2820; baseline 0 -10"><span class='ocrx_word' id='word_1_820' title='bbox 1202 2778 1373 2818; x_wconf 86' lang='lat' dir='ltr'><em>stivitatem</em></span> <span class='ocrx_word' id='word_1_821' title='bbox 1394 2776 1433 2810; x_wconf 86' lang='lat' dir='ltr'><em>ab</em></span> <span class='ocrx_word' id='word_1_822' title='bbox 1457 2783 1752 2815; x_wconf 78' lang='lat' dir='ltr'><em>excommunicatione</em></span> <span class='ocrx_word' id='word_1_823' title='bbox 1763 2789 1809 2810; x_wconf 89' lang='lat' dir='ltr'><em>eos</em></span> <span class='ocrx_word' id='word_1_824' title='bbox 1822 2775 1953 2818; x_wconf 75' lang='lat' dir='ltr'><em>absolvit</em></span> <span class='ocrx_word' id='word_1_825' title='bbox 1966 2801 1976 2817; x_wconf 94' lang='lat'><em>,</em></span> <span class='ocrx_word' id='word_1_826' title='bbox 1998 2775 2054 2820; x_wconf 87' lang='lat' dir='ltr'><em>sub</em></span> <span class='ocrx_word' id='word_1_827' title='bbox 2065 2789 2102 2811; x_wconf 88' lang='lat' dir='ltr'><em>ea</em></span> 
     </span>
    </p>

    <p class='ocr_par' dir='ltr' id='par_1_25' title="bbox 1208 2826 2101 2873">
     <span class='ocr_line' id='line_1_124' title="bbox 1208 2826 2101 2873; baseline -0.001 -12"><span class='ocrx_word' id='word_1_828' title='bbox 1208 2838 1311 2861; x_wconf 87' lang='lat' dir='ltr'><em>tamen</em></span> <span class='ocrx_word' id='word_1_829' title='bbox 1332 2826 1500 2871; x_wconf 82' lang='lat' dir='ltr'><em>definitione</em></span> <span class='ocrx_word' id='word_1_830' title='bbox 1527 2852 1539 2873; x_wconf 80' lang='lat'><em>,</em></span> <span class='ocrx_word' id='word_1_831' title='bbox 1574 2837 1608 2864; x_wconf 88' lang='lat' dir='ltr'><em>ut</em></span> <span class='ocrx_word' id='word_1_832' title='bbox 1633 2840 1691 2864; x_wconf 85' lang='lat' dir='ltr'><em>non</em></span> <span class='ocrx_word' id='word_1_833' title='bbox 1723 2828 1896 2865; x_wconf 80' lang='lat' dir='ltr'><em>excederent</em></span> <span class='ocrx_word' id='word_1_834' title='bbox 1923 2827 2101 2869; x_wconf 80' lang='lat' dir='ltr'><em>Antiochia,</em></span> 
     </span>
    </p>

    <p class='ocr_par' dir='ltr' id='par_1_26' title="bbox 1208 2876 2102 2922">
     <span class='ocr_line' id='line_1_125' title="bbox 1208 2876 2102 2922; baseline 0 -11"><span class='ocrx_word' id='word_1_835' title='bbox 1208 2879 1295 2911; x_wconf 85' lang='lat' dir='ltr'><em>donec</em></span> <span class='ocrx_word' id='word_1_836' title='bbox 1320 2877 1503 2922; x_wconf 87' lang='lat' dir='ltr'><em>sententiam</em></span> <span class='ocrx_word' id='word_1_837' title='bbox 1534 2876 1625 2920; x_wconf 86' lang='lat' dir='ltr'><em>causa</em></span> <span class='ocrx_word' id='word_1_838' title='bbox 1652 2883 1816 2920; x_wconf 85' lang='lat' dir='ltr'><em>perciperet</em></span> <span class='ocrx_word' id='word_1_839' title='bbox 1829 2902 1836 2910; x_wconf 83' lang='lat'><strong>.</strong></span> <span class='ocrx_word' id='word_1_840' title='bbox 1864 2880 1894 2914; x_wconf 73' lang='lat' dir='ltr'><em>si</em></span> <span class='ocrx_word' id='word_1_841' title='bbox 1918 2887 2018 2911; x_wconf 85' lang='lat' dir='ltr'><em>autem</em></span> <span class='ocrx_word' id='word_1_842' title='bbox 2036 2878 2102 2912; x_wconf 80' lang='lat' dir='ltr'><em>exi-</em></span> 
     </span>
    </p>

    <p class='ocr_par' dir='ltr' id='par_1_27' title="bbox 1206 2926 2099 2971">
     <span class='ocr_line' id='line_1_126' title="bbox 1206 2926 2099 2971; baseline -0.002 -9"><span class='ocrx_word' id='word_1_843' title='bbox 1206 2937 1284 2968; x_wconf 85' lang='lat' dir='ltr'><em>rent,</em></span> <span class='ocrx_word' id='word_1_844' title='bbox 1293 2938 1459 2971; x_wconf 83' lang='lat' dir='ltr'><em>antequam</em></span> <span class='ocrx_word' id='word_1_845' title='bbox 1465 2929 1558 2971; x_wconf 83' lang='lat' dir='ltr'><em>finem</em></span> <span class='ocrx_word' id='word_1_846' title='bbox 1569 2926 1657 2971; x_wconf 86' lang='lat' dir='ltr'><em>causa</em></span> <span class='ocrx_word' id='word_1_847' title='bbox 1662 2933 1825 2971; x_wconf 84' lang='lat' dir='ltr'><em>perciperet</em></span> <span class='ocrx_word' id='word_1_848' title='bbox 1835 2952 1846 2968; x_wconf 90' lang='lat'><em>,</em></span> <span class='ocrx_word' id='word_1_849' title='bbox 1855 2929 1963 2968; x_wconf 82' lang='lat' dir='ltr'><em>majori</em></span> <span class='ocrx_word' id='word_1_850' title='bbox 1975 2928 2099 2962; x_wconf 85' lang='lat' dir='ltr'><em>damna·</em></span> 
     </span>
    </p>

    <p class='ocr_par' dir='ltr' id='par_1_28' title="bbox 1208 2978 2098 3066">
     <span class='ocr_line' id='line_1_127' title="bbox 1208 2978 2098 3022; baseline 0 -10"><span class='ocrx_word' id='word_1_851' title='bbox 1208 2985 1297 3014; x_wconf 76' lang='lat' dir='ltr'><em>tionis</em></span> <span class='ocrx_word' id='word_1_852' title='bbox 1318 2987 1418 3021; x_wconf 84' lang='lat' dir='ltr'><em>poenae</em></span> <span class='ocrx_word' id='word_1_853' title='bbox 1433 2978 1521 3022; x_wconf 70' lang='lat' dir='ltr'><em>efflent</em></span> <span class='ocrx_word' id='word_1_854' title='bbox 1544 2978 1681 3015; x_wconf 78' lang='lat' dir='ltr'><em>obnoxii,</em></span> <span class='ocrx_word' id='word_1_855' title='bbox 1710 2979 1764 3016; x_wconf 84' lang='lat' dir='ltr'><em>Ex</em></span> <span class='ocrx_word' id='word_1_856' title='bbox 1783 2988 1849 3021; x_wconf 91' lang='lat' dir='ltr'><em>quo</em></span> <span class='ocrx_word' id='word_1_857' title='bbox 1865 2978 1954 3012; x_wconf 91' lang='lat' dir='ltr'><em>vides</em></span> <span class='ocrx_word' id='word_1_858' title='bbox 1966 2989 2098 3013; x_wconf 82' lang='lat' dir='ltr'><em>excom-</em></span> 
     </span>
     <span class='ocr_line' id='line_1_128' title="bbox 1209 3026 2097 3066; baseline 0 -4"><span class='ocrx_word' id='word_1_859' title='bbox 1209 3029 1443 3065; x_wconf 88' lang='lat' dir='ltr'><em>municationis</em></span> <span class='ocrx_word' id='word_1_860' title='bbox 1454 3028 1697 3066; x_wconf 86' lang='lat' dir='ltr'><em>absolutionem</em></span> <span class='ocrx_word' id='word_1_861' title='bbox 1708 3029 1747 3063; x_wconf 86' lang='lat' dir='ltr'><em>ad</em></span> <span class='ocrx_word' id='word_1_862' title='bbox 1759 3026 2008 3062; x_wconf 89' lang='lat' dir='ltr'><em>reincidentiam</em></span> <span class='ocrx_word' id='word_1_863' title='bbox 2021 3029 2097 3062; x_wconf 84' lang='lat' dir='ltr'><em>fuis-</em></span> 
     </span>
    </p>

    <p class='ocr_par' dir='ltr' id='par_1_29' title="bbox 1208 3079 2091 3122">
     <span class='ocr_line' id='line_1_129' title="bbox 1208 3079 2091 3122; baseline 0 -10"><span class='ocrx_word' id='word_1_864' title='bbox 1208 3080 1237 3112; x_wconf 91' lang='lat' dir='ltr'><em>se</em></span> <span class='ocrx_word' id='word_1_865' title='bbox 1249 3080 1349 3114; x_wconf 84' lang='lat' dir='ltr'><em>etiam</em></span> <span class='ocrx_word' id='word_1_866' title='bbox 1361 3079 1506 3122; x_wconf 87' lang='lat' dir='ltr'><em>antiquis</em></span> <span class='ocrx_word' id='word_1_867' title='bbox 1517 3079 1666 3116; x_wconf 78' lang='lat' dir='ltr'><em>usitatam</em></span> <span class='ocrx_word' id='word_1_868' title='bbox 1680 3079 1714 3117; x_wconf 71' lang='grc' dir='ltr'><em>ὃς</em></span> <span class='ocrx_word' id='word_1_869' title='bbox 1729 3089 1840 3116; x_wconf 87' lang='lat' dir='ltr'><em>notam</em></span> <span class='ocrx_word' id='word_1_870' title='bbox 1851 3103 1859 3110; x_wconf 89' lang='lat'><em>.</em></span> <span class='ocrx_word' id='word_1_871' title='bbox 1887 3079 1931 3115; x_wconf 86' lang='lat' dir='ltr'><em>Et</em></span> <span class='ocrx_word' id='word_1_872' title='bbox 1956 3089 2035 3113; x_wconf 87' lang='lat' dir='ltr'><em>tunc</em></span> <span class='ocrx_word' id='word_1_873' title='bbox 2046 3079 2091 3112; x_wconf 85' lang='lat' dir='ltr'><em>fa-</em></span> 
     </span>
    </p>

    <p class='ocr_par' dir='ltr' id='par_1_30' title="bbox 1207 3127 2097 3173">
     <span class='ocr_line' id='line_1_130' title="bbox 1207 3127 2097 3173; baseline -0.003 -9"><span class='ocrx_word' id='word_1_874' title='bbox 1207 3131 1294 3164; x_wconf 65' lang='lat' dir='ltr'><em>stum</em></span> <span class='ocrx_word' id='word_1_875' title='bbox 1317 3128 1363 3163; x_wconf 87' lang='lat' dir='ltr'><em>est</em></span> <span class='ocrx_word' id='word_1_876' title='bbox 1382 3127 1425 3165; x_wconf 87' lang='lat' dir='ltr'><em>ab</em></span> <span class='ocrx_word' id='word_1_877' title='bbox 1441 3127 1505 3164; x_wconf 79' lang='lat' dir='ltr'><em>lbae</em></span> <span class='ocrx_word' id='word_1_878' title='bbox 1517 3128 1651 3172; x_wconf 87' lang='lat' dir='ltr'><em>amicis,</em></span> <span class='ocrx_word' id='word_1_879' title='bbox 1678 3129 1768 3173; x_wconf 86' lang='lat' dir='ltr'><em>quod</em></span> <span class='ocrx_word' id='word_1_880' title='bbox 1781 3128 1822 3166; x_wconf 86' lang='lat' dir='ltr'><em>ad</em></span> <span class='ocrx_word' id='word_1_881' title='bbox 1833 3128 2006 3173; x_wconf 86' lang='lat' dir='ltr'><em>Synodum</em></span> <span class='ocrx_word' id='word_1_882' title='bbox 2024 3138 2097 3171; x_wconf 80' lang='lat' dir='ltr'><em>prae-</em></span> 
     </span>
    </p>

    <p class='ocr_par' dir='ltr' id='par_1_31' title="bbox 1210 3176 2099 3225">
     <span class='ocr_line' id='line_1_131' title="bbox 1210 3176 2099 3225; baseline -0.002 -13"><span class='ocrx_word' id='word_1_883' title='bbox 1210 3180 1330 3213; x_wconf 87' lang='lat' dir='ltr'><em>sentem</em></span> <span class='ocrx_word' id='word_1_884' title='bbox 1349 3178 1481 3223; x_wconf 83' lang='lat' dir='ltr'><em>questus</em></span> <span class='ocrx_word' id='word_1_885' title='bbox 1503 3178 1548 3213; x_wconf 90' lang='lat' dir='ltr'><em>est</em></span> <span class='ocrx_word' id='word_1_886' title='bbox 1570 3177 1744 3225; x_wconf 86' lang='lat' dir='ltr'><em>Presbyter</em></span> <span class='ocrx_word' id='word_1_887' title='bbox 1757 3178 1940 3223; x_wconf 87' lang='lat' dir='ltr'><em>Eulogius:</em></span> <span class='ocrx_word' id='word_1_888' title='bbox 1967 3181 2048 3214; x_wconf 86' lang='lat' dir='ltr'><em>Dum</em></span> <span class='ocrx_word' id='word_1_889' title='bbox 2058 3176 2099 3221; x_wconf 89' lang='lat' dir='ltr'><em>es-</em></span> 
     </span>
    </p>

    <p class='ocr_par' dir='ltr' id='par_1_32' title="bbox 1203 3227 2098 3273">
     <span class='ocr_line' id='line_1_132' title="bbox 1203 3227 2098 3273; baseline -0.001 -12"><span class='ocrx_word' id='word_1_890' title='bbox 1203 3228 1298 3272; x_wconf 86' lang='lat' dir='ltr'><em>semus</em></span> <span class='ocrx_word' id='word_1_891' title='bbox 1322 3233 1355 3262; x_wconf 84' lang='lat' dir='ltr'><em>in</em></span> <span class='ocrx_word' id='word_1_892' title='bbox 1376 3227 1531 3263; x_wconf 71' lang='lat' dir='ltr'><em>Antiochia</em></span> <span class='ocrx_word' id='word_1_893' title='bbox 1547 3251 1559 3267; x_wconf 91' lang='lat'><em>,</em></span> <span class='ocrx_word' id='word_1_894' title='bbox 1577 3227 1718 3273; x_wconf 70' lang='lat' dir='ltr'><em>ficerunt</em></span> <span class='ocrx_word' id='word_1_895' title='bbox 1741 3228 1930 3266; x_wconf 64' lang='lat' dir='ltr'><em>dic‘lationem</em></span> <span class='ocrx_word' id='word_1_896' title='bbox 1950 3229 2098 3270; x_wconf 78' lang='lat' dir='ltr'><em>laudum,</em></span> 
     </span>
    </p>

    <p class='ocr_par' dir='ltr' id='par_1_33' title="bbox 1205 3275 2097 3473">
     <span class='ocr_line' id='line_1_133' title="bbox 1207 3275 2096 3323; baseline -0.003 -10"><span class='ocrx_word' id='word_1_897' title='bbox 1207 3282 1240 3313; x_wconf 58' lang='lat' dir='ltr'><em>(u</em></span> <span class='ocrx_word' id='word_1_898' title='bbox 1266 3278 1344 3312; x_wconf 88' lang='lat' dir='ltr'><em>hanc</em></span> <span class='ocrx_word' id='word_1_899' title='bbox 1367 3277 1610 3321; x_wconf 78' lang='lat' dir='ltr'><em>circumferebant</em></span> <span class='ocrx_word' id='word_1_900' title='bbox 1637 3282 1760 3316; x_wconf 73' lang='lat' dir='ltr'><em>clericis</em></span> <span class='ocrx_word' id='word_1_901' title='bbox 1796 3286 1830 3315; x_wconf 80' lang='lat' dir='ltr'><em>ut</em></span> <span class='ocrx_word' id='word_1_902' title='bbox 1860 3275 2096 3323; x_wconf 77' lang='lat' dir='ltr'><em>subscriberent.</em></span> 
     </span>
     <span class='ocr_line' id='line_1_134' title="bbox 1207 3327 2097 3375; baseline 0.001 -14"><span class='ocrx_word' id='word_1_903' title='bbox 1207 3329 1344 3372; x_wconf 71' lang='lat' dir='ltr'><em>‚Quidam</em></span> <span class='ocrx_word' id='word_1_904' title='bbox 1364 3330 1561 3370; x_wconf 84' lang='lat' dir='ltr'><em>Clericorum,</em></span> <span class='ocrx_word' id='word_1_905' title='bbox 1585 3338 1640 3364; x_wconf 86' lang='lat' dir='ltr'><em>aut</em></span> <span class='ocrx_word' id='word_1_906' title='bbox 1665 3331 1832 3375; x_wconf 83' lang='lat' dir='ltr'><em>quindecim</em></span> <span class='ocrx_word' id='word_1_907' title='bbox 1855 3338 1909 3365; x_wconf 77' lang='lat' dir='ltr'><em>aut</em></span> <span class='ocrx_word' id='word_1_908' title='bbox 1922 3327 2097 3367; x_wconf 59' lang='lat' dir='ltr'><em>odada-cim,</em></span> 
     </span>
     <span class='ocr_line' id='line_1_135' title="bbox 1205 3378 2096 3423; baseline 0.001 -13"><span class='ocrx_word' id='word_1_909' title='bbox 1205 3378 1380 3422; x_wconf 86' lang='lat' dir='ltr'><em>subscribere</em></span> <span class='ocrx_word' id='word_1_910' title='bbox 1391 3382 1567 3419; x_wconf 81' lang='lat' dir='ltr'><em>noluerunt,</em></span> <span class='ocrx_word' id='word_1_911' title='bbox 1594 3381 1741 3415; x_wconf 80' lang='lat' dir='ltr'><em>dicentes:</em></span> <span class='ocrx_word' id='word_1_912' title='bbox 1771 3379 1861 3415; x_wconf 57' lang='lat' dir='ltr'><em>Forte*</em></span> <span class='ocrx_word' id='word_1_913' title='bbox 1880 3384 2096 3423; x_wconf 85' lang='lat' dir='ltr'><em>interrogamur</em></span> 
     </span>
     <span class='ocr_line' id='line_1_136' title="bbox 1206 3427 2094 3473; baseline -0.002 -10"><span class='ocrx_word' id='word_1_914' title='bbox 1206 3430 1344 3472; x_wconf 85' lang='lat' dir='ltr'><em>aliquid,</em></span> <span class='ocrx_word' id='word_1_915' title='bbox 1368 3431 1403 3464; x_wconf 68' lang='grc' dir='ltr'><em>ό·</em></span> <span class='ocrx_word' id='word_1_916' title='bbox 1425 3427 1570 3473; x_wconf 85' lang='lat' dir='ltr'><em>nescimus</em></span> <span class='ocrx_word' id='word_1_917' title='bbox 1590 3430 1666 3471; x_wconf 88' lang='lat' dir='ltr'><em>quid</em></span> <span class='ocrx_word' id='word_1_918' title='bbox 1686 3430 1778 3462; x_wconf 86' lang='lat' dir='ltr'><em>dicere</em></span> <span class='ocrx_word' id='word_1_919' title='bbox 1797 3452 1809 3468; x_wconf 90' lang='lat'><em>,</em></span> <span class='ocrx_word' id='word_1_920' title='bbox 1835 3430 1871 3462; x_wconf 66' lang='grc' dir='ltr'><em>(τ</em></span> <span class='ocrx_word' id='word_1_921' title='bbox 1892 3434 2013 3462; x_wconf 81' lang='lat' dir='ltr'><em>mentiri</em></span> <span class='ocrx_word' id='word_1_922' title='bbox 2036 3439 2094 3461; x_wconf 86' lang='lat' dir='ltr'><em>non</em></span> 
     </span>
    </p>
   </div>
   <div class='ocr_carea' id='block_1_8' title="bbox 1206 3477 2096 3562">
    <p class='ocr_par' dir='ltr' id='par_1_34' title="bbox 1206 3477 2096 3562">
     <span class='ocr_line' id='line_1_137' title="bbox 1206 3477 2096 3559; baseline 0.001 -48"><span class='ocrx_word' id='word_1_923' title='bbox 1206 3481 1365 3523; x_wconf 80' lang='lat' dir='ltr'><em>possumus.</em></span> <span class='ocrx_word' id='word_1_924' title='bbox 1395 3484 1458 3516; x_wconf 81' lang='lat' dir='ltr'><em>Hos</em></span> <span class='ocrx_word' id='word_1_925' title='bbox 1480 3480 1627 3515; x_wconf 79' lang='lat' dir='ltr'><em>deducens</em></span> <span class='ocrx_word' id='word_1_926' title='bbox 1637 3485 1670 3513; x_wconf 90' lang='lat' dir='ltr'><em>in</em></span> <span class='ocrx_word' id='word_1_927' title='bbox 1690 3477 1845 3522; x_wconf 78' lang='lat' dir='ltr'><em>Ecclesiam</em></span> <span class='ocrx_word' id='word_1_928' title='bbox 1855 3478 2023 3559; x_wconf 67' lang='lat' dir='ltr'><em>violentcrl,</em></span> <span class='ocrx_word' id='word_1_929' title='bbox 2049 3483 2096 3512; x_wconf 88' lang='lat' dir='ltr'><em>in·</em></span> 
     </span>
     <span class='ocr_line' id='line_1_138' title="bbox 1988 3539 2046 3562; baseline -0.017 0"><span class='ocrx_word' id='word_1_930' title='bbox 1988 3539 2002 3562; x_wconf 87' lang='lat' dir='ltr'><em>c</em></span> <span class='ocrx_word' id='word_1_931' title='bbox 2013 3540 2046 3561; x_wconf 85' lang='lat' dir='ltr'><em>a·</em></span> 
     </span>
    </p>
   </div>
  </div>
 </body>
</html>
