2340 3736
105 1933 167 1968 Lib,
174 1944 190 1970 ,ι
201 1944 224 1965 ¹.

104 1984 134 2006 ca
142 1983 168 2010 7·

357 168 461 226 318¹.
631 176 637 181 '
754 162 1180 212 'Dlss'ettrano

281 248 476 334 εἰονιῇσῖῗα
491 255 510 281 .’
525 245 730 293 originalis,
768 249 882 292 utique
902 248 1056 287 Graecus,
1079 247 1172 280 Tex-

286 299 393 337 tuslnt
437 322 449 338 ‚
468 309 524 334 aut
546 299 661 342 periit.
692 299 844 333 Omnino
865 297 1015 331 existimo
1033 307 1093 339 pro
1115 306 1173 330 vo·

284 349 398 390 cibus,
422 359 486 383 tres
524 348 756 394 subsistentias,
800 349 867 382 illis
890 347 982 381 fuisse
999 354 1062 380 tres
1084 349 1171 388 Hypo-

276 398 392 444 stases.
419 400 530 444 Qare
543 392 709 442 ijatius
723 398 787 433 Vir
808 400 866 432 suo
891 396 1004 431 sarculo
1024 407 1080 440 per
1099 407 1171 430 om·

284 449 341 487 nia
374 448 604 483 eruditiffimus
622 448 770 483 adfirmat
793 449 899 482 varia.
936 446 1050 481 Primo
1078 446 1168 490 quod

283 499 370 543 apud
381 498 550 543 Antiquos
569 499 603 534 ὃς
626 499 812 533 Graecorum
832 498 866 531 &
888 497 1084 530 Latinorum
1110 495 1169 530 Pa-

283 559 347 585 tres
368 574 379 590 ,
406 561 492 590 vox,
518 547 702 592 fflpossafis,
729 547 949 582 indifferenter
973 545 1167 591 significavit

283 601 320 634 &
345 600 507 645 Naturam
531 599 567 633 δε
593 597 787 634 Personam.
814 595 967 631 Secundo
987 596 1076 640 quod
1093 607 1166 631 ean-

284 650 361 685 dem
373 661 487 684 vocem
499 649 683 684 Orientales
707 658 766 691 pro
788 648 951 687 Persona,
972 646 1166 681 Occidenta-

283 701 331 734 les
341 700 451 739 Patres
461 700 597 734 mallent
610 698 755 740 accipere
767 723 778 738 ,
803 709 841 732 ac
853 697 964 740 paffim
984 698 1166 740 acceperint

283 761 344 795 pro
370 749 547 784 substantia
571 749 625 783 seu
651 749 804 782 essentia.
844 747 963 782 Tertio
988 748 1077 791 quod
1104 746 1164 780 hac

282 798 326 835 de
343 801 435 835 causa
447 798 634 833 orientales
651 797 751 833 libere
772 796 918 832 dicerent
930 792 1166 837 ,ioccidenta-

282 850 330 884 les
340 861 448 884 autem
459 850 642 884 recusarent
654 847 761 885 dicere
772 857 834 882 tres
847 849 881 882 in
902 849 978 882 Deo
1001 847 1165 890 Hyposta-

282 901 348 934 ses.
377 900 467 947 Quia
485 898 638 933 innostra
652 899 765 944 lingua
780 910 848 932 non
858 893 998 932 dicimus
1009 908 1072 930 tres
1097 896 1166 930 snb-

282 950 436 985 stantias.
467 948 599 996 Quarto
610 948 700 993 quod
720 948 886 990 utriusque
906 947 1028 992 linguae
1043 946 1165 991 peritus

281 1000 417 1035 Sanctus
443 997 642 1034 Athanasius
668 998 759 1032 litem
787 998 1023 1041 composuerit:
1061 997 1165 1043 Qod

280 1060 452 1092 utramque
477 1059 610 1094 gentem
648 1049 829 1093 permiserit
856 1049 891 1089 in
920 1049 978 1082 suo
1005 1046 1164 1091 loquendi

280 1099 383 1135 modo
410 1111 447 1134 ac
470 1100 560 1133 sensu
586 1098 751 1134 abundare
770 1123 776 1130 .
816 1097 918 1145 Quod
940 1109 979 1133 ea
1002 1097 1044 1131 de
1069 1098 1163 1131 causa

280 1149 376 1184 istam
403 1161 520 1185 vocem
542 1148 741 1195 quandoque
761 1160 819 1192 pro
839 1149 972 1183 essentia
993 1147 1164 1191 acceperit,

281 1199 481 1244 quandoque
503 1212 562 1244 pro
586 1200 750 1234 Persona.
777 1199 910 1246 Qinto
930 1199 1099 1241 Hypatius
1120 1197 1165 1230 di-

280 1251 351 1290 cit,
378 1250 468 1294 quod
494 1251 626 1286 Sanetus
639 1249 784 1293 Cyrillus
810 1250 849 1283 fit
874 1249 999 1282 secutus
1020 1247 1088 1291 ejus
1117 1259 1165 1281 ve-

281 1299 397 1345 stigia.
426 1301 469 1336 Et
498 1299 615 1334 habuit
640 1301 802 1334 rationes.
831 1299 965 1333 Etenim
993 1310 1060 1331 non
1075 1298 1166 1331 dum·

281 1359 373 1385 taxat
399 1352 434 1385 in
463 1348 623 1395 Ephefina
647 1350 808 1393 Synodo,
835 1349 888 1383 sed
921 1350 955 1383 &
980 1348 1016 1382 in
1041 1347 1163 1381 cunctis

279 1411 356 1434 ante
382 1401 482 1445 ipsam
507 1399 658 1435 adversus
683 1398 933 1433 Haerefiarcham
972 1396 1161 1431 Nestorium

282 1451 380 1496 gestis
406 1451 475 1496 egit
501 1451 587 1486 vices
622 1451 784 1484 Romanae
815 1447 981 1482 Ecclefiae.
1009 1447 1102 1480 Hinc
1128 1447 1161 1480 in

280 1501 380 1536 tertio
405 1502 446 1536 ad
473 1501 655 1540 Latinum,
695 1500 731 1533 in
758 1508 874 1541 quarto
910 1498 967 1531 suo
1004 1495 1161 1540 Capitulo

278 1551 326 1585 est
352 1551 484 1586 locutus
510 1551 551 1585 ad
579 1560 707 1584 morem
735 1549 905 1583 Graecum.

330 1601 477 1635 Similem
505 1601 615 1636 locum
643 1599 741 1635 habet
768 1600 801 1632 in
828 1598 1037 1635 Scholiorum
1058 1597 1161 1633 libro.

279 1650 395 1686 Habet
418 1651 509 1686 hunc
533 1651 669 1685 titulum
692 1665 702 1684 .·
749 1652 844 1693 ‚Quod
879 1652 913 1684 Θ·
940 1652 1074 1683 adunato
1102 1653 1163 1683 Deo

279 1701 372 1735 Verbo
397 1713 478 1736 verae
496 1702 715 1739 humanitatis,
740 1700 1011 1743 inconfusaetamen
1033 1698 1163 1743 substan·

281 1757 335 1786 tiae
355 1751 597 1796 permanserint.
624 1751 662 1785 ln
679 1752 794 1785 Graeco
807 1750 852 1784 est
863 1762 928 1785 vox
941 1773 952 1790 ‚
977 1748 1159 1793 Hypostases.

282 1802 407 1837 Eadem
422 1814 489 1837 vox
502 1803 547 1836 est
560 1803 592 1836 in
607 1801 720 1836 litteris
731 1801 772 1836 ad
781 1800 943 1835 Acacium
955 1800 1162 1834 Melitensem

283 1853 506 1897 Episcopum,
544 1852 687 1886 secundas
708 1852 872 1886 Armeniae
891 1850 1160 1894 Metropolitam,

281 1903 338 1939 ubi
352 1904 480 1938 dicitin
492 1902 625 1937 Christo
638 1903 791 1937 Domino
814 1903 1020 1945 perseverasse
1041 1910 1163 1933 natura·

280 1965 347 1988 rum
365 1952 420 1997 seu
439 1951 686 1996 subfistentiarum
708 1951 927 1992 differentiam.
958 1950 1002 1984 Et
1027 1949 1068 1984 ad
1095 1950 1162 1983 haec

281 2004 394 2038 scribit
407 2001 580 2037 Facundus
593 2001 838 2037 Hermianenfis
861 2001 1059 2044 Episcopus:
1088 2004 1163 2032 Con-

276 2055 385 2099 fideret
410 2066 477 2098 ergo
501 2053 603 2088 Lector
615 2076 627 2092 ,
652 2054 794 2094 quomodo
813 2049 969 2093 adseratur
989 2075 1000 2090 ,
1027 2050 1108 2092 quod
1130 2055 1163 2082 in

281 2104 395 2145 Christo
421 2109 539 2137 naturis
566 2101 719 2143 inconfuse*
755 2100 942 2134 manentibus
974 2098 1163 2143 subfistentiae

280 2167 390 2200 quoque
401 2145 619 2196 perrndnserim
629 2177 639 2193 ,
667 2164 735 2195 quae
747 2163 908 2193 numquam
911 2149 1038 2192 fuerunt
1049 2175 1055 2182 .
1085 2152 1163 2192 ,Quo-

280 2212 362 2241 niam
379 2204 495 2249 semper
521 2205 565 2236 ad
588 2206 645 2235 Dei
673 2201 763 2235 Verbi
783 2200 993 2244 subfistentiam
1029 2199 1162 2233 humani-

287 2268 338 2291 tas
352 2257 406 2291 illa
430 2259 590 2297 pertinuit,
615 2262 832 2294 numquamque
850 2248 906 2291 fibi
930 2251 1015 2284 velut
1040 2256 1072 2282 in
1094 2258 1162 2292 pro-

228 2298 231 2302 ’
276 2313 351 2352 pria
379 2304 508 2348 Persona
528 2302 651 2347 subsistit
676 2301 860 2345 adsumentis
881 2298 1093 2343 subfiftenticqm
1113 2311 1163 2333 na-

280 2357 330 2389 δα
353 2380 364 2395 ,
389 2358 423 2388 (5
449 2355 581 2387 inillam
606 2351 747 2397 nascendo
772 2348 918 2393 transiens
940 2375 951 2391 ‚
987 2351 1021 2384 (ν
1052 2348 1164 2393 transe-

281 2407 362 2441 undo
388 2403 509 2448 nascens
528 2427 539 2443 ,
576 2409 620 2436 cui
640 2402 727 2445 causa
752 2402 897 2441 oriundi,
915 2408 1062 2443 totumque
1087 2401 1165 2443 quod

279 2466 347 2492 erra
373 2455 436 2496 est,
461 2452 526 2497 ipsa
545 2451 610 2494 fuit
635 2450 821 2494 adsumptio.
852 2450 1014 2485 Adfirmat
1037 2449 1100 2484 effe
1116 2451 1163 2484 in-

272 2507 485 2552 concinnas,
521 2497 660 2546 ideoque
693 2501 727 2535 in
755 2500 939 2534 molliorem
960 2501 1086 2533 sensum
1112 2499 1163 2542 pie

217 2571 225 2575 Α
279 2570 323 2593 ιο
355 2563 535 2591 reverenter
559 2546 770 2595 'accipiendas
809 2549 1011 2583 locutiones.
1064 2550 1164 2583 Hanc

115 2958 212 2994 Min.

281 2608 374 2643 enim
394 2602 612 2640 reverentiam*
629 2601 739 2636 omnis
765 2598 909 2633 Ecclefia
928 2598 1025 2633 debet
1047 2599 1164 2633 Sancto

283 2656 414 2701 Cyrillo
433 2681 441 2688 .
480 2653 574 2687 Hinc
607 2651 664 2686 ille
695 2649 866 2685 concludit
886 2649 1023 2683 eandem
1059 2651 1164 2692 posse,

231 2733 237 2738 -
282 2706 390 2743 immo
411 2717 449 2740 nc
480 2703 596 2739 debere
627 2701 771 2744 impendi
806 2699 963 2734 ssmilibus
987 2699 1164 2733 hincinde

283 2759 380 2793 dietis
398 2753 572 2790 Theodori
597 2753 746 2796 Episcopi
773 2750 995 2794 Mopsuesteni
1010 2774 1017 2781 .
1045 2750 1092 2784 At
1102 2760 1166 2783 cer-

279 2812 357 2843 ‘tum
378 2806 423 2841 est
446 2805 518 2839 illas
541 2803 724 2838 loffiutiones
747 2802 780 2834 in
809 2800 922 2844 lingua
961 2800 1070 2835 Graec'a
1097 2811 1163 2833 non

287 2859 349 2892 effe
371 2856 602 2895 inconcinnas‚
642 2850 743 2887 Reste
765 2851 855 2884 enim
881 2852 914 2883 in
937 2849 1022 2883 libro
1043 2850 1085 2885 de
1112 2850 1165 2883 Se-

290 2908 348 2941 stis
367 2907 477 2940 scribit
503 2904 665 2939 Leontius
696 2899 912 2935 Scholasticus
943 2899 1164 2942 Byzantinus:

284 2957 442 2991 Sciendum
467 2955 504 2995 est
529 2952 738 2996 &postaticum
752 2973 762 2989 ‚
790 2952 824 2984 (9·
852 2948 1022 2990 Hypost'afim
1047 2951 1103 2983 duo
1130 2948 1167 2991 fi·

284 3006 446 3056 gnificare.
486 3010 573 3038 Nam
596 3004 630 3037 (τ
649 3001 797 3046 fignificat
833 3001 868 3032 id
890 3001 970 3041 quod
996 2998 1168 3042 simpliciter

295 3055 410 3096 existit.
437 3057 505 3098 ,Quo
524 3053 685 3098 fignificat«,
713 3053 837 3085 dicimus
871 3051 906 3083 (tt
933 3050 1097 3083 accidentia
1117 3049 1168 3082 ba-

290 3108 356 3141 bere
382 3103 552 3146 Hypcfiafim
567 3128 576 3143 ‚
603 3106 669 3137 licet
693 3108 727 3135 in
751 3101 822 3134 aliis
847 3097 910 3143 esse
931 3098 1018 3143 suum
1028 3099 1167 3133 habeant.

291 3154 443 3200 Significat
468 3155 502 3187 (rt
528 3155 563 3185 id
586 3155 666 3194 quod
683 3149 798 3196 seorfim
835 3151 869 3184 Θ·
890 3158 947 3192 per
975 3148 1010 3193 se
1030 3149 1140 3197 *existit
1161 3161 1168 3181 :

289 3208 392 3248 ‘qualia
411 3203 483 3247 sunt
509 3203 671 3235 individua
692 3200 941 3244 substantiarum.
969 3202 1037 3243 ,Quo
1057 3199 1098 3241 fit
1136 3209 1170 3233 ut

294 3254 504 3296 Hypostatieum
523 3260 581 3295 per
598 3249 632 3294 se
655 3251 761 3292 duplici
786 3251 868 3282 modo
893 3251 1010 3282 dicatur
1036 3250 1171 3292 Hyposta-

292 3304 407 3339 ticum.-
434 3307 510 3336 Tum
531 3309 682 3345 *quatenus
710 3300 747 3339 est
782 3300 902 3340 quidam
939 3298 1084 3338 existens,
1108 3308 1171 3333 tum

289 3354 439 3397 *quatenus
460 3351 572 3395 seorfim
598 3362 633 3384 ac
659 3358 717 3392 pro
748 3347 780 3391 [ὲ
812 3348 913 3386 existit·
938 3357 970 3380 ut
1000 3352 1110 3383 Petrus
1136 3352 1170 3384 o·

291 3394 435 3443 'Pariun-
461 3402 621 3435 Itidemss&
652 3411 709 3433 non
731 3397 946 3440 Hypostaticum
976 3400 1087 3441 duplex
1112 3400 1167 3439 est.

293 3448 384 3489 'Nam
406 3457 512 3495 ωψσε
533 3449 692 3494 Hypostafis
713 3450 842 3490 dicitur,
862 3449 942 3493 quod
965 3447 1088 3493 prorsus
1114 3462 1173 3484 non

1227 166 1549 213 Posrt-tuua

1782 212 1792 226 0

1229 246 1327 285 existit
1339 270 1349 286 2
1376 257 1410 280 ut
1431 248 1634 291 Tragelaepbus
1649 253 1688 284 2&
1708 253 2009 296 &ppo-Centaurus.
2033 253 2112 288 Καὶ»

1226 295 1294 338 sum
1314 305 1421 338 ‘'xpel-5
1443 297 1610 340 H5P⁰ftfffis
1623 301 1756 341 dicitur,
1778 316 1835 338 non
1855 314 1890 337 ut
1909 305 2114 347 quidemquod

1230 358 1287 379 ’¹⁰71
1301 347 1400 388 ex‘stlt
1408 371 1420 387 ³
1449 346 1507 390 fid
1524 349 1602 390 qu⁰d
1619 350 1791 392 Hypaestafim
1811 354 1900 388 babet
1919 360 1953 388 in
1974 357 2053 394 alio,
2072 366 2109 387 ae

1229 408 1286 430 non
1313 405 1370 439 per
1401 399 1439 443 se
1471 396 1600 441 subfistit
1626 424 1633 431 .
1671 402 1788 443 ,Qualia
1814 400 1887 443 sunt
1919 407 2107 438 Accidentia.

1228 446 1395 492 Adjungit
1425 449 1577 483 sanctum
1606 448 1774 492 Cyrillum
1806 450 1841 483 in
1862 461 1996 497 utraque
2018 455 2108 489 vocis

1228 499 1420 541 acceptione
1445 498 1610 533 locutum.
1651 499 1801 543 Exponit
1836 501 1872 534 in
1899 501 2038 539 Scholiis
2065 505 2106 538 ad

1227 549 1395 590 praefatum
1419 550 1568 583 Facundi
1591 550 1703 583 locum
1728 551 1911 593 Dionysius
1935 550 2105 588 Petavius:

1232 600 1321 631 Duds
1348 597 1514 641 Hypostascs
1540 604 1572 630 in
1595 599 1712 640 Christo
1725 625 1736 641 ,
1762 598 2043 643 duassubfistentias
2056 605 2111 643 ’ὀὴ

1227 658 1288 681 cere
1306 646 1337 689 fi
1352 648 1447 682 voluit
1475 649 1601 688 cyrillus
1614 673 1624 690 ,
1650 653 1754 683 merito
1780 649 2000 693 reprehenditur
2017 676 2024 683 .
2051 654 2111 686 Sed

1229 698 1304 739 quid
1311 697 1438 732 alienius
1451 700 1471 731 ἃ
1483 700 1617 743 dogmate
1637 701 1738 740 cyrilli
1747 701 1763 733 ,ἓ
1789 700 1962 745 Hypostases
1983 713 2049 746 ergo
2057 711 2111 744 po-

1225 746 1286 790 suit
1304 756 1363 790 pro
1383 747 1556 791 substantiis
1584 749 1735 792 Athanafii
1746 753 1898 794 exemplo,
1923 755 1961 787 Θ
1979 754 2111 785 Alexan-

1230 798 1385 831 drinorum
1409 810 1504 832 more.
1533 802 1640 843 ,Quare
1654 799 1838 843 substantias
1861 803 1985 835 reddere
2006 802 2108 835 debuit

1229 852 1372 889 interpres
1403 872 1414 889 ,
1450 860 1508 881 non
1526 848 1723 892 subfistentias
1751 877 1758 883 .
1796 852 1875 886 Hoc
1895 853 1941 885 est
1966 852 2109 886 omnino

1231 908 1357 932 verum.
1383 899 1517 932 sanetus
1555 898 1739 934 Anastasius
1776 901 1899 935 Sinaita
1935 902 2107 942 adfirmat,

1228 947 1317 991 quod
1331 949 1464 983 Sanitus
1476 949 1621 992 Cyrillus
1632 950 1831 985 intellexerit
1844 963 1917 985 non·
1925 952 2108 995 personales

1228 998 1448 1042 Hypostases,
1488 998 1542 1033 sed
1562 1000 1732 1041 essentias,
1758 1001 1812 1035 seu
1837 1012 1886 1035 res
1911 1002 2104 1036 existentes.

1228 1047 1307 1082 Hoc
1317 1049 1422 1094 ipsum
1443 1048 1542 1083 habet
1562 1050 1697 1085 Nicetas
1722 1048 1942 1097 Philosophus
1953 1051 2109 1095 Byzanti-

1229 1108 1287 1133 nus
1298 1098 1334 1132 in
1346 1098 1512 1144 Apologia
1523 1099 1651 1143 Synodi
1663 1099 1938 1136 Chalcedonenfis
1949 1127 1956 1134 .
2104 1122 2106 1124 -

1277 1149 1328 1182 Ex
1349 1147 1399 1182 his
1425 1149 1587 1193 intelliges
1607 1149 1852 1197 Qaestionem,
1878 1152 1919 1186 de
1939 1162 2002 1196 qua
2025 1150 2108 1186 inter

1228 1199 1378 1235 Santium
1401 1199 1615 1243 Ephremium
1637 1199 1830 1236 Antiochiae
1861 1200 2110 1243 patriarcham,

1226 1260 1263 1299 ac
1277 1248 1427 1283 Sanctum
1452 1250 1703 1289 Domitianum,
1728 1252 1888 1287 Melitinae
1907 1252 1943 1285 in
1968 1252 2108 1286 secunda

1228 1297 1384 1333 Armenia
1411 1297 1749 1344 Archi-Episcopum,
1769 1311 1860 1336 mota
1873 1301 1983 1337 scribit
2003 1302 2036 1335 in
2053 1301 2109 1335 Bi:

1227 1349 1368 1383 blioteca
1388 1348 1546 1383 Photius:
1582 1353 1718 1383 Mittitur
1740 1351 1775 1384 ό*
1796 1352 1838 1385 ab
1862 1351 2040 1395 Ephremio
2065 1352 2111 1384 ad
2128 1363 2228 1392 [0228.

1228 1402 1428 1433 Domitianum
1450 1398 1583 1442 Epistola
1597 1423 1608 1440 ,
1632 1407 1683 1442 qui
1705 1402 1859 1440 incidens,
1884 1406 1917 1434 in
1939 1403 2002 1442 ejus
2027 1412 2108 1444 quae-

1227 1451 1300 1482 dam
1323 1447 1435 1489 verba,
1470 1449 1606 1504 {urbatus
1630 1449 1669 1491 est
1692 1461 1810 1491 mente,
1838 1452 1872 1485 (9
1889 1449 1968 1495 solvi
1990 1452 2109 1485 dilatio-

1228 1504 1292 1532 nem
1319 1503 1501 1541 exoptatum
1527 1499 1622 1532 verba
1643 1511 1743 1547 autem
1759 1499 1834 1544 sunt
1856 1500 1939 1534 baec:
1966 1505 2039 1535 Non
2053 1509 2108 1544 po&

1227 1548 1279 1589 test
1304 1547 1459 1591 Hypqffafis
1485 1547 1646 1591 Hypqllafi‚
1669 1561 1730 1593 qua
1752 1549 1907 1592 Hypostafis
1928 1550 1990 1592 est,
2015 1556 2107 1590 unir13

1226 1609 1258 1633 ut
1271 1602 1376 1634 Petrus
1387 1599 1420 1633 Θ
1431 1600 1545 1632 Paulus
1556 1610 1648 1632 unam
1670 1601 1849 1642 eandemque
1860 1599 2020 1644 Personam
2041 1611 2113 1635 coru.

1220 1650 1360 1692 fliium,
1392 1647 1449 1692 sed
1469 1660 1562 1693 neque
1580 1648 1746 1693 substantia
1767 1661 1832 1684 cum
1852 1651 1914 1684 alia
1937 1646 2107 1693 substantia

1226 1710 1259 1735 ut
1274 1710 1329 1744 per
1350 1712 1417 1736 eam
1436 1701 1497 1734 alia
1524 1698 1648 1744 subsistit
1669 1726 1680 1743 ‚
1715 1706 1747 1733 in
1769 1702 1956 1735 identitatem
1972 1699 2108 1744 suostan-

1225 1758 1278 1786 tiae
1296 1757 1451 1786 convenire
1463 1776 1474 1792 ,
1500 1759 1534 1784 ut
1554 1756 1662 1784 animae
1688 1752 1722 1785 o·
1744 1757 1870 1794 corporis
1883 1761 1995 1785 natura
2013 1761 2108 1785 unam

1228 1814 1284 1836 non
1292 1803 1404 1846 poffunt
1410 1801 1549 1844 perficere
1559 1811 1719 1842 natur-M,
1749 1800 1806 1843 nifi
1812 1807 1878 1844 quis
1880 1800 1966 1843 sime*
1981 1806 2014 1833 in
2034 1805 2106 1834 eorm

1226 1864 1313 1886 mune
1332 1853 1408 1895 quid
1428 1852 1504 1894 quod
1524 1850 1631 1891 afferat
1647 1850 1810 1894 secundum
1832 1852 1921 1889 illas,
1962 1850 1996 1882 ά*
2015 1854 2106 1891 prius

1226 1898 1304 1937 uniri
1313 1907 1438 1935 invicem
1447 1902 1568 1934 minim?
1578 1900 1777 1940 conducebat,
1803 1909 1839 1933 ut
1860 1901 1940 1942 quod
1958 1904 1991 1931 in
2013 1903 2106 1934 crea-

1226 1961 1325 1986 turam
1344 1950 1466 1993 fertur,
1490 1950 1542 1984 vel
1565 1949 1616 1982 boc
1640 1956 1672 1983 in
1698 1958 1838 1992 tempore,
1860 1951 1912 1983 vel
1928 1955 1962 1982 in
1973 1948 2104 1991 statilia-.-

1226 2006 1307 2036 Tunc
1326 2006 1406 2035 enim
1429 2011 1486 2033 non
1511 2001 1639 2041 amplius
1662 1997 1792 2043 diversae
1806 2007 1932 2032 ‹naturae
1956 2004 1988 2032 in
2012 2010 2108 2032 unam

1226 2062 1368 2086 naturam
1387 2049 1605 2097 convenerunt,
1636 2047 1695 2092 sed
1714 2060 1780 2092 quae
1804 2047 1913 2082 bahem
1932 2047 2110 2092 substantiae

1227 2103 1266 2135 ab
1289 2107 1374 2135 initio
1392 2099 1718 2143 consubstantialitatem
1747 2105 1952 2133 communitate
1972 2099 2110 2141 quadam

1226 2153 1403 2196 longtffima,
1429 2151 1507 2183 idem
1519 2150 1586 2193 Jus
1609 2158 1706 2183 tenere
1726 2150 1869 2184 videntur
1883 2174 1890 2181 .
1925 2151 2006 2192 ,ραι
2025 2154 2107 2181 enim

1229 2206 1434 2235 Domitianum
1442 2199 1564 2234 turbant
1573 2225 1583 2240 ,
1600 2201 1634 2233 Θ
1648 2211 1771 2242 quorum
1783 2207 1906 2241 exoptat
1912 2197 2085 2242 ſslutionem
2094 2221 2113 2237 ‚.

1229 2254 1263 2286 Θ
1275 2252 1380 2286 nac‘lus
1392 2259 1459 2284 erat
1471 2275 1483 2291 ,
1510 2249 1574 2283 haec
1584 2259 1692 2292 erant3
1720 2252 1856 2282 Primum
1863 2250 1983 2291 quidem
1994 2260 2051 2282 non
2060 2255 2108 2282 in·

1228 2302 1361 2336 credibili
1366 2299 1499 2345 sermone
1511 2300 1725 2333 dubitationem
1736 2300 1907 2344 aggreditur
1917 2323 1929 2340 ,
1955 2300 2063 2332 deind?
2072 2300 2108 2332 θ

1224 2362 1280 2395 per
1284 2350 1456 2395 fhnblorum
1466 2353 1592 2384 Patrum
1603 2361 1688 2384 voces
1695 2355 1823 2392 propria
1833 2360 1868 2382 ac
1882 2347 2016 2391 subiec‘lae
2036 2358 2107 2381 ver-

1228 2403 1266 2435 ba
1277 2402 1353 2436 relle'
1364 2401 1571 2435 concluduntur
1586 2425 1593 2431 .
1621 2399 1729 2432 Prima
1742 2397 1928 2432 Domitiani
1940 2397 2105 2431 dubitatio

1228 2453 1313 2490 fuit,
1337 2449 1507 2494 quomodo
1527 2447 1722 2492 Ephremius
1743 2447 1863 2480 diceret
1888 2446 1967 2480 duas
1988 2446 2106 2490 Hypo-

1228 2496 1322 2535 stases
1341 2503 1426 2533 inter
1444 2500 1477 2532 se
1499 2510 1568 2532 non
1590 2498 1678 2540 poffe
1698 2496 1786 2530 uniri
1808 2496 1843 2528 in
1863 2506 1963 2530 unam
1984 2508 2023 2530 ac
2033 2507 2106 2530 ean-

1227 2551 1324 2585 dem?
1351 2548 1535 2583 Dubitandi
1560 2548 1644 2581 ratio
1662 2555 1753 2585 erat,
1790 2545 1959 2588 quomodo
1982 2545 2107 2589 Ephre-

1227 2602 1313 2634 mius
1330 2610 1371 2634 ex
1390 2597 1517 2631 duabus
1536 2597 1677 2630 clientiis
1697 2595 1816 2630 diceret
1840 2606 1908 2629 non
1931 2596 2018 2638 posse
2031 2607 2107 2630 con-

1229 2651 1299 2686 flati
1311 2649 1433 2684 unam?
1458 2647 1560 2681 Ratio
1577 2645 1750 2680 dubitandi
1763 2655 1830 2679 erat
1842 2669 1853 2684 ‚
1878 2643 1967 2687 quod
1987 2656 2027 2679 ex
2039 2646 2108 2680 ani-

1230 2713 1287 2735 mae
1305 2699 1341 2732 &
1365 2698 1509 2741 corporis
1530 2696 1673 2730 essentiis
1694 2707 1759 2729 una
1781 2695 1890 2729 fieret.
1920 2696 1962 2729 Et
1988 2694 2110 2738 Ephre*

1229 2752 1315 2785 mius
1336 2747 1478 2793 reposuit
1499 2748 1530 2781 se
1541 2757 1655 2780 contra
1665 2743 1928 2788 Eutychianistas
1946 2745 2046 2790 egiffe
2067 2745 2112 2779 de

1229 2799 1383 2836 totalibus
1395 2796 1557 2838 clientiis,
1572 2807 1639 2830 non
1653 2795 1695 2830 de
1706 2794 1967 2839 particularibus.
1995 2794 2108 2829 Photii

1231 2858 1405 2886 contextus
1425 2846 1695 2891 compendiosus,
1726 2845 1866 2889 ideoque
1890 2845 1924 2879 δε
1939 2844 2107 2879 obscur-usi

1281 2897 1453 2935 Facundus
1487 2895 1731 2931 Hermianenfis
1759 2895 1897 2929 adducit
1923 2906 1965 2929 ex
1989 2896 2108 2929 sancto

1233 2950 1361 2995 Cyrillo
1373 2948 1440 2982 haec
1450 2947 1546 2982 verba
1560 2961 1567 2980 :
1595 2947 1673 2979 Ci‘cm
1685 2948 1849 2979 dixerimus
1861 2969 1872 2985 ,
1898 2950 1969 2987 quia
1982 2945 2109 2979 Verbum
2124 2948 2184 2982 Liba
2195 2959 2205 2978 ι
2215 2960 2240 2979 1·

1232 3006 1312 3033 Caro
1322 2998 1441 3041 fac‘lum
1452 2997 1490 3038 est
1499 3020 1510 3036 ‚
1534 3001 1630 3030 Carni
1638 2993 2028 3038 communicavitsecundi'cm
2041 2993 2111 3038 sub·
2124 3000 2148 3021 C·
2159 3001 2186 3024 7·

1232 3046 1593 3093 fistentiam.inefflibiliter
1606 3070 1618 3087 ,
1641 3048 1677 3080 Θ
1699 3046 1838 3088 quomodo
1848 3056 1899 3077 nec
1917 3046 2043 3089 intelligi
2060 3053 2110 3087 po-

1240 3099 1312 3140 test,
1329 3109 1397 3132 tunc
1417 3101 1522 3131 etenim
1540 3121 1550 3136 ,
1577 3098 1612 3130 Θ
1634 3107 1712 3129 nunc
1731 3093 1954 3138 uniuscujusque
1964 3091 2110 3137 subfistm-

1236 3156 1287 3183 tiae
1302 3146 1428 3191 Persona
1448 3143 1596 3180 i'ntcllet‘lu
1601 3144 1738 3189 suscepta
1743 3144 1831 3187 simul
1838 3149 1979 3178 concurrit
1990 3139 2108 3176 naturis

1233 3201 1277 3232 ad
1285 3205 1450 3232 unitatem.
1477 3196 1628 3230 Affirmat
1640 3195 1806 3230 contineri
1829 3195 1864 3228 in
1876 3194 1962 3227 libro
1981 3189 2110 3238 undeci-

1218 3234 1311 3304 ἷωο,
1337 3249 1371 3282 in
1395 3246 1644 3281 Commentario
1654 3244 1808 3288 Epistolae
1818 3244 1859 3277 ad
1869 3243 2042 3281 Haehreos‚
2063 3247 2111 3276 at'-

1219 3307 1296 3343 ique
1327 3297 1497 3342 adjungit.-
1523 3298 1605 3340 ,Quis
1626 3293 1723 3339 sciens
1756 3294 1895 3334 cyrillum
1913 3291 2086 3334 praedicaffe
2099 3317 2112 3333 ,

1236 3350 1319 3392 quod·
1348 3353 1395 3382 ita
1431 3351 1512 3380 Deus
1538 3345 1664 3380 Verbum
1701 3353 1788 3379 carni
1804 3345 2051 3381 communicavit,
2075 3352 2110 3375 ut

1235 3405 1268 3433 in
1293 3411 1326 3434 eo
1351 3392 1480 3438 Mysterio‘
1503 3407 1561 3430 non
1582 3393 1677 3439 fhlum
1699 3396 1768 3428 duae
1792 3399 1909 3426 natura·
1933 3391 1980 3422 ad
2010 3395 2117 3424 unita.

1237 3460 1297 3485 tem
1315 3455 1533 3488 concurrerent,
1555 3445 1711 3490 sedetiam
1721 3444 1789 3476 duae
1808 3434 2112 3523 subfistentiaepatqu'o

2020 3500 2063 3524 er.
