2340 3736
460 140 653 202 fDe
721 152 1191 196 CONCILlo
1261 144 1747 192 Ernesrno.

230 243 313 286 qued
325 244 430 275 fenim
449 241 522 284 leges
540 237 581 271 ab
603 237 665 270 illis
679 234 803 277 fadum
828 234 887 276 est,
914 233 1107 277 diffltlvatur,

230 293 402 332 admodo,
427 299 582 332 tamquam
601 293 654 330 qui
664 286 875 328 deliquerunt,
900 284 1048 328 supplices
1061 294 1105 316 ac-

227 343 334 375 cidant
353 365 365 381 ,
399 342 434 375 Θ
453 338 621 378 Nestorium
642 361 654 377 ,
678 334 813 380 illiusque
838 337 981 380 dogmata
998 332 1108 376 scripto

228 391 505 426 anathematizent.
531 390 644 437 Qare
663 388 764 421 etiam
787 395 866 420 tunc
886 384 1028 427 Ioannes
1039 383 1108 416 An-

229 441 403 477 tiochenus
412 442 478 476 fine
488 439 622 476 Divinis
634 434 806 482 permuniit
817 459 825 467 .

278 491 387 527 Addit
410 491 557 534 Cyrillus
581 487 790 522 Relationem
810 483 958 518 Comitis
980 483 1109 518 reducis

227 540 269 575 ad
279 540 485 586 Principem.
514 539 653 573 Turbata
669 534 709 576 est
718 535 880 568 admodum
901 532 1011 577 sanda
1029 536 1109 573 syno-

227 593 286 625 dus
295 617 306 633 ,
332 593 383 626 ubi
394 598 504 634 accepit
529 583 836 629 magnificentifflmum
844 588 994 618 Comitem
1008 589 1039 629 J
1041 596 1110 617 oan-

227 652 294 675 nem
305 654 362 675 non
373 647 475 676 omnia-
491 637 566 671 rede*
574 634 699 679 retuliffe
710 660 720 676 ‚
745 635 820 668 adeo
829 643 864 668 ut
884 636 921 668 de
940 634 1033 675 nostro
1044 645 1111 677 quo·

227 703 284 735 que
294 694 402 731 exilio,
428 694 480 731 qui
497 688 556 721 illic
572 684 666 729 sunt,
690 683 834 727 confilium
857 689 989 719 inirent.
1017 683 1115 729 ‚Quasi

225 741 333 786 sancia
343 739 469 780 synodus
479 735 619 779 injustam
629 759 641 776 ,
666 735 876 778 nefariamque
894 735 1110 770 exauderat·-

229 804 297 826 nem
308 800 436 832 ‚quam
443 789 477 831 J
478 798 587 821 oannes
599 810 610 826 ‚
635 787 670 820 (tr
682 792 733 829 qui
750 784 888 829 cumipse
907 795 1025 831 agunt,
1049 783 1111 819 hae-

229 846 312 876 retici
320 840 414 872 moliti
419 836 515 881 sunt,
540 842 755 881 acceptaverit.
781 841 836 871 En
845 838 943 870 altera
959 841 1051 880 igitur
1055 834 1111 877 fa·

229 892 279 924 Ha
286 888 325 929 est
345 887 483 932 asanaa
491 889 599 927 synodo
609 888 725 923 Relatio
737 912 744 920 .
772 886 887 922 Exstat
899 886 1024 931 integra
1034 895 1111 920 cum

229 938 290 974 hac
300 937 508 984 Epigraphe:
535 940 653 973 Relatio
654 936 771 981 sanr‘Iae
782 938 911 978 synodi,
935 947 998 979 qua
1009 936 1110 969 Sacra

226 988 375 1032 ieeiaeper
386 992 547 1035 Joannem
567 991 723 1024 Sacrorum
735 991 879 1021 Comitem
900 984 1108 1030 respondem.

227 1041 327 1075 Sacra
349 1040 442 1074 enim
462 1031 715 1083 obreptionibus
741 1036 931 1074 abundabat
947 1058 959 1076 ‚
996 1037 1111 1080 suppo-

227 1101 311 1124 nens
322 1089 488 1133 Cyrillum
507 1090 542 1124 δε
552 1089 772 1124 Memnonem
784 1111 797 1129 ,
821 1098 893 1123 non
904 1087 1109 1131 &paucorum

229 1139 506 1175 Nestorianorum
539 1151 579 1174 ac
610 1138 903 1185 Pelagianistamm
932 1137 1110 1176 stitione,

227 1190 285 1225 sed
307 1191 325 1225 a
346 1190 442 1234 plena
452 1188 641 1225 orthodoxa
660 1188 801 1233 synodo
810 1188 1004 1223 damnatos.
1032 1185 1111 1220 Erat

229 1239 339 1275 media
362 1239 451 1275 restas
468 1264 481 1281 ‚
515 1239 693 1283 scribitque
724 1237 881 1284 synodus
910 1237 954 1273 ad
973 1236 1112 1272 Clerum

229 1289 642 1334 Constantinopolitanum
664 1314 673 1323 .
698 1293 853 1324 Necamur
873 1287 990 1330 aestibus
1011 1310 1024 1328 ‚
1047 1288 1113 1321 cum

230 1350 316 1374 aeres
336 1337 394 1382 fint
409 1350 524 1385 graves
550 1364 565 1382 ,
587 1341 623 1375 ό·
636 1340 718 1383 pene
735 1340 867 1383 quotidie
884 1339 996 1382 aliquis
1012 1336 1113 1381 sepeli-

228 1399 280 1425 tur
290 1415 302 1432 ,
321 1392 366 1424 ita
376 1399 412 1424 ut
426 1401 528 1425 omnes
535 1395 624 1434 pueri
631 1393 806 1436 languentes
826 1389 1005 1432 adpropria
1015 1394 1114 1422 remit-

228 1449 357 1475 tantur.
384 1441 498 1489 Qare
508 1450 645 1486 utraque
667 1450 791 1485 parsex
809 1437 899 1475 hisce
917 1437 1070 1484 periculis
1080 1438 1114 1472 li·

229 1490 335 1526 berari
356 1491 551 1535 supplicavit
569 1516 581 1534 ,
615 1490 811 1534 evocarique
845 1489 887 1524 ad
916 1488 1032 1524 urbem
1053 1488 1114 1523 Re-

228 1541 321 1586 giam
341 1565 354 1582 ‚
379 1542 502 1576 factum
522 1542 617 1577 suum
644 1539 814 1576 defensura
840 1552 851 1582 ;
879 1548 978 1583 atque
999 1537 1115 1573 anxius

228 1591 406 1635 Princeps,
432 1591 598 1626 &Comite
622 1593 749 1637 Joanne
772 1591 956 1635 persuasus,
980 1588 1113 1624 tandem

230 1641 365 1676 indulfit
377 1666 384 1674 .
411 1641 751 1677 orthodoxioramnt
771 1639 900 1676 evocari
918 1640 1018 1674 etiam
1032 1640 1114 1674 Can-

230 1691 406 1725 didianum
427 1691 599 1726 Comitem
616 1714 628 1731 ‚
651 1691 814 1725 dicturum
834 1691 967 1724 causam
986 1690 1028 1724 de
1048 1689 1112 1723 vio-

230 1740 343 1774 lentiis
357 1740 594 1782 &imposturis
605 1766 615 1774 .

279 1789 393 1824 Fastio
403 1789 525 1833 legavit
535 1790 699 1834 Joannem
710 1784 971 1825 Antiochensem
983 1811 995 1828 ‚
1021 1789 1114 1831 Joan-

229 1850 306 1874 nem
334 1839 579 1874 Damascenum
611 1863 622 1879 ‚
655 1840 846 1873 Himerium
881 1837 1114 1872 Nicomedien-

229 1891 298 1925 sem
319 1914 330 1929 ‚
355 1888 498 1925 Paulum
528 1889 722 1924 Emisenum
747 1915 759 1930 ,
784 1889 970 1923 Macarium
999 1887 1114 1921 Laodi-

230 1940 362 1973 censem
379 1964 391 1980 ,
417 1940 621 1984 Apringium
642 1938 895 1974 Chalcidensem
918 1963 929 1979 ,
955 1936 1117 1972 Theodo-

231 1999 339 2024 retum
368 1990 553 2033 Cyrensem
584 2014 597 2030 ,
633 1990 667 2024 δε
688 1989 886 2024 Helladiurn
916 1987 1115 2031 Episcopum

230 2040 454 2074 Ptolomaidis
478 2041 512 2074 in
526 2039 699 2075 Phoenicia
721 2039 902 2080 maritima3
931 2038 1116 2072 orthodoxa

234 2089 390 2130 Synodus
417 2090 594 2130 postulavit
628 2091 794 2124 licentiam
815 2089 945 2134 legandi
972 2088 1116 2132 Cyrilli,

234 2138 328 2177 cujus
345 2137 390 2170 rei
402 2138 467 2181 ipse
477 2138 604 2171 causam
615 2139 724 2172 scribit
735 2140 769 2171 in
794 2139 879 2173 libro
890 2138 1116 2184 Apologetico

234 2188 275 2220 ad
286 2185 475 2229 Principem
487 2211 494 2218 .
522 2189 601 2220 Cum
623 2200 661 2221 ex
672 2187 864 2229 Ephesiorum
882 2193 1009 2221 civitate
1027 2190 1071 2221 ad
1083 2190 1116 2220 il-

234 2235 350 2277 lustrem
372 2236 456 2269 illam
475 2237 576 2269 urbem
597 2237 815 2270 a'evehcrentur
827 2243 848 2269 ii
861 2263 871 2278 ‚
898 2243 949 2279 qui
973 2239 1019 2270 ad
1034 2238 1116 2270 hoca

231 2286 340 2330 sanlla
350 2288 459 2326 synodo
479 2287 581 2320 delec‘li
598 2285 670 2330 sunt
681 2310 691 2326 ,
717 2297 750 2320 ut
761 2299 829 2329 quae
840 2287 879 2319 ab
900 2288 953 2319 illa
965 2287 1033 2319 aeia
1049 2285 1116 2327 fue-

235 2345 308 2370 rant
325 2359 336 2376 ,
361 2337 558 2380 defenderent
580 2361 590 2377 ,
615 2348 654 2370 ex
675 2338 790 2370 illorum
811 2348 932 2371 numero
952 2337 1003 2379 effe
1024 2343 1117 2378 cupie—

235 2387 325 2421 bam:
353 2386 586 2428 utMajestatem
603 2386 730 2427 vestram
741 2389 878 2421 viderem
892 2411 903 2426 ‚
931 2390 965 2423 (ς
977 2393 1010 2420 in
1021 2386 1118 2427 vestra

231 2435 399 2480 praesentia
430 2448 532 2471 contra
552 2436 733 2480 Episcopum
767 2437 977 2470 Antiochenam
1007 2439 1117 2479 palam

236 2487 413 2528 ostenderem
430 2499 497 2521 eum
517 2489 731 2521 calumniatum
740 2489 793 2531 effe
805 2513 813 2520 .
841 2487 967 2521 Verum
988 2489 1118 2522 coactus

236 2537 283 2572 est
306 2549 435 2571 manere
458 2539 492 2571 in
505 2538 644 2571 vinculis
663 2549 831 2581 tamquam
855 2537 900 2572 ob
914 2537 1057 2572 haerefim
1066 2535 1118 2572 de·

237 2587 337 2630 jestus
363 2611 373 2627 ,
398 2600 436 2622 ac
462 2588 650 2631 propediem
678 2589 712 2622 in
739 2588 839 2622 oafin
878 2588 1115 2631 deportandus.

238 2637 406 2684 roirca
420 2637 534 2682 Logati
547 2639 619 2673 sunt
630 2637 791 2673 Arcadius
802 2638 981 2682 Episcopus
1000 2639 1033 2673 ὅ(
1042 2637 1113 2672 ΡΙιί4

239 2687 346 2729 lippus
378 2687 550 2731 Presbyter
570 2712 581 2728 ,
609 2689 768 2723 Rornanae
798 2688 943 2722 Ecclesiae
967 2688 1117 2727 Vicarii,

239 2737 404 2781 Juvenalis
423 2738 768 2781 Hierosolymitanus‚
795 2739 970 2773 Flavianus
995 2738 1119 2782 Philip-

239 2787 344 2831 pensis
354 2811 365 2827 ,
381 2788 507 2823 Firmus
518 2788 720 2823 Caesareenfis
732 2789 968 2833 Cappadocum
983 2813 993 2828 ,
1004 2787 1118 2823 Theo-

238 2837 339 2870 dotus
370 2836 567 2882 Ancyranus
584 2864 596 2880 ‚
632 2840 775 2874 Aeacius
798 2839 1020 2874 Melitinensis
1047 2863 1058 2879 ‚
1083 2840 1117 2873 &

238 2886 399 2930 Evoptius
418 2888 596 2933 Episcopus
613 2889 831 2925 ptolomaidis
843 2889 1116 2934 Pentapolitanae.

291 2937 446 2982 Utraque
468 2939 609 2984 Legatio
630 2941 719 2975 venit
742 2939 1013 2978 Chalcedonem,
1038 2940 1117 2982 julia

239 2987 310 3021 istic
322 2986 452 3022 haerere.
477 2989 687 3026 schismatica
708 2990 815 3025 statim
827 2990 1030 3034 triumphum
1041 2999 1118 3024 ante

222 3037 412 3071 *vistoriam
438 3039 558 3074 cecinit
581 3064 592 3080 ‚
628 3041 670 3075 ad
691 3042 763 3075 suos
783 3039 949 3085 Ephesum
977 3040 1116 3075 scribens

240 3087 362 3121 litteras
381 3088 529 3131 jactantia
553 3090 588 3125 ὅ(
610 3091 784 3126 mendacio
807 3091 1003 3135 pleniffimas
1023 3115 1034 3130 ‚
1061 3090 1115 3125 cui

242 3137 361 3171 merito
373 3139 447 3171 data
458 3139 502 3173 est
518 3139 582 3174 haec
593 3141 712 3186 Epigra
718 3140 779 3184 phe
790 3154 798 3173 :
826 3141 959 3184 Epistola
970 3139 1116 3183 Schisma-

241 3194 365 3221 ticorum
377 3188 580 3231 intempestive
592 3192 628 3224 de
639 3192 766 3224 vieloria
781 3192 978 3235 gloriantium
995 3216 1002 3223 .
1028 3191 1116 3224 Intra

240 3248 362 3281 paucos
384 3239 473 3273 enim
495 3239 563 3273 dies
588 3250 710 3275 mutata
736 3241 782 3275 est
803 3253 909 3276 rerum
932 3242 1052 3281 facies,
1076 3241 1116 3275 de

238 3298 306 3331 qua
325 3288 366 3322 ad
381 3289 566 3332 Principem
578 3290 644 3334 ipsa
665 3291 795 3325 factiosa
816 3292 939 3337 legatio
962 3293 996 3326 in
1009 3291 1118 3325 secun-

240 3336 282 3371 da
306 3337 484 3381 petitione.
511 3338 613 3383 Visum
632 3339 670 3381 est
693 3341 843 3381 majestati
864 3342 991 3383 vestrae,
1016 3351 1051 3374 ut
1075 3342 1121 3374 ad

240 3391 424 3430 inquirenda
444 3391 585 3434 dogmata
607 3390 803 3424 inobedientes
826 3393 920 3426 sacris
941 3391 1117 3435 vestrisjus·

242 3438 388 3473 sionibus
402 3465 412 3480 ,
423 3441 536 3482 utique
545 3439 722 3474 orthodoxi
743 3442 997 3484 ,compellerentur
1009 3466 1016 3473 .
1047 3449 1121 3477 Haec

245 3487 411 3529 influent,
436 3490 518 3524 nobis
529 3501 566 3525 ex
582 3488 787 3535 spec‘lantibus
802 3515 814 3533 ,
841 3491 937 3532 vestra
959 3494 1064 3525 Pietas
1087 3497 1120 3524 in

1119 240 1136 2047 w

1128 2050 1143 3618 ———-———————-—————-

1917 162 1975 200 ΖΙ

1171 234 1328 264 civitatem
1332 226 1471 272 profhclla
1487 228 1526 271 est
1539 254 1550 271 ,
1575 233 1611 266 et
1621 237 1664 266 eis
1675 233 1815 275 quidem,
1840 234 1938 275 quide
1957 232 2050 269 here-

1168 279 1198 323 fi
1214 279 1427 324 accusabantur
1450 303 1462 320 ,
1481 287 1628 324 praecepit
1649 307 1661 323 ,
1685 287 1771 316 utin
1789 287 1945 319 civitatem
1966 291 2051 318 veni-

1172 341 1239 365 rent
1260 357 1270 372 ‚
1292 329 1456 374 sacerdotio
1472 328 1690 374 fungerentur,
1717 334 1753 367 Θ
1771 333 1970 375 ordinarent;
1997 345 2053 370 nos

1173 384 1262 420 vero,
1286 387 1338 424 qui
1344 389 1402 423 pro
1409 386 1528 424 pietate
1545 388 1669 414 tantum
1676 391 1828 426 certamen
1847 380 2051 425 fhfhepimus‚

1173 443 1263 475 neque
1282 434 1400 476 ingredi
1419 437 1579 466 civitatem
1583 431 1665 471 jufflt
1677 454 1689 471 ‚
1713 441 1746 465 ut
1753 433 1830 476 fidei
1844 436 2052 474 periclitantis

1174 487 1320 528 negotium
1342 493 1494 528 ageremus
1515 505 1527 522 ‚
1563 491 1658 522 neque
1678 482 1723 514 ad
1737 489 1867 525 propria
1885 490 2053 528 remigrare

1170 532 1324 576 permifit',
1343 531 1513 577 sedsumus
1524 530 1711 565 Chalcedone
1734 532 1830 570 tristes
1853 535 2051 578 &gementes

1175 592 1208 618 in
1219 582 1347 626 Ecclefia
1358 608 1369 624 ,
1395 594 1464 627 quae
1471 590 1626 618 exercetur
1630 578 1790 625 fthismate
1799 606 1807 614 .

1225 634 1307 669 Haec
1324 633 1425 668 ‘verba
1447 657 1459 675 ,
1485 636 1533 668 Et
1551 633 1758 672 ordinarent,
1784 633 1922 675 exponit
1941 633 2056 669 eadem

1175 682 1319 729 Legatio
1338 683 1372 718 in
1384 683 1503 720 litteris
1512 683 1553 718 ad
1576 682 1698 717 suosin
1711 680 1866 726 Epheso.
1897 686 1998 717 Fama
2008 695 2057 718 ac-

1174 741 1327 776 cepimus,
1349 734 1434 776 quod
1441 743 1513 769 ante
1521 733 1583 767 oc‘lo
1592 734 1659 766 dies
1671 756 1683 772 ,
1704 730 1887 775 priusquam
1907 742 2056 774 compare.

1174 795 1275 818 remus
1286 782 1303 830 (
1311 783 1348 820 en,
1361 784 1490 828 gloriam
1508 783 1680 827 pientiffimi
1699 786 1793 827 Regis
1802 785 1819 825 i)
1831 784 1971 816 dominus
1994 787 2057 818 Ne-

1168 834 1276 876 storius
1294 834 1334 868 ab
1344 832 1465 878 Epheso
1486 834 1617 878 dimissus
1621 832 1681 875 fit,
1707 843 1742 867 ut
1752 842 1822 873 eat,
1850 845 1908 877 quo
1931 833 2036 866 liberet
2048 859 2058 867 .

1177 886 1263 920 Unde
1273 886 1366 919 valde
1377 886 1523 919 doluimus
1535 897 1543 917 ε
1572 884 1831 928 ,Quandoquidem
1843 885 1916 918 vere
1925 895 1960 917 ea
1971 906 1982 922 ‚
1991 895 2060 926 quae

1176 936 1277 970 illicne
1296 937 1331 970 &¹
1352 933 1462 979 absque
1476 934 1689 977 Judiciofadla
1705 933 1779 978 sunt
1793 958 1807 975 ,
1826 936 1898 976 jam
1907 933 1999 968 robur
2010 933 2063 966 ha·

1176 985 1243 1020 bere
1264 986 1425 1020 videntur.
1451 984 1577 1020 Revera
1597 983 1760 1020 habebant
1781 984 1898 1020 robur.
1926 983 2064 1018 Etenim

1178 1035 1316 1070 meliora
1339 1036 1473 1071 edoctus
1484 1034 1675 1071 Thedofius
1694 1033 1905 1070 orthodoxos
1916 1034 2063 1078 Legatos

1175 1085 1217 1120 ad
1239 1086 1380 1130 Regiam
1402 1085 1537 1121 vocavit
1556 1085 1693 1127 urbem,
1719 1095 1758 1120 ut
1780 1084 1837 1129 ipsi
1856 1096 1900 1119 ex
1922 1084 2063 1127 antiquo

1176 1134 1306 1179 Synodi
1327 1135 1488 1180 generalis
1509 1136 1580 1179 jure
1602 1137 1637 1170 in
1658 1134 1802 1170 haeretici
1821 1134 1841 1168 a
1867 1136 1900 1168 se
1915 1133 2064 1169 damnati

1177 1187 1290 1220 locum
1311 1184 1505 1219 ordinarent
1519 1196 1648 1219 novum
1669 1185 1895 1228 Episcopum:
1922 1184 2066 1220 Ordina-

1152 1260 1154 1263 ψ
1177 1244 1254 1271 runt
1273 1234 1351 1270 vero
1372 1233 1515 1278 ejusdem
1526 1233 1677 1269 Ecclefiae
1688 1245 1729 1268 ex
1748 1233 1919 1268 monacho
1929 1233 2068 1279 presby.-

1179 1296 1284 1321 terum
1307 1285 1571 1320 Maximianum.
1601 1283 1689 1318 Eum
1713 1284 1732 1319 a
1756 1282 1918 1328 Synodo‚¹
1944 1284 1978 1319 id
1996 1284 2069 1323 est,

1182 1335 1395 1380 synodalibus
1419 1335 1555 1380 Legatis
1579 1334 1771 1369 ordinatum
1805 1332 1940 1368 testatur
1965 1333 2067 1368 etiam

1182 1387 1368 1422 Celestinus
1392 1385 1552 1421 Pontifex
1577 1385 1614 1419 in
1638 1382 1766 1428 synodi
1792 1383 2070 1426 confirmatione,

1179 1437 1303 1472 addens
1316 1438 1348 1471 se
1361 1461 1373 1478 ,
1392 1438 1462 1470 ditm
1473 1437 1560 1470 illius
1577 1440 1672 1478 capiti
1681 1434 1779 1470 verba
1801 1433 1917 1475 mystica
1939 1435 2068 1468 diceren-

1182 1497 1253 1529 tur,
1279 1486 1424 1522 omnino
1437 1486 1636 1521 interfuisse,
1664 1485 1717 1520 Ex
1729 1496 1797 1529 quo
1822 1495 1891 1518 non
1905 1483 2067 1529 vanepos-

1185 1539 1221 1572 fit
1239 1537 1363 1581 conjici
1388 1536 1430 1572 ab
1452 1536 1601 1572 Arcadio
1619 1536 1750 1581 Legato
1771 1534 1884 1570 datam
1902 1535 2068 1569 consecra-

1185 1588 1311 1622 tionem
1331 1611 1342 1628 ,
1368 1586 1463 1621 Hinc
1486 1586 1652 1631 intelliges
1678 1585 1773 1620 verba
1795 1583 2005 1619 Theodoreti
2025 1583 2069 1619 de

1188 1637 1344 1671 Nesiorio
1366 1635 1408 1671 ad
1429 1635 1660 1671 Alexandrum
1680 1637 1774 1670 suum
1795 1636 2071 1678 Metropolitam.

1188 1691 1235 1721 De
1258 1692 1356 1721 Amico
1370 1685 1448 1730 sciat
1461 1690 1527 1720 Tua
1537 1686 1694 1720 sanHitas
1706 1710 1717 1726 ‚
1743 1687 1824 1727 quod
1827 1684 1858 1727 fi
1863 1687 1984 1727 quando
2001 1687 2068 1726 eJ'us

1181 1738 1352 1780 faceremus
1369 1742 1547 1771 mentionem
1566 1738 1618 1769 vel
1626 1737 1712 1779 apud
1715 1736 1924 1779 pientiffimum
1935 1738 2045 1780 Regem
2056 1760 2068 1776 ,

1187 1790 1241 1822 vel
1263 1789 1351 1830 apud
1378 1786 1486 1828 illustre
1510 1786 1710 1829 consistorium
1733 1810 1745 1827 ,
1779 1785 1953 1828 desec‘iionis
1984 1795 2069 1821 nota-

1186 1839 1293 1871 bamur
1313 1862 1321 1870 .
1348 1841 1458 1871 Tantae
1477 1835 1551 1881 sunt
1573 1849 1694 1877 eorum,
1720 1841 1772 1879 qui
1789 1839 1869 1869 intr&
1886 1833 1982 1879 sunt,
2010 1841 2069 1870 itti-

1185 1894 1306 1922 micitiae
1320 1913 1327 1920 .
1355 1891 1400 1920 Et
1414 1887 1465 1921 hoc
1487 1887 1524 1927 est
1534 1886 1751 1927 molestiffimum
1765 1912 1772 1918 .
1800 1886 1844 1919 Et
1857 1885 1952 1920 verba
1963 1887 2069 1930 Lega-

1183 1949 1293 1972 torum
1315 1938 1356 1971 ad
1376 1938 1451 1972 suos
1471 1938 1506 1970 in
1519 1935 1671 1980 Epheso.
1699 1941 1744 1969 De
1763 1937 1934 1978 pientiffimo
1952 1934 2068 1979 &san-

1180 1990 1294 2029 e‘lifflmo
1305 1986 1451 2031 Epifiopo
1464 1987 1600 2027 Nestorio
1615 1985 1697 2029 ftiat
1720 1986 1817 2026 vestra
1839 1988 1966 2025 Pietas,
1989 1987 2073 2030 quod

1176 2039 1377 2079 studuerimus
1401 2039 1521 2081 quidem
1539 2036 1703 2080 sermonem
1726 2035 1851 2078 inserere
1876 2061 1886 2075 ‚
1909 2035 1967 2080 sed
1986 2047 2066 2070 nunc

1182 2102 1241 2123 non
1248 2095 1423 2131 potuimus,
1451 2089 1574 2130 eoquod
1590 2098 1687 2119 omnes
1709 2088 1762 2119 vel
1777 2088 1823 2118 ad
1844 2084 1940 2128 ipficm
1963 2095 2070 2119 nomen

1183 2139 1322 2180 hostiliter
1342 2139 1510 2179 afficiantur
1532 2160 1540 2168 .
1568 2136 1772 2169 Nihilominus
1797 2146 1876 2168 curae
1890 2136 1972 2168 nobis
1993 2142 2069 2169 erit.

1184 2189 1297 2223 Caecus
1307 2186 1543 2220 Theodoretus
1561 2197 1630 2220 non
1641 2186 1733 2219 desiit
1758 2185 1851 2219 illum
1866 2185 1970 2228 palam
1991 2197 2066 2229 prae—

1181 2236 1290 2271 dicare
1314 2261 1320 2268 .
1350 2237 1456 2270 Porro
1490 2234 1620 2278 Epheso
1641 2235 1779 2277 ejestum
1810 2235 1919 2278 abjiffe
1943 2234 2066 2268 Antio-

1182 2287 1292 2322 chiam
1314 2286 1355 2320 ad
1390 2286 1525 2329 Joannis
1544 2284 1737 2319 Patriarchae
1765 2286 2002 2328 protectionem
2033 2285 2069 2319 ὃ(

1183 2339 1277 2371 suum
1309 2337 1417 2371 Sansti
1452 2335 1606 2379 Euprepii
1629 2336 1871 2370 Monasterium
1892 2360 1903 2377 ,
1930 2336 2065 2370 testatur

1184 2387 1346 2431 Evagrius
1360 2385 1610 2429 Epiphanienfis
1621 2411 1628 2418 .

1230 2437 1312 2470 Haec
1323 2437 1401 2470 item
1414 2435 1559 2471 secundae
1569 2436 1742 2471 Petitionis
1755 2435 1850 2470 verba
1877 2435 1918 2470 de
1935 2436 2069 2470 civitate

1183 2486 1440 2522 Chalcedonenfi
1472 2512 1482 2527 ,
1508 2490 1588 2531 ,Quae
1609 2495 1752 2520 exercetur
1768 2485 1924 2530 schismate
1948 2510 1957 2525 ‚
1982 2484 2071 2530 large

1183 2539 1319 2582 exponit
1329 2535 1561 2572 Theodoretus
1587 2539 1620 2571 in
1643 2538 1756 2572 litteris
1780 2537 1821 2571 ad
1843 2535 2071 2570 Alexandrum

1184 2591 1275 2623 suum
1287 2587 1537 2631 Metropolitam
1547 2613 1554 2619 .
1581 2586 1854 2622 Chalcedonensis
1869 2586 1955 2628 Epis
1966 2597 2047 2629 opus
2056 2609 2070 2626 ‚

1185 2640 1404 2672 Memnonem
1432 2636 1629 2681 Ephefinum
1654 2638 1797 2671 imitatus
1825 2661 1836 2677 ‚
1862 2634 2070 2670 schismaticis

1182 2689 1295 2723 clausit
1305 2699 1420 2722 omnes
1433 2689 1590 2723 Ecclefias
1602 2714 1613 2729 ‚
1641 2690 1749 2732 coegit
1761 2688 1869 2721 vivere
1891 2687 1957 2720 stne
1971 2686 2068 2719 Divi-

1182 2741 1254 2778 nis,
1278 2737 1425 2783 adeoque
1440 2737 1815 2782 instruxitPrincipem‚
1840 2747 1876 2771 ut
1887 2746 2020 2781 rogatus
2031 2735 2067 2770 il-

1182 2791 1222 2825 lis
1234 2789 1481 2824 concedendam
1493 2788 1534 2823 ab
1547 2789 1709 2832 Episcopo
1722 2786 1896 2822 Ecclesiam
1905 2812 1915 2827 ,
1940 2787 2069 2830 respon-

1181 2841 1265 2875 derit
1278 2851 1314 2874 ut
1328 2850 1419 2874 verus
1432 2839 1582 2874 Ecclefiae
1592 2839 1695 2873 Filius
1709 2853 1719 2873 :
1746 2842 1810 2882 Ego
1823 2836 1964 2881 Episcopo
1986 2845 2068 2879 prae-

1180 2897 1271 2934 cipere
1281 2902 1337 2923 non
1346 2890 1454 2934 possum
1464 2915 1471 2921 .
1502 2890 1555 2923 Ex
1574 2891 1691 2924 Sensit>
1704 2887 1880 2922 Ambrosio
1902 2898 1994 2922 norat
2006 2887 2068 2921 Ec-

1182 2942 1291 2976 clefias
1314 2940 1355 2974 ad
1381 2940 1578 2984 Episcopos‚
1604 2940 1727 2974 Palatia
1753 2937 1793 2972 ad
1813 2938 1876 2972 lese
1889 2939 2067 2981 pertinere.

1183 2993 1225 3026 Et
1240 2990 1318 3026 hinc
1331 2990 1370 3025 ad
1380 2988 1580 3025 Michaelem
1591 2989 1779 3035 Augustum
1791 2987 1873 3022 recte
1886 2987 1993 3022 scribit
2007 2987 2068 3020 Ni-

1182 3043 1291 3077 colaus
1303 3044 1426 3086 primus
1436 3041 1592 3076 Pontifex
1606 3043 1706 3075 sacras
1716 3041 1799 3074 olim
1809 3038 1959 3081 juffiones
1976 3038 2068 3071 fuisse

1181 3092 1331 3135 jussiones
1344 3091 1512 3126 dumtaxat
1524 3093 1659 3126 nomine
1669 3117 1679 3132 ,
1705 3102 1738 3125 re
1758 3091 1824 3134 ipsa
1843 3089 1924 3122 solas
1936 3098 2044 3133 preces
2059 3113 2069 3120 .

1182 3142 1272 3190 Qin
1294 3141 1397 3175 immo
1420 3142 1499 3176 dum
1510 3141 1656 3186 Principi
1676 3140 1822 3176 venienti
1844 3138 1863 3172 ὀ
1886 3137 2069 3173 suburbano

1182 3193 1376 3226 Ruffiniano
1399 3202 1456 3234 pro
1467 3190 1611 3226 Ecclesia
1633 3190 1852 3236 supplicabant
1871 3186 1990 3222 fastiofi
2012 3211 2024 3228 ,
2048 3186 2068 3219 a

1183 3242 1302 3286 populo
1311 3239 1498 3276 orthodoxo
1510 3242 1610 3278 ferme
1618 3242 1749 3277 fuerunt
1762 3240 1903 3284 lapidati.
1929 3237 2070 3273 Causam

1183 3294 1237 3336 ipsi
1263 3290 1404 3327 scribunt
1427 3291 1467 3326 ad
1492 3294 1611 3327 suosin
1635 3291 1785 3336 Epheso.
1812 3294 1919 3323 omnis
1941 3289 2070 3333 populus

1183 3342 1812 3386 Constantinopolitanusjugiteradnos
1838 3346 1949 3380 venit,
1975 3350 2068 3373 orans

1183 3393 1338 3434 utstrenue
1356 3401 1412 3435 pro
1419 3392 1480 3435 fide
1496 3401 1663 3437 pugnemus
1677 3417 1684 3424 .
1714 3392 1793 3425 Erat
1817 3390 1931 3435 populi
1954 3391 2013 3423 faex
2024 3387 2067 3421 se-

1182 3444 1276 3478 ducta
1298 3444 1317 3478 a
1339 3443 1516 3482 Nestorio,
1543 3453 1639 3485 atque
1661 3441 1822 3486 ejusmodi
1835 3442 1965 3484 leprosis
1987 3449 2068 3473 con-

1183 3494 1355 3529 venticulis
1374 3493 1541 3529 clvitatem
1553 3494 1641 3528 suam
1667 3491 1771 3539 pollui
1785 3490 1918 3528 nolebat
1931 3491 2066 3532 Episco-

1955 3551 2016 3586 pus
