2340 3736
264 204 320 238 riae
345 204 522 243 solitudine
547 209 710 253 spectante
735 205 778 243 ad
805 204 1056 243 Antiochenam
1089 202 1150 238 Pa-

266 255 478 294 triarchatum
491 281 502 299 ,
527 257 648 301 sci-ipsit
665 258 706 291 ad
729 257 910 294 Damasum
929 254 1147 289 Pontificem.

267 305 435 342 Adfirmat
457 309 490 354 se
505 307 705 353 Apostoliclae
725 307 832 353 sensti
855 305 944 344 Petri
955 302 1150 345 Canhedrae,

269 358 305 391 ὃ(
328 357 480 403 relegatis
497 369 552 402 per
572 353 803 405 Imperatorem
826 355 1002 392 Valentem
1019 354 1151 400 AEgyp-

268 408 391 444 tiorum
406 403 842 445 (bnstfforiliiisconstaneer
851 403 1024 446 adhaerere,
1034 405 1068 439 ’ἃ
1081 415 1153 449 pro·

269 458 412 503 sequitur
434 472 441 492 :
478 463 553 494 Non
575 464 646 495 novt·
666 461 796 495 Vitalem
819 480 830 496 ,
855 455 1009 490 Meletium
1030 452 1152 500 respuo,

269 514 370 555 ignoro
393 510 557 545 Paulinum
579 535 585 543 .
612 512 797 555 ,Quicumque
822 515 915 541 tecum
938 517 996 539 non
1022 507 1130 551 colligit
1143 531 1153 546 ,

90 454 178 494 Epist.
203 464 248 494 57.

266 557 407 605 spargit:
436 564 496 609 Hpc
517 559 554 600 est
576 567 628 605 qui
644 557 757 599 'Christi
780 567 837 590 nan
859 555 898 598 est
922 580 934 596 ‚
961 555 1180 596 Anti-christil

269 609 325 648 est.
352 613 445 643 Nunc
456 610 565 655 igitur,
585 609 663 653 prob
672 609 751 643 dolor
764 631 775 649 ‚
801 605 863 649 post
874 606 1133 650 Nicaenamfidem
1142 631 1155 649 ,

266 658 329 703 post
358 661 596 696 Alexandrinum
615 660 723 702 junc‘lo
737 664 858 700 paritor
880 658 1036 691 Occidente
1047 660 1155 692 Decre-

268 718 356 750 tum,
382 716 474 744 trium
493 708 719 753 Hypostafionab
741 711 919 743 Arianorum
941 705 1094 752 Prasule,
1119 711 1153 743 (9·
1178 737 1183 741 .

270 760 481 809 Campenfibus
501 761 647 795 novellum
666 760 745 794 ame
756 774 779 800 ‚·
793 757 909 792 bomine
921 761 1055 792 Romano
1066 784 1077 800 ,
1105 770 1154 792 no-
1187 779 1194 782 -r

269 816 337 845 roen
349 815 496 855 exigitur.
525 813 611 854 Qui,
637 808 732 855 quaeso
743 833 753 849 ‚
779 807 833 849 ista
846 807 967 850 Apostoli
975 810 1152 851 prodidere?

269 862 352 903 ,Quis
374 872 471 894 novus
492 858 635 905 Magister
658 863 798 893 Gentium
820 859 934 892 Paulus
958 858 1021 892 baec
1030 860 1154 896 docuit?

268 914 487 954 Interrogamus
502 935 513 951 ‚
539 911 616 953 quid
637 918 696 945 tres
708 906 957 952 HypostaJespoffe
967 909 1155 943 arbttrentur
1173 913 1178 938 ἶ

269 962 419 1005 intelligi?
445 964 518 994 Tres
530 959 674 1003 Personas
685 957 872 1002 subsistentes
890 961 998 1000 aJunt.
1025 958 1154 1004 Respon—

269 1012 372 1044 demus
394 1021 447 1043 nos
467 1016 511 1042 ita
531 1011 665 1044 credere.
692 1014 767 1042 Non
786 1006 892 1051 sufficit
898 1007 1026 1052 sensus,
1056 1008 1154 1053 ipsum

267 1072 372 1095 nomen
392 1059 563 1104 efflagitant
575 1073 586 1095 .·
614 1062 700 1104 ,Quia
718 1057 807 1102 nescio
818 1059 894 1101 quid
902 1065 1019 1096 vens-nn,
1029 1064 1061 1092 in
1068 1059 1154 1103 sylla-

260 1111 315 1145 bis
337 1112 414 1144 latet
427 1135 434 1142 .
461 1111 638 1144 clamamus
650 1134 661 1151 ,
678 1107 710 1151 fi
729 1115 794 1152 quis
806 1117 868 1143 tres
882 1107 1052 1153 Hypoftases
1064 1132 1076 1150 ‚
1099 1119 1154 1144 aut

265 1167 328 1196 tria
347 1160 530 1202 enypostata,
555 1159 606 1193 boc
619 1160 658 1202 est
678 1167 739 1194 tres
744 1157 924 1203 subsistentes
940 1157 1083 1202 Personas
1094 1171 1153 1194 non

263 1223 316 1246 con
313 1212 416 1255 fitetur
426 1234 438 1251 ,
448 1208 659 1252 anathemaſse
670 1234 678 1242 .
704 1212 750 1244 Et
762 1215 834 1254 quia
845 1209 988 1244 vocabula
997 1221 1056 1243 non
1066 1211 1152 1244 edici·

263 1274 330 1295 mus
341 1287 352 1303 ,
379 1268 522 1298 Haeretici
535 1263 709 1303 ,iudicamur
721 1285 728 1293 .
756 1262 789 1294 51
798 1265 865 1305 quis
877 1269 978 1294 autem
989 1260 1082 1303 Ufiam
1092 1266 1152 1300 Hy-

259 1310 382 1358 pqstafin
401 1314 588 1358 intelligens,
616 1317 718 1345 nonin
736 1311 832 1345 tribus
843 1309 985 1354 Personis
997 1308 1154 1349 unamHy-

258 1363 383 1406 postafin
393 1364 466 1397 dicit
479 1387 490 1402 ,
515 1366 632 1397 alienus
646 1365 666 1395 ἃ
679 1361 795 1402 Christo
802 1361 860 1400 est:
887 1364 933 1394 Et
941 1360 997 1405 sub
1014 1361 1071 1395 bac
1089 1372 1154 1394 con-

255 1413 376 1457 feffione
397 1412 545 1456 vobiscum
562 1419 682 1455 pariter
704 1418 834 1446 cauterio
853 1416 972 1445 unionis
989 1415 1149 1445 inurimur.

262 1462 429 1507 Discernite
442 1463 474 1505 st
484 1465 606 1506 placet,
631 1460 762 1505 obsecro:
789 1466 862 1494 Non
879 1461 986 1494 timebo
995 1471 1055 1494 tres
1066 1464 1152 1503 Hypo-

254 1513 353 1558 stases
376 1516 472 1547 dicere
485 1537 496 1553 ,
514 1512 547 1554 fi
557 1511 675 1552 jubetis
685 1534 695 1544 .
723 1513 877 1543 condatur
887 1522 967 1543 nova
972 1509 1037 1553 post
1049 1515 1149 1544 Nicae-

260 1576 333 1596 nam
350 1564 429 1605 fides
438 1585 450 1601 ,
474 1564 509 1596 (τ
524 1561 669 1604 fimilibus
693 1561 796 1594 verbis
807 1572 871 1594 cum
885 1565 1006 1594 Arianis
1018 1561 1149 1604 confitea-

259 1624 326 1647 mur
346 1612 502 1647 orthodoxi
521 1637 528 1645 .
556 1614 635 1645 Tata
654 1612 846 1645 sacularium
867 1610 1035 1645 litterarum
1053 1609 1149 1655 schola

257 1663 340 1699 nibil
348 1663 437 1698 aliud
445 1659 609 1705 Hypostafin
619 1686 630 1703 ,
655 1660 713 1704 nisi
720 1659 814 1703 Ufiam
828 1686 839 1702 ,
863 1668 949 1696 novit
958 1686 965 1693 .
993 1665 1041 1694 Et
1060 1668 1128 1705 quis
1141 1684 1151 1700 ,

258 1725 327 1759 rogo
339 1738 350 1754 ,
375 1725 421 1747 ore
430 1714 573 1757 Sacrilego
580 1721 641 1746 tres
648 1710 833 1756 substantias
849 1712 1055 1754 praedicabit?
1083 1716 1149 1745 Una

259 1763 298 1803 est
309 1767 388 1804 Dei,
414 1765 520 1806 &sola
528 1773 641 1798 natura
650 1787 661 1804 ‚
686 1773 754 1805 quae
765 1765 837 1796 vere
846 1762 902 1803 est.
929 1763 974 1796 Et
987 1761 1057 1806 post
1070 1773 1148 1807 quae·

252 1814 337 1850 *dam
351 1827 362 1847 .·
388 1814 517 1855 Sufficiat
537 1814 620 1847 nobis
639 1813 733 1846 dicere
742 1824 835 1846 unam
841 1811 1040 1856 substantiam
1050 1837 1061 1853 ,
1087 1821 1147 1846 tres

259 1863 408 1908 Personas
422 1862 646 1907 ,subfistentes,
673 1865 826 1906 aequales,
852 1866 1039 1897 Co-aeternas
1059 1888 1067 1895 .
1094 1866 1148 1895 Ta-

258 1924 383 1948 ceantur
394 1923 456 1948 tres
468 1914 631 1958 Hypqstases
639 1939 650 1955 ,
671 1913 806 1955 stplacet
817 1936 828 1952 ,
853 1915 888 1948 ό·
899 1925 961 1946 una
972 1923 1128 1947 teneantur
1135 1936 1145 1952 ,

261 1976 321 1998 non
344 1965 430 2007 bonaf=
447 1962 622 2007 suspicionis
633 1962 693 2004 est,
719 1968 826 1996 cumin
838 1964 937 1996 eodem
953 1961 1041 2006 finsu
1053 1964 1148 1996 verba

258 2011 431 2057 diffitntiunt
450 2039 458 2046 .
495 2016 628 2057 Sufficiat
663 2013 748 2046 nobis
771 2023 934 2047 memorata
965 2014 1125 2046 credulitas
1136 2039 1146 2054 ,

257 2075 312 2098 aut
324 2064 357 2107 fi
363 2063 473 2098 reHum
481 2071 601 2107 putatis
615 2076 638 2105 ,·
653 2072 712 2095 tres
723 2061 889 2105 Hypostases
900 2075 964 2096 cum
974 2061 1001 2106 s
995 2075 1041 2095 uss
1054 2067 1146 2096 Inter-

251 2114 473 2158 pretatiom'bus
499 2114 605 2148 debere
627 2124 680 2145 nos
706 2114 804 2146 dicere
825 2125 883 2146 non
897 2123 1060 2157 negamus:
1087 2115 1147 2147 Sed

256 2164 332 2198 mihi
352 2166 463 2199 credite
475 2189 485 2205 ‚
511 2176 658 2199 venenum
674 2161 730 2206 fieb
752 2163 836 2196 melle
845 2164 947 2205 latet;
973 2164 1145 2207 Transfigu-

255 2221 343 2249 ravit
366 2214 399 2259 se
420 2215 544 2259 Angelus
565 2213 710 2248 sathana*
733 2219 766 2246 in
790 2215 930 2258 Angelum
940 2214 1033 2249 lucis,
1063 2216 1146 2248 Bene

256 2273 494 2308 interpretantur
515 2264 697 2308 I—iypostast'n:
726 2268 770 2296 Et
791 2275 855 2297 cum
867 2266 902 2297 id
910 2262 1148 2306 quodipfiexpo-

257 2326 332 2349 nunt
345 2342 354 2355 ,
381 2315 488 2349 habere
511 2327 558 2349 me
579 2317 698 2356 dicam,
726 2315 1030 2347 Haereticusindicor.
1058 2316 1146 2358 ,Quid

257 2376 321 2400 tam
333 2368 424 2399 anxie
434 2377 525 2398 unum
539 2366 666 2400 Verbum
678 2365 805 2399 tenent?
831 2365 921 2407 ‚Quid
933 2361 989 2407 fieb
1009 2364 1145 2408 ambiguo

251 2415 386 2460 sermone
397 2417 521 2448 latitant
534 2416 550 2446 ?
576 2418 596 2448 5
598 2422 608 2446 i
612 2416 652 2457 fic
663 2418 786 2448 credunt
797 2438 808 2453 ,
834 2423 867 2447 ut
886 2420 1122 2455 interpretantur
1133 2438 1143 2456 ,

257 2477 315 2500 non
338 2469 449 2499 damno
470 2467 552 2508 quod
560 2472 701 2499 retinent.
733 2468 766 2497 51
769 2462 808 2505 fic
818 2465 903 2497 credo
913 2487 923 2503 ‚
947 2475 979 2497 ut
991 2463 1143 2507 ipfisentt'-

254 2529 288 2551 re
303 2514 336 2559 se
347 2516 489 2558 fimulant
510 2540 521 2556 ,
544 2521 726 2557 permittant
737 2516 772 2548 ό*
784 2513 859 2546 mibi
868 2518 942 2547 meis
953 2513 1051 2546 verbis
1056 2512 1144 2556 suum

252 2559 371 2612 finsum
395 2567 474 2607 loqui
499 2591 506 2598 .
546 2564 747 2609 ,Quamobrem
772 2563 888 2603 obtestor
915 2564 1143 2597 Beatitudinem

254 2627 341 2651 tuam
354 2641 365 2657 ‚
391 2626 424 2650 ut
443 2615 517 2649 mibi
539 2615 680 2657 Epistol&
692 2621 752 2649 tuis
763 2639 774 2655 ,
793 2612 858 2656 five
873 2615 1086 2654 tacendarum,
1106 2613 1143 2656 ss*-

254 2679 295 2701 ve
306 2669 499 2702 dicendarum
513 2664 698 2709 Hypostaseon
709 2667 796 2699 detur
806 2665 967 2698 aucloritas
980 2688 988 2696 .
1016 2664 1061 2697 Et
1071 2664 1140 2706 post

255 2716 402 2762 quaedam
425 2716 619 2751 concludit.-
645 2717 742 2749 simul
760 2722 850 2749 etiam
871 2720 918 2747 cui
938 2714 1022 2755 apud
1043 2718 1146 2747 Antio-

255 2768 354 2801 chiam
364 2768 485 2801 debeam
493 2772 704 2800 communicare
717 2789 728 2806 ,
745 2765 890 2808 fignifices
906 2777 913 2796 z
942 2765 1028 2807 ,Quia
1052 2769 1146 2797 Cam—

250 2817 357 2861 penses
369 2830 432 2852 cum
442 2815 646 2861 Tharsenfibus
660 2821 816 2850 Haereticis
827 2815 955 2857 copulati
969 2814 1050 2847 nibil
1056 2815 1147 2848 aliud

254 2869 410 2907 ambiunt,
434 2879 525 2910 quam
550 2876 584 2901 ut
608 2866 783 2900 auchritate
808 2870 1017 2898 communionis
1039 2864 1144 2906 vestrae

249 2918 327 2960 fuln·
352 2929 412 2951 tres
439 2916 608 2961 Hypasiases
627 2929 693 2951 cum
716 2922 838 2957 antiquo
854 2913 939 2958 sensu
953 2915 1122 2956 praedicent
1135 2940 1142 2948 .

257 2968 304 3003 Et
330 2967 363 3001 in
390 2968 505 3002 litteris
529 2968 571 3004 ad
599 2967 751 3001 Marcum
786 2963 968 2999 Celedenfis
995 2965 1144 2999 Ecclefiae

255 3016 485 3061 Presbyterum
504 3030 511 3050 z
541 3024 706 3053 Haereticus
717 3027 802 3050 vocor
812 3040 823 3056 ,
854 3012 1020 3055 Homouston
1031 3016 1145 3057 praedi-

81 3079 168 3119 Epist.
193 3089 239 3114 77·
255 3080 331 3102 cans
366 3071 547 3101 Trinitatem
573 3093 585 3109 ‚
620 3067 795 3101 Sabellianae
821 3070 986 3113 impietatis
1015 3077 1144 3108 arguor,

258 3128 320 3152 tres
345 3115 524 3162 subsistentes
547 3142 558 3158 ‚
582 3128 672 3151 veras
698 3142 709 3158 ‚
735 3123 868 3160 integras
892 3139 905 3157 ,
937 3113 1145 3158 perfossasque

260 3166 405 3212 Personas
414 3165 555 3210 indefessa
567 3179 635 3200 voce
643 3173 846 3209 pronuncians
862 3190 869 3197 .
895 3168 926 3198 Si
938 3164 978 3198 ab
991 3169 1112 3198 Arianis
1129 3189 1140 3206 ‚

259 3226 385 3260 merit03
407 3216 438 3259 fi
457 3216 495 3250 ab
507 3216 675 3249 orthodoxis
689 3241 700 3257 ‚
725 3222 776 3258 qui
800 3214 964 3259 hujusmodi
977 3225 1103 3259 arguunt
1109 3214 1145 3257 fi-

260 3269 328 3300 dem
340 3293 350 3307 ‚
375 3267 528 3300 orthodoxi
548 3266 598 3309 effe
617 3264 759 3307 defierunt
771 3291 778 3298 .
808 3272 864 3298 Aut
870 3265 901 3307 fi
914 3271 956 3299 eis
964 3265 1064 3307 placet
1074 3272 1146 3301 Ησ-

260 3323 384 3352 seticum
396 3329 440 3349 me
451 3329 515 3350 cum
527 3317 683 3350 Occidente
701 3340 715 3360 ³,
738 3321 918 3349 Haereticum
929 3327 992 3348 cum
1001 3321 1144 3360 AEgypto‚

262 3366 314 3401 hoc
336 3366 374 3406 est
396 3377 462 3399 cum
474 3365 603 3410 Damaso
622 3391 633 3407 ,
659 3368 804 3407 Petroque
816 3366 1027 3398 condemnent.
1056 3367 1146 3409 ,Quid

258 3428 354 3451 unum
379 3419 532 3450 Hominem
550 3441 561 3457 ‚
597 3422 727 3459 exceptis
744 3413 830 3459 sociis
855 3420 1051 3449 criminantur
1073 3417 1086 3450 ?
1111 3419 1144 3449 51·

735 160 750 173 .,
783 123 1082 187 Disseurn
1098 138 1198 169 110
1235 125 1567 189 ΡοετΗυΜᾼ-

1217 209 1317 239 Rivus
1337 211 1465 240 tenuiter
1479 208 1547 247 ,βαι
1557 231 1569 248 ,
1593 221 1650 245 non
1661 212 1698 252 est
1707 215 1789 248 alvei
1797 215 1885 258 culpa
1893 241 1904 259 ,
1912 215 1972 261 [σά
1973 218 2072 261 fontis
2084 243 2092 251 .

1216 256 1315 289 Pudet
1324 258 1420 290 dicere
1432 264 1451 291 t·
1462 258 1500 290 de
1511 262 1664 292 cavernis
1675 265 1850 299 cellularum
1860 269 2041 303 damnamus
2049 281 2096 304 or—

1216 305 1280 338 bem
1292 329 1300 338 .
1320 310 1367 349 ᾒζιη1
1379 304 1463 350 sacco
1481 309 1516 342 (rr
1533 314 1630 343 cinere
1645 312 1794 357 volutati„
1818 317 1857 350 de
1867 317 2021 361 Rpiscopis
2027 319 2095 362 sen-

1189 363 1191 365 '
1215 362 1343 389 tentiam
1356 356 1507 399 ferimus.
1536 358 1629 402 ,Quid
1638 359 1723 401 facit
1738 360 1801 403 siah
1808 371 1873 399 tuni
1887 380 1907 400 a
1913 375 2093 410 poenttentis

1191 426 1196 433 -
1214 409 1327 446 Regius
1353 408 1505 441 Animus?
1528 412 1678 451 Catenae,
1703 412 1830 454 sordes,
1922 411 1928 416 ⁴

1895 419 2010 457 'Uomae
2035 431 2095 453 non

1211 454 1284 500 sunt
1306 459 1500 491 DIadematis
1519 457 1605 502 figna
1623 485 1635 501 ,
1654 458 1717 503 sed
1733 462 1842 498 Fletus
1865 488 1872 496 .
1911 468 2095 503 Per-mutant

1215 518 1262 540 me
1273 531 1283 547 ,
1299 507 1409 552 quaeso,
1421 508 1499 542 nibil
1505 508 1584 551 loqui
1597 535 1604 542 .
1631 514 1695 544 Cur
1705 517 1783 546 enim
1791 515 1927 548 lacerant
1939 539 1950 555 ,
1974 525 2094 559 quinon

1208 567 1343 591 meretur
1366 560 1544 593 invidiam?
1564 565 1738 595 Haereticus
1751 561 1822 607 sum
1841 576 1849 596 :
1876 567 1967 608 ,Quid
1983 568 2027 598 ad
2042 571 2094 604 te?

1210 608 1305 649 plane
1325 613 1433 650 times,
1460 619 1497 642 ne
1518 610 1756 653 eloquentifflmus
1777 613 1860 647 homo
1869 621 1902 647 in
1912 618 1976 657 syro
1985 618 2097 650 Sermo·

1215 669 1273 698 ne,
1298 659 1353 692 vel
1370 664 1404 692 in
1419 663 1521 692 Graeco
1548 685 1558 701 ‚
1583 661 1728 703 Ecclefias
1745 668 1942 708 circumeam,
1969 667 2097 709 Populos

1209 706 1353 752 seducam
1364 733 1376 750 ,
1400 707 1531 753 schisma
1540 711 1687 754 conficiam
1698 738 1707 745 .

1264 757 1348 792 Haec
1370 760 1531 804 postrema
1554 762 1648 797 verba
1659 762 1804 799 „edicunt
1814 766 1967 801 Samium
1978 767 2099 801 Hiero-

1215 819 1355 853 nymum
1378 820 1458 845 tunc
1480 813 1636 855 temporis
1646 813 1789 849 necdum
1810 817 1904 851 fuisse
1914 816 2008 860 plene
2018 817 2101 860 peri-

1214 868 1286 894 tum
1307 859 1467 895 sermonis
1487 861 1561 904 Syri
1583 873 1641 898 aut
1660 864 1784 899 Graeci.
1812 866 1907 900 Hinc
1926 867 1962 901 in
1982 866 2098 901 litteris

1205 909 1259 944 -ad‘
1277 910 1459 951 Damasum
1480 911 1588 946 scribit
1602 926 1613 946 :
1641 917 1784 948 novellum
1806 917 1826 947 ἃ
1847 928 1893 950 me
1913 916 2027 951 bomine
2043 920 2099 949 Ro-

1212 971 1300 993 mano
1322 972 1424 995 nomen
1445 966 1595 1006 exigitur.
1621 963 1716 998 Hinc
1737 965 1845 999 voluit
1866 966 1968 1001 latine
1988 991 1998 1007 ,
2026 979 2097 1001 non

1213 1009 1325 1045 Graece
1347 1011 1438 1056 loqui
1459 1035 1470 1052 ,
1495 1011 1530 1045 ὅ(
1550 1012 1657 1048 dicere
1680 1026 1748 1048 non
1773 1015 1975 1059 Hypostases
1994 1041 2005 1057 ,
2042 1016 2097 1051 sed

1214 1060 1386 1095 Personas.
1415 1061 1573 1098 Notanda
1584 1063 1657 1098 sunt
1669 1064 1703 1099 δε
1721 1065 1852 1100 Verba:
1880 1071 1982 1110 Ignoro
1995 1068 2099 1100 Pauli·

1213 1123 1316 1144 num·¹
1344 1111 1491 1146 Edicunt
1517 1110 1574 1146 has
1599 1112 1721 1148 litteras
1746 1115 1839 1150 fuisse
1864 1116 1993 1160 scriptas
2019 1124 2098 1150 ante

1213 1160 1476 1205 presbyteratum
1499 1161 1607 1197 sancii
1629 1165 1832 1209 Hieronymi
1856 1178 1863 1198 :
1890 1166 1993 1200 Hunc
2007 1166 2100 1207 enim

1213 1211 1269 1246 ille
1293 1212 1313 1246 a
1338 1211 1481 1246 Paulino
1508 1213 1635 1258 accepit
1655 1239 1667 1255 ‚
1693 1213 1840 1260 adeoque
1864 1225 1945 1251 tune
1971 1214 2102 1258 nequiit

1212 1262 1363 1307 ignorare
1384 1262 1488 1307 ipsum
1507 1286 1518 1302 ‚
1542 1263 1576 1298 id
1600 1264 1646 1300 est
1668 1265 1724 1310 ipsi
1746 1279 1815 1302 non
1836 1265 2098 1305 communicare.

1214 1312 1369 1356 Utraque
1405 1312 1550 1356 Epistola
1577 1314 1623 1348 est
1660 1314 1678 1348 ὲ
1715 1315 1887 1351 Cholcidis
1920 1316 2100 1352 solitudine

1212 1361 1326 1406 scripta
1345 1363 1577 1408 septuagesimo
1594 1364 1736 1399 secundo
1748 1367 1852 1409 quarti
1873 1367 1977 1401 saculi
1988 1376 2077 1400 anno
2089 1388 2101 1404 ,

1213 1423 1280 1454 quo
1302 1413 1336 1445 in
1356 1412 1501 1449 defuncti
1517 1414 1622 1456 Sanffi
1645 1413 1814 1451 Athanasii
1828 1417 1938 1453 sedem
1954 1416 2100 1451 succeffit

1213 1461 1326 1495 Petrus
1338 1486 1345 1492 .
1372 1460 1467 1496 Hinc
1478 1464 1581 1505 prima
1595 1464 1780 1510 AEgyptios
1799 1467 2028 1507 Confeffores,
2055 1467 2100 1501 se-

1211 1512 1320 1546 cunda
1340 1511 1451 1545 laudat
1470 1513 1568 1546 istum
1581 1514 1734 1548 Petrum.
1764 1515 1996 1552 Antiochenus
2005 1515 2100 1550 Aria-

1213 1572 1330 1596 norum
1355 1561 1534 1606 Episcopus
1555 1562 1601 1597 est
1627 1564 1797 1600 sceleratus
1822 1566 1965 1610 Euzojus
1992 1591 2005 1608 ,
2040 1567 2097 1610 qui

1213 1611 1286 1646 Arii
1299 1612 1332 1645 in
1348 1611 1575 1647 Alexandrina
1597 1613 1738 1648 Ecclesia
1752 1615 2038 1657 Con-Diaconus‚
2064 1616 2099 1654 &

1211 1663 1245 1696 in
1266 1661 1438 1696 formanda
1461 1662 1582 1698 Haerefi
1607 1664 1814 1707 Coadiutor,
1831 1665 1973 1705 >tandem
1991 1664 2099 1703 inim-

1211 1712 1339 1756 pietatis
1361 1714 1525 1757 praemium
1547 1714 1672 1758 accepit
1694 1714 1946 1751 Antiochenam
1959 1715 2100 1752 Patriar-

1209 1761 1343 1797 chatum
1357 1788 1364 1796 .
1391 1762 1549 1799 Paulinus
1567 1765 1613 1799 est
1639 1765 2098 1802 verus&orthodoxusistius

1209 1813 1359 1848 Ecclefiae
1382 1813 1587 1857 Episcopus,
1611 1825 1708 1856 quem
1718 1816 1754 1850 in
1765 1817 1874 1851 Saneti
1888 1816 2029 1851 Eustatii
2041 1827 2097 1857 per

1208 1863 1353 1898 Arianos
1365 1863 1562 1907 iniquissime
1572 1863 1684 1906 dejeeii
1697 1865 1807 1899 locum
1818 1866 2020 1900 consecravit
2032 1865 2098 1898 Lu·

1207 1914 1287 1948 cifer
1300 1913 1509 1948 calaritanus
1523 1913 1701 1957 Episcopus
1712 1939 1723 1956 ,
1749 1915 1856 1949 Sansti
1866 1913 1993 1951 Liberii
2007 1915 2096 1948 Pon-

1208 1964 1303 1998 tificis
1315 1963 1476 2008 Legatus.
1502 1963 1557 1997 De
1568 1962 1711 1998 Paulino
1728 1964 1838 1999 scribit
1849 1964 2021 2000 Marianus
2033 1964 2096 1999 Vi»-

1207 2015 1324 2048 &orius
1336 2027 1346 2046 :
1374 2014 1522 2046 Paulinus
1543 2014 1594 2046 diu
1614 2013 1702 2046 latuit
1715 2039 1722 2046 .
1749 2018 1787 2046 In
1806 2020 1987 2058 contentione
1999 2015 2069 2048 vero
2082 2037 2094 2054 ,

1206 2076 1294 2108 quam
1307 2065 1344 2096 de
1353 2063 1514 2097 retinenda
1517 2061 1606 2105 fimul
1607 2061 1678 2107 sede
1688 2063 1795 2097 babuit
1804 2075 1871 2098 cum
1883 2064 2000 2099 Meletio
2016 2088 2028 2105 ,
2042 2064 2094 2096 de-

1205 2115 1301 2148 tec‘lus
1323 2112 1360 2154 est
1381 2118 1527 2146 arianus.
1555 2113 1694 2149 Peffime
1716 2139 1723 2146 .
1752 2115 1887 2149 Etenim
1908 2124 2034 2150 certum
2045 2112 2094 2148 est

1205 2164 1384 2199 Paulinum
1410 2163 1503 2197 fiiiffe
1530 2163 1635 2198 virum
1660 2164 1816 2208 germane
1841 2162 2094 2204 orthodoxum,

1207 2213 1408 2259 permanfiffe
1429 2212 1614 2248 constanter
1633 2213 1753 2255 talem,
1778 2215 1811 2249 δε
1831 2214 1849 2248 ὲ
1864 2214 2018 2250 Romana
2031 2214 2093 2248 Ec-

1205 2264 1295 2299 clefia
1315 2264 1410 2298 fuisse
1435 2264 1558 2306 semper
1583 2263 1768 2298 defensum.
1797 2264 1975 2299 Meletium
2002 2263 2093 2300 idem

1205 2315 1374 2349 Marianus
1395 2313 1547 2348 adfirmat
1569 2313 1673 2356 primo
1695 2313 1917 2352 Sebastensetn
1934 2316 1969 2349 in
1982 2314 2092 2349 Prima

1206 2364 1364 2399 Armenia
1379 2367 1487 2403 ‚tum
1503 2362 1730 2398 Bettheensem
1753 2365 1789 2398 in
1811 2365 1926 2408 Syria,
1948 2363 2086 2400 tandem

1204 2415 1297 2449 fuisse
1320 2414 1518 2457 Episcopum
1539 2413 1788 2447 Antiochenum
1812 2438 1819 2445 .
1846 2413 1990 2449 Rursum
2013 2413 2092 2447 labi-

1203 2476 1255 2498 tur
1275 2489 1283 2497 .
1311 2463 1446 2498 Etenim
1469 2463 1571 2505 prima
1586 2462 1717 2496 Meletii
1741 2461 1827 2497 sedes
1846 2464 1910 2497 fuit
1933 2460 2088 2497 Bet-rhea.

1204 2514 1298 2548 Hinc
1332 2513 1438 2556 ipsum
1460 2512 1671 2547 Seleucienfis
1702 2511 1855 2546 Sebasten
1894 2512 1928 2546 in
1950 2511 2090 2547 Eustatii

1203 2561 1368 2608 degradati
1389 2561 1522 2602 locum,
1550 2560 1761 2596 Antiochena
1780 2560 1934 2606 Synodus
1952 2561 2090 2598 transtu-

1205 2614 1242 2648 lit
1255 2611 1473 2647 Antiochiam
1486 2612 1519 2646 in
1533 2611 1643 2646 locum
1653 2611 1744 2655 ejecti
1759 2612 1906 2651 Eudoxii
1917 2638 1924 2646 .
1953 2612 1997 2647 Et
2009 2621 2090 2647 tune

1202 2676 1242 2698 ex
1267 2661 1396 2697 Ariano
1419 2662 1505 2704 quafi
1529 2673 1585 2706 per
1606 2662 1800 2696 miraculum
1811 2663 1919 2697 subito
1932 2663 2033 2696 faetus
2042 2661 2090 2696 est

1202 2712 1412 2748 orthodoxus
1438 2737 1446 2745 .
1483 2712 1576 2746 Hinc
1600 2712 1635 2746 &
1661 2712 1764 2756 ipsum
1791 2712 1885 2755 ejecit
1912 2712 2090 2756 Imperator

1204 2763 1420 2801 Constantius
1431 2787 1442 2802 ‚
1468 2763 1503 2797 &
1516 2763 1582 2805 ejus
1593 2762 1627 2796 in
1640 2761 1750 2797 locum
1764 2762 1892 2797 intrufit
1905 2762 2065 2806 Euzojum
2079 2787 2087 2794 .

1202 2814 1269 2848 Sub
1290 2814 1466 2857 Joviniano
1489 2812 1643 2857 Augusto
1664 2811 1760 2847 rediit
1786 2811 2024 2852 Antiochiam,
2049 2823 2088 2846 ac

1202 2865 1314 2898 denuo
1333 2864 1462 2898 eiicitut
1483 2864 1503 2897 a
1523 2861 1666 2896 Valente
1686 2888 1694 2897 .
1723 2860 1848 2896 Vitalis
1867 2863 1931 2898 fuit
1956 2861 2088 2897 Meletii

1203 2913 1376 2958 Presbyter
1385 2912 1472 2958 apud
1486 2911 1702 2947 Antiochiam
1715 2937 1726 2953 ,
1750 2913 1924 2956 postmodo
1934 2913 1975 2947 ab
1987 2912 2090 2956 Apor-

1204 2964 1313 2999 linarii
1339 2965 1482 2999 factione
1507 2965 1628 2997 erestus
1659 2962 1784 2997 ibidem
1809 2963 1844 2996 in
1871 2963 2088 3007 Episcopum.

1203 3014 1350 3049 Proinde
1373 3017 1407 3049 in
1431 3023 1570 3057 quatuor
1588 3013 1787 3056 Episcopos,
1813 3013 2090 3058 &quatuor-ipso·

1203 3076 1275 3098 rum
1288 3065 1548 3099 Communiones
1560 3063 1696 3098 lacerata
1710 3074 1790 3098 tunc
1799 3074 1865 3098 erat
1877 3061 2088 3097 Antiochena

1205 3115 1346 3148 Ecclefia
1370 3139 1378 3146 .
1405 3115 1444 3147 In
1470 3113 1554 3147 duos
1578 3112 1786 3148 orthodoxos
1806 3138 1818 3154 ,
1843 3113 2028 3152 Asianum,
2052 3111 2088 3145 δε

1205 3164 1476 3207 Apol-linaristam
1490 3188 1498 3195 .
1525 3161 1651 3198 Verum
1674 3163 1763 3208 quod
1783 3165 1870 3198 fuere
1879 3161 2087 3207 campenses?

1203 3215 1374 3250 Marianus
1398 3213 1564 3248 Victorius
1588 3213 1778 3257 respondet:
1803 3218 1881 3247 Cum
1901 3218 2086 3249 Hieronymus

1204 3271 1237 3298 in
1256 3264 1316 3307 fine
1339 3264 1478 3307 Epistolae
1489 3262 1660 3307 campenses
1672 3275 1737 3297 cum
1748 3262 1952 3308 Tbarfimfibus
1962 3265 2087 3294 Haereti-

1204 3320 1244 3348 cis
1266 3316 1411 3357 copulatos
1423 3315 1475 3358 esse
1478 3312 1610 3357 scribat,
1634 3314 1794 3355 constetque
1804 3315 1919 3347 Ciliclae
1947 3307 2085 3352 infignem

1205 3365 1310 3398 Urbem
1327 3364 1414 3408 fuisse
1426 3362 1572 3407 Tharsum
1590 3389 1600 3405 ,
1626 3375 1684 3398 non
1694 3364 1748 3396 abs
1760 3375 1792 3397 re
1795 3363 1892 3405 suerit
1903 3357 2084 3401 Campenses

1205 3417 1224 3447 a
1246 3420 1371 3460 Campis
1395 3415 1638 3455 ibidemciliaae,
1663 3425 1784 3457 quorum
1807 3411 1983 3445 Ptolomaeus
2005 3420 2085 3442 men-

1925 3466 2034 3494 tionem
