2340 3736
659 133 1742 191 RERUM,'erVn1rno12uM.‘
1913 158 2006 207 375

252 224 489 263 S-Flavianusa
501 221 667 258 Dioscoro
689 220 863 255 damnatur
883 240 891 252 .
918 219 1076 264 Episcopi
1096 220 1137 255 ad
1197 219 1378 254 Haereticus
1386 218 1555 257 defunstus
1563 234 1604 258 ex
1613 223 1737 269 scriptis
1757 224 1799 259 ab
1811 225 1953 264 Ecclesia
1965 230 2069 274 potest

272 313 276 315 ¹
303 273 568 311 subscribendum
593 272 714 305 coacti.
744 281 823 317 239.
848 282 881 308 2·
904 270 1059 304 Dioscori
1071 271 1137 305 vio·
1165 274 1167 278 “
1245 270 1382 314 judicari
1403 282 1440 306 ac
1462 270 1624 326 damnari.
1652 275 1725 310 Nec
1749 274 2071 316 Patrescontrarium

256 338 259 340 “
302 327 404 361 lentia
428 322 601 367 Synodum
626 320 718 357 illam
746 319 971 355 latrocinalem
995 319 1135 364 probat.
1163 345 1165 347 -
1248 318 1441 356 asseverant.
1962 329 2071 378 163.1.

303 385 383 419 24⁰·
397 383 425 407 1.
1197 370 1378 405 Haereticus
1397 382 1457 404 nec
1478 370 1698 408 patriarcham
1730 373 1850 421 eligere
1874 378 1976 421 potest
2009 380 2074 414 nee

252 429 287 463 S.
307 423 480 458 Flavianus
508 421 706 457 aDioscoro
728 420 924 459 damnatus,
949 418 1057 455 sedem
1068 419 1136 454 Ro-
1246 422 1448 455 consecrare.
1957 428 2023 475 255
2046 431 2075 465 2¹

302 483 434 507 manam
445 472 621 516 appellavit
635 497 643 504 .
1041 481 1096 518 59.
1115 481 1131 506 1
1197 471 1228 506 S.
1240 471 1441 513 Hieronymi
1456 494 1469 512 ,
1495 471 1628 506 Paulini
1642 495 1654 512 ‚
1679 472 1741 508 &c-
1753 475 1920 511 ordinatio
1931 476 1949 511 a
1960 479 2073 523 regula

247 522 465 561 SFlavianus
487 521 631 557 Eusebio
656 519 853 563 Eutychetis
874 519 1074 555 citationem>
1087 532 1136 554 ur·
1247 520 1405 555 deviavit.
1978 537 2032 574 74⁴
2049 539 2066 564 1

248 586 250 588 ¹
300 573 550 619 genti‚morem
566 571 658 616 geffit
673 571 843 615 ,misitque
853 568 1023 611 Clericos,
1044 571 1134 614 juxta
1194 570 1226 604 S.
1237 571 1466 613 Hieronymus
1489 582 1550 606 nec
1560 570 1744 606 Cardinalis
1764 585 1825 609 nec
1848 575 1995 611 Ecclefiae
2005 577 2075 611 Ro-

245 626 247 628 '
302 623 520 666 praescriptum
534 623 717 657 Canonum
732 632 757 652 .·
1009 628 1094 657 212>
1111 629 1135 654 2
1244 631 1349 655 manae
1359 620 1422 655 fuit
1433 620 1621 665 Presbyter.
1710 632 1713 634 ·
1986 637 2040 674 74.
2054 638 2071 663 1

1195 670 1225 704 S.
1237 671 1465 714 Hieronymus
1475 670 1494 705 e
1504 672 1604 713 Syriae
1626 671 1803 706 solitudine
1823 674 1934 710 scribit
1952 676 1993 710 ad
2006 677 2075 710 Da-

1243 722 1371 755 masum
1394 719 1593 755 Pontificem
1616 746 1623 753 .
1663 732 1739 770 334.
1767 731 1795 756 1.
1816 732 1895 756 tunc
1921 726 2075 769 temporis

1245 769 1395 805 nondum
1404 781 1472 804 erat
1487 770 1581 815 plene
1599 771 1718 814 peritus
1728 772 1886 807 sermonis
1896 774 1971 817 Syri
1983 799 1994 815 ,
2019 786 2077 810 aut

1243 820 1346 854 Graeci
1357 844 1364 851 .
1400 830 1418 867 3
1424 829 1477 868 34.
1490 830 1522 854 2.
1534 821 1647 864 scripta
1659 821 1702 854 est
1714 822 1851 865 epistola
1863 847 1875 863 ,
1900 834 2076 866 antequam

1242 869 1390 905 sacerdos
1408 869 1486 905 esset
1509 870 1658 905 initiatus
1668 872 1914 917 lseptuagesimo
1933 872 2077 909 secundo

1242 920 1348 964 quarti
1377 920 1478 954 saeculi
1501 931 1607 956 anno.
1991 922 2076 958 lbid.

1195 970 1427 1015 Hierosolyma
1438 969 1537 1005 tertiae
1544 969 1718 1006 Palaestinae
1726 973 1917 1017 metropolis
1926 998 1934 1006 .
1959 984 2038 1021 279.
2049 978 2077 1011 2'

1194 1020 1462 1065 Hierosolymam
1473 1021 1491 1055 a
1503 1032 1533 1056 v.
1545 1021 1683 1064 Synodo
1696 1022 1731 1055 in
1743 1021 2001 1058 Patriarchatum
2011 1035 2080 1058 ere-

1244 1072 1329 1105 stam
1341 1071 1474 1115 quidam
1495 1079 1688 1113 autumant,
1712 1081 1747 1107 at
1757 1083 1827 1107 non
1849 1072 1967 1108 desunt
1985 1073 2079 1108 dubi-

244 673 281 708 S.
293 672 453 706 Flaviano
466 672 588 715 primus
598 668 728 704 lethalis
742 670 819 703 istus
830 669 1001 715 infligitur.
1013 679 1092 717 240.
1109 677 1134 703 2

301 721 386 758 Una
397 732 472 755 cum
485 720 626 755 Eusebio
637 720 838 763 Dorylaeenfi
849 718 1046 765 degradatur
1057 744 1066 751 .
1092 719 1131 752 In

263 772 266 775 ’
299 772 439 806 exilium
450 771 560 814 pulsus
570 769 707 804 moritur
717 794 725 802 .
1020 779 1099 815 ²4¹·
1114 778 1128 802 1

246 822 278 856 S.
287 821 465 855 Flavianus
488 820 521 853 in
536 818 588 853 via
598 819 639 853 ad
664 819 801 853 exilium
811 819 1009 864 exspiravit.
1036 829 1090 865 59.
1108 824 1133 851 2

266 912 268 914 v
302 869 335 903 A
347 870 485 913 Synodo
509 868 767 904 Chalcedonensi
789 869 1002 904 canonizatus
1012 893 1020 901 .
1035 868 1128 903 ibid.

250 920 454 956 Francorum
463 919 598 964 quidam
611 916 766 963 Episcopi
778 919 950 962 Synodum
962 929 1003 954 VI
1013 930 1038 954 1.
1051 917 1133 962 inju-

300 969 348 1004 ste
356 980 495 1014 arguunt
505 993 518 1014 ,
543 969 634 1016 quod
643 980 721 1007 cum
731 968 956 1007 Constantino
967 969 1062 1004 irene
1081 969 1135 1004 ad-

295 1019 396 1060 suerit
408 1043 418 1055 .
1019 1016 1099 1074 276.
1115 1028 1130 1054 ι

643 1119 739 1210 G
1243 1119 1337 1155 tandi
1348 1122 1509 1156 rationes.
1969 1134 2038 1170 ¹77·
2055 1135 2074 1161 1

1195 1169 1515 1212 Hierosolymitanus
1525 1171 1702 1215 Episcopus
1711 1171 1729 1206 ὲ
1749 1173 1779 1206 S.
1791 1171 1978 1218 Augustino
1999 1175 2034 1208 ὅ(
2044 1174 2076 1207 S.

1248 1220 1376 1265 Joanne
1402 1221 1643 1265 Chrysostomo
1674 1222 1759 1256 inter
1783 1223 2014 1258 Caesareensem
2041 1225 2077 1259 δεῖ

345 1273 459 1310 Alilaea
473 1298 484 1316 ‚
510 1274 604 1320 regio
615 1272 765 1307 viiiffima
774 1297 783 1305 .
1017 1281 1098 1318 279·
1112 1281 1135 1307 2
1212 1266 1217 1272 ²
1246 1269 1558 1315 Schytopolitanum
1569 1271 1750 1305 collocatus
1762 1296 1773 1312 ,
1799 1275 1878 1307 cur?
1960 1282 2039 1321 ²79·
2052 1285 2078 1314 2

371 1324 525 1358 Gentiles
536 1334 607 1357 non
620 1320 865 1366 distinguebant
876 1319 960 1356 inter
969 1320 1136 1364 Hyposta-
1197 1320 1226 1354 S-
1239 1319 1388 1356 Hilarius
1401 1320 1607 1355 pictaviensis
1621 1321 1801 1365 Episcopus
1822 1322 1927 1356 adfuit
1941 1322 2077 1367 synodo

296 1376 342 1408 fin
367 1374 401 1409 δὲ
416 1373 535 1409 Uliam
547 1397 554 1405 .
1021 1366 1098 1417 338.
1110 1381 1135 1406 2

244 1425 353 1465 Graeci
372 1423 527 1467 Episcopi
546 1422 583 1455 iu
610 1419 748 1464 Synodo
767 1416 1029 1454 chalcedonensi
1041 1419 1135 1453 Pseu-

294 1472 490 1509 do-Canoni
523 1471 682 1516 vigesimo
705 1471 822 1504 ostavo
845 1493 856 1511 ,
883 1467 1145 1503 reclamantibus.

293 1523 431 1569 Legatis
443 1521 627 1561 Romanis,
653 1519 928 1563 subscripserunt.
954 1516 1079 1567 298·2-
1096 1519 1130 1553 ὅ(

294 1575 329 1608 se
378 1598 386 1605 .

244 1625 285 1659 ’8.
296 1584 476 1667 (ἰὲεὲςοτίυς
487 1620 646 1655 Pontifex
657 1619 843 1665 pacificator
856 1618 1080 1656 controverfiae
1093 1617 1135 1653 de

297 1673 381 1710 Usia
395 1697 405 1711 ,
432 1672 466 1705 ὅ(
481 1671 656 1715 Hypostasi
668 1695 676 1703 .
1019 1679 1096 1717 337.
1115 1680 1130 1705 1

243 1725 278 1763 S.
290 1721 470 1767 Gregorius
482 1721 752 1764 Thaumaturgus
776 1720 887 1754 auaor
899 1717 997 1762 hujus
1018 1729 1134 1762 propo-

293 1773 444 1807 sitionis:
474 1773 569 1804 Pater
582 1795 593 1810 ,
618 1771 652 1804 (5
667 1770 765 1802 Filius
776 1795 786 1810 ,
804 1770 839 1803 θ
858 1770 996 1811 Spiritus
1006 1768 1133 1802 sandius

286 1821 365 1866 sunt
388 1832 448 1853 una
461 1820 526 1861 Ufia
538 1845 549 1860 ,
574 1831 637 1853 una
648 1818 814 1861 hypqaafis.
843 1828 920 1866 337.
935 1829 968 1854 2.
982 1817 1135 1853 acerrime

294 1869 454 1905 defensus
477 1867 518 1902 ab
530 1868 672 1902 Ecclesia
696 1867 972 1902 Neocaesareenfi.
998 1867 1082 1902 lbid.
1101 1868 1135 1902 ἀ

295 1917 378 1968 338.
397 1930 424 1954 1.
442 1917 507 1951 fuit
520 1928 606 1951 unus
617 1929 658 1951 ex
670 1917 845 1955 Patribus,
869 1917 928 1960 qui
945 1916 1037 1951 fimul
1059 1927 1134 1951 cum

297 1966 535 2003 Alexandrino
557 1967 724 2009 Dionysio
747 1967 983 2010 impugnarunt
1007 1965 1133 2001 haeresm

292 2017 528 2054 Sabellianam.
560 2015 637 2064 338.
649 2027 678 2053 1.
687 2026 783 2050 more·
792 2015 990 2058 vetustorum
999 2015 1134 2050 Parrum

1246 1369 1439 1404 seleuciensi
1453 1396 1461 1404 .
1491 1378 1569 1418 341.
1594 1380 1623 1407 1.
1643 1381 1758 1406 vocem
1773 1370 1938 1415 substantia
1957 1373 2077 1415 accipit

1246 1429 1304 1463 pro
1316 1416 1448 1462 Perfhnn
1458 1443 1466 1451 .
1965 1432 2041 1469 333.
2058 1431 2076 1458 1

1197 1469 1401 1504 Hincmarus
1423 1466 1618 1503 Rhemensis
1636 1466 1911 1514 Archiepiscopus
1929 1471 2081 1515 reprobat

1247 1516 1307 1551 has
1327 1528 1424 1552 voces
1438 1542 1450 1558 ‚
1476 1521 1571 1551 Trina
1594 1519 1720 1552 Deitas.
1751 1518 1832 1568 308.
1856 1531 1886 1556 1.
1908 1521 2083 1565 proscribit

1247 1567 1426 1611 Hymnum
1445 1589 1457 1607 ‚
1481 1568 1572 1610 cujus
1593 1568 1628 1602 in
1653 1568 1719 1603 fine
1739 1568 1805 1604 haec
1829 1568 2013 1606 habentur:
2040 1574 2082 1606 Te

1247 1621 1343 1651 Trina
1354 1621 1462 1653 Deitas
1485 1641 1496 1658 ,
1519 1629 1636 1661 unaque
1648 1617 1809 1661 poscimus.
1837 1619 1919 1654 lbid.
1942 1620 2082 1656 Librum

1246 1667 1288 1702 de
1297 1666 1587 1702 Praedestinatione
1599 1668 1729 1702 videtur
1739 1668 1888 1712 scripsisse
1899 1681 1987 1704 anno
1996 1672 2084 1707 sexa-

1245 1718 1368 1763 gesimo
1388 1717 1487 1751 tertio
1505 1727 1560 1750 aut
1580 1727 1697 1760 quarto
1716 1718 1821 1753 saeculi
1835 1718 1933 1753 noni.
1964 1730 2040 1768 309.
2063 1732 2079 1758 1

1247 1768 1355 1802 censet
1364 1766 1509 1812 regulam
1531 1767 1561 1801 S.
1574 1767 1744 1803 Benedicti
1765 1767 1917 1804 distatatn
1929 1769 1947 1804 a
1959 1771 2083 1814 Spiritu

1246 1819 1365 1852 Sansto
1381 1841 1391 1850 .
1967 1829 2045 1868 310-
2062 1831 2079 1857 1

1197 1867 1320 1901 Hosius
1350 1866 1569 1901 Cordubensis
1601 1866 1781 1911 Episcopus
1809 1867 1851 1902 ab
1884 1869 2082 1912 Imperatore

1246 1917 1467 1950 Constantino
1484 1916 1524 1950 ad
1537 1916 1716 1950 tumultum
1728 1916 1769 1951 ab
1783 1915 1866 1951 Ario
1877 1919 2083 1954 concitatum

1246 1963 1424 2001 sedandum
1435 1963 1671 1999 Alexandriam
1681 1965 1792 2000 missus
1804 1992 1811 1999 .
1841 1976 1919 2014 303.
1934 1978 1961 2004 1.
1974 1981 2006 2005 2.
2021 1971 2087 2014 pri-¹

1247 2026 1319 2051 mus
1344 2027 1413 2050 non
1437 2015 1616 2059 disputavit
1626 2015 1669 2050 de
1687 2015 1820 2051 vocibus
1831 2016 1914 2059 Ufia,
1939 2018 1974 2052 δε
1987 2025 2086 2061 Hypo-

290 2066 430 2105 liberius
442 2065 488 2102 est
498 2066 696 2114 quandoque
707 2065 837 2102 locutus
846 2082 857 2099 ⁴.
1008 2065 1099 2100 ·lbid.
1112 2074 1136 2102 2
1242 2063 1361 2108 pefiafi.
1955 2067 2038 2103 lbid.
2048 2080 2083 2106 2.

591 2148 598 2155 ,
1203 2114 1424 2162 Hospitalitas
1447 2112 1698 2153 commendatur
1715 2138 1728 2157 ,
1752 2116 1927 2163 praesertirn
1946 2116 2084 2162 Episco-

1246 2178 1291 2212 po
1302 2192 1313 2202 .
1985 2165 2038 2206 82.
2054 2178 2080 2207 2

630 2162 739 2256 H
1200 2214 1417 2261 Hospitalitas
1439 2217 1474 2251 in
1485 2216 1629 2252 Ecclesia
1641 2216 1795 2253 Romana
1813 2218 1897 2254 acIn
1920 2219 2082 2253 monaste-

1246 2266 1302 2301 riis
1313 2265 1454 2312 Belgicis
1466 2278 1564 2312 quam
1579 2267 1720 2302 maxime
1731 2268 1836 2313 viguit
1846 2293 1854 2300 .
1989 2266 2036 2307 82
2055 2279 2080 2305 2

357 2320 477 2359 AErelis
488 2318 636 2367 procedit
648 2319 691 2356 de
701 2317 850 2355 errorein
865 2327 1011 2354 errorem
1030 2325 1136 2366 3¹5³·
1196 2317 1234 2351 In
1259 2316 1494 2361 Hospitalitate
1525 2316 1757 2354 Cluniacenses
1788 2328 1827 2352 ac
1848 2316 2082 2353 cistercienses

379 2373 535 2408 Haeretici
546 2382 690 2415 errorum
710 2370 849 2404 fundum
873 2381 942 2404 non
955 2369 1131 2411 detegunt.
1245 2367 1473 2401 eminuerunt.
1985 2365 2040 2406 82·
2055 2379 2081 2405 2

1194 2416 1354 2461 Hymnus
1376 2416 1549 2450 saneim-um
1575 2420 1714 2458 Meritis,
1741 2416 1798 2460 qui
1823 2415 1921 2452 habet
1941 2417 1977 2452 in
1991 2418 2081 2459 fine,

1242 2468 1283 2500 Te
1292 2469 1388 2499 Trina
1400 2466 1508 2499 Deitas
1522 2489 1534 2506 ,
1559 2477 1675 2508 unaque
1691 2464 1839 2509 poſsimus
1852 2491 1864 2507 ‚
1890 2467 2081 2511 reprobatus

1242 2515 1286 2551 ab
1313 2515 1526 2550 Hincmaro.
1556 2515 1632 2562 308·
1664 2527 1692 2551 1·
1717 2515 1736 2548 ὲ
1758 2526 1828 2558 quo
1853 2517 2077 2559 compositus?

1244 2562 1321 2614 308.
1336 2576 1366 2602 2.
1378 2563 1479 2599 hodie
1490 2564 1524 2597 in
1533 2562 1595 2599 hoc
1610 2563 1738 2607 hymno
1763 2574 1823 2607 pro
1836 2564 1971 2600 vocibus
1982 2569 2079 2600 Trina

239 2469 242 2471 Α
295 2433 375 2470 234.
405 2434 433 2459 1.
469 2422 527 2457 Ab
564 2421 708 2456 Ecclesia
753 2419 897 2465 benigne
936 2417 1095 2453 tractandi
1119 2440 1130 2447 -.

244 2471 514 2563 Ηὲἒὲεῗὴυᾷυς
525 2517 682 2562 temporis
693 2516 870 2553 Ecclesiam
881 2518 1069 2555 Romanam
1080 2529 1131 2553 ca-

241 2570 244 2572 ’
289 2569 515 2615 putomnium
528 2568 741 2603 Ecclefiarum
766 2566 865 2602 tacite
888 2568 1130 2614 fatentur,sspa-

241 2627 243 2629 ’
290 2613 360 2654 lam
367 2618 532 2664 denegant
546 2643 553 2650 .
1015 2616 1095 2665 24'3.
1107 2626 1132 2654 2
1242 2620 1349 2650 Deitas
1362 2639 1374 2659 ,
1399 2613 1539 2650 dicimus
1549 2639 1560 2656 ,
1578 2612 1696 2659 summa
1709 2617 1817 2649 Deitas
1824 2631 1836 2662 '·.
1960 2625 2037 2665 309.
2053 2627 2080 2656 2

240 2669 396 2704 Haeretici
419 2668 543 2703 occulti
565 2667 714 2702 damnari
727 2666 798 2709 post
822 2675 964 2702 mortem
977 2667 1127 2711 possunt.

290 2718 385 2754 Olim
398 2729 506 2753 tamen
523 2718 557 2752 id
565 2716 652 2751 haud
664 2717 869 2760 prasticatum
878 2741 886 2748 .
1017 2726 1031 2750 x
1040 2713 1092 2764 83.
1102 2725 1126 2751 2
1614 2712 1662 2803 I

239 2768 397 2802 Haeretici
408 2769 584 2811 pertinaces
603 2777 670 2801 non
691 2766 749 2799 nili
768 2778 809 2800 ex
834 2766 1075 2810 dispensatione
1085 2769 1126 2801 ad

291 2818 420 2861 Synodi
430 2819 639 2861 conspestum
652 2815 778 2850 admissi
788 2841 796 2848 .
865 2822 879 2835 ⁴‘
1010 2813 1089 2863 269.
1100 2828 1126 2854 a.

238 2862 394 2902 Haeretici
407 2868 438 2902 se
453 2868 593 2902 veritaris
603 2865 755 2900 authores
766 2865 912 2908 jactitant
921 2890 929 2898 .
1006 2875 1087 2902 201.
1103 2875 1127 2901 a.
1226 2866 1380 2904 Aeobitae
1392 2891 1404 2909 ‚
1428 2875 1607 2911 eorumque
1619 2865 1762 2903 haeresis·
1903 2879 1982 2919 312.
1997 2880 2029 2908 1·
2039 2880 2076 2910 2,

236 2917 479 2953 Haereticorum
492 2917 628 2953 nomina
643 2915 842 2960 poriffimum
855 2915 873 2950 ὲ
885 2913 1051 2960 dyptichis
1060 2920 1126 2950 era·
1247 2919 1323 2954 Ibas
1332 2919 1374 2954 de
1385 2916 1597 2954 cathedratici
1618 2919 1744 2964 accepti
1764 2918 2002 2955 consuetudine
2023 2932 2076 2955 ac-

288 2968 339 3003 sa.
1010 2962 1088 3002 180.
1101 2977 1123 3002 2

236 3017 476 3053 Haereticorum
491 3018 658 3062 proprium
680 3015 726 3050 est
737 3017 858 3050 sacram
869 3015 1066 3059 Scripturam
1084 3027 1121 3050 ac

283 3068 483 3113 Symbolum
512 3068 547 3101 in
578 3077 712 3113 pravum
750 3066 879 3101 sensum
910 3065 1118 3110 detorquere.

284 3129 364 3164 209-
379 3131 410 3156 2-
692 3118 694 3120 ’

232 3169 472 3204 Haereticorum
485 3167 577 3202 verba
601 3164 789 3211 accipienda
801 3175 836 3200 ut
857 3167 996 3201 sonant:
1023 3166 1117 3200 Hinc

282 3218 550 3258 Tertullianum,
578 3217 786 3262 origenem,
811 3217 872 3250 &e
900 3216 985 3251 velle
995 3216 1093 3251 tutari
1107 3240 1119 3257 ,

1235 2970 1366 3004 cusatur
1374 2994 1382 3002 .
1974 2980 2026 3019 39.
2041 2981 2071 3006 1.

1185 3017 1258 3054 lbas
1279 3019 1322 3054 de
1351 3014 1457 3054 haerefi
1481 3017 1677 3054 Nestoriana
1699 3019 1874 3064 suspestus‚
1899 3023 2073 3055 accusatur.

1234 3079 1314 3107 222-
1327 3081 1358 3106 2-
1375 3078 1452 3115 223·
1468 3080 1495 3105 1.
1511 3068 1666 3103 Laudum
1678 3069 1806 3105 suarum
1817 3070 2003 3106 testimonia
2013 3081 2073 3113 po-

1232 3118 1363 3155 stulavit
1375 3140 1384 3149 -
1408 3128 1487 3165 224.
1505 3129 1534 3155 1.
1572 3118 1652 3162 Ejus
1681 3121 1899 3155 accusatores.
1930 3118 2013 3153 lbid.
2037 3130 2070 3156 2-

1232 3168 1412 3204 Accusatur
1423 3192 1430 3200 .
1445 3168 1524 3204 226.
1540 3180 1568 3205 1.
1580 3181 1610 3206 2.
1622 3167 1792 3214 respondet
1804 3169 1903 3204 .1bid.
1917 3181 1948 3206 2.
1962 3168 2072 3203 Accu-

1231 3219 1350 3253 satores
1362 3228 1422 3251 nec
1436 3218 1530 3262 plene
1540 3218 1718 3263 probarunt
1726 3245 1737 3261 ,
1765 3230 1824 3254 nec
1835 3229 1968 3263 poenam
1979 3218 2072 3253 talio-

286 3268 437 3302 Ecclcfiae
454 3268 500 3301 est
514 3268 750 3311 perniciosum.
1005 3265 1114 3314 176.1
1231 3269 1502 3302 nismeruerunt:
1530 3269 1624 3304 Hinc
1634 3268 1814 3303 transactio.
1831 3280 1908 3315 227-
1924 3281 1951 3306 1-
1979 3269 2071 3306 Con-

233 3317 417 3356 Haereticus
427 3318 470 3350 est
487 3317 631 3361 quisquis
644 3317 883 3352 Romanaenon
894 3316 1119 3352 communicat
1229 3318 1373 3354 ditiones
1395 3317 1575 3353 servandae.
1606 3318 1683 3352 ibid.
1711 3318 1765 3352 De
1786 3318 1930 3363 Epistola
1952 3317 2015 3352 lbae
2031 3319 2070 3353 in

288 3365 460 3403 Ecclefiae.
990 3375 1068 3415 335.
1087 3377 1116 3402 1·
1231 3367 1371 3413 synodo
1381 3366 1545 3412 Berytensi
1561 3369 1608 3402 nil
1617 3367 1818 3409 judicatum.
1940 3367 2020 3401 lbid.
2034 3379 2067 3405 2.

333 3415 520 3462 Cbrfizaspt
534 3421 616 3462 Oper.
630 3419 748 3450 TomH.
1538 3418 1573 3452 Y
1598 3430 1621 3466 y
1671 3427 1697 3453 2.
1947 3416 2018 3451 lbas
