2340 3736
48 354 79 382 L,
88 359 115 386 4,
135 356 160 378 c.
173 355 197 374 2.

47 393 78 423 L.
89 399 116 424 7.
137 394 198 419 c-7·

46 427 179 469 Epist.16.

45 623 161 656 L-8.c.5·

41 1312 105 1345 Ast.
119 1324 140 1344 t.

44 2104 177 2144 Episs.86.

459 171 567 222 De

218 259 392 294 Domuum
413 257 615 300 Episcopum
634 252 874 297 Apameensern
892 280 899 286 .
927 254 1030 298 quue
1052 265 1095 289 ex

216 309 309 343 causa
331 304 521 341 Theodori.
548 305 628 339 Hoc
637 315 777 347 namque
798 314 943 348 tempore
964 305 1094 348 coepisse

217 357 345 392 videtur
356 367 477 390 nomen
491 380 501 396 ,
526 352 568 389 de
577 355 685 398 quo&
696 353 869 388 Facundus
876 354 1090 387 Hermianen-

215 407 254 441 fis
264 407 406 452 graviter
427 405 593 449 queritur,
619 403 832 437 Theodoriana.
862 402 956 448 Qid
982 413 1092 437 autem

215 467 277 501 pro
288 454 473 491 Theodoro
485 455 589 500 egerit
609 452 843 488 Theodoretus
851 475 862 491 ,
891 453 1014 486 docent
1025 452 1092 495 ejus

215 506 437 541 Ecclefiastica
444 504 577 540 historia
590 528 601 545 ‚
628 502 772 547 Epistola
782 501 823 535 ad
835 501 992 536 Irenaeum
1004 503 1092 545 Tyri

215 555 466 600 Metropolitam
478 580 489 596 ‚
515 556 548 589 δε
570 554 692 598 quintae
713 551 841 594 Synodi
862 548 946 585 Asta
960 576 967 583 .
994 551 1094 585 Recte*

215 605 308 640 addit
329 606 504 640 Facundus
517 619 527 638 .-
552 605 659 642 odium
671 609 773 634 contra
796 599 976 634 Theodorum
1002 605 1094 641 Euty-

214 655 315 689 chiam·
324 656 363 689 ab
372 654 434 698 ipso
444 652 571 693 Eutyche
585 658 675 693 patre
679 648 734 693 suo
755 659 966 685 contraxerunt
978 676 986 684 .
1012 654 1093 687 Orn-

216 705 309 740 nium
322 730 332 746 ‚
357 707 489 749 inquam
502 726 514 742 ,
539 700 653 735 harum
664 700 888 745 tragaediarum
900 700 1092 737 architectus

216 756 281 791 fuit
300 755 431 790 dolosus
452 750 621 795 Eutyches
640 775 651 792 ,
676 762 817 785 errorem
843 753 936 785 suum
958 751 1091 786 stabiliri

216 817 287 839 non
308 805 393 849 poste
414 801 551 841 videns,
576 800 633 834 nisi
644 799 829 835 doeioribus
853 802 1000 835 Ecclesiae
1017 802 1091 848 Epi-

217 854 322 899 scopis
331 854 364 887 in
377 849 626 887 Nestorianismi
637 851 970 886 infamiamtraduuis
982 876 989 883 .

267 902 438 939 Suboritur
447 901 510 936 alia
524 900 653 946 quaestio
665 925 676 941 ,
703 913 746 935 an
758 901 929 935 Liberatus
957 899 1093 935 Cartha-

215 953 356 999 ginenfis
367 951 440 986 vere
458 951 545 986 dicat
558 950 721 986 Rabulam
742 950 833 986 fuisse
843 950 908 985 Ibae
918 951 953 984 in
972 949 1091 985 Cathe-

215 1003 272 1037 dra
283 1002 442 1037 Edessena
455 1001 723 1036 Antecefforem?
749 1000 852 1048 Qod
861 1000 885 1033 fi
898 1011 1008 1034 verum
1021 1000 1067 1034 est
1079 1025 1090 1040 ‚

215 1051 384 1095 Ephefinae
393 1053 519 1096 Synodi
530 1063 676 1095 tempore
686 1063 754 1085 non
767 1051 842 1084 lbas
851 1074 863 1090 ‚
890 1050 949 1085 sed
959 1050 1090 1085 Rabula

215 1102 280 1137 suit
292 1103 471 1147 Episcopus
484 1102 658 1136 Edessenus
669 1126 677 1133 .
704 1099 808 1135 Aliud
821 1110 931 1134 tamen
955 1100 1091 1135 suadent

214 1151 284 1186 haec
295 1152 390 1187 verba
400 1152 463 1187 lbae
474 1153 508 1186 in
516 1153 638 1187 famosa
650 1150 814 1195 Epistola:
840 1155 978 1184 Venimus
990 1150 1090 1193 Ephe-

210 1200 299 1245 sum.
329 1203 372 1237 Et
395 1201 484 1237 haecs
511 1199 749 1246 cognoscentibus
769 1201 870 1235 nobIs.
905 1200 991 1247 Qis
1000 1201 1091 1235 enim

214 1252 335 1286 nesciat
357 1251 546 1294 synodalem
564 1252 794 1296 cognitionem
817 1252 853 1285 ὅτ.
879 1250 1067 1295 suffragium
1080 1275 1091 1290 ‚

214 1301 264 1341 uti
275 1299 447 1336 adversum
455 1302 609 1336 Dioscori
629 1301 779 1336 Clericos
790 1301 826 1335 in
843 1301 981 1345 Synodo
992 1298 1093 1334 Chal-

213 1350 386 1386 cedonensi
396 1352 575 1386 clamarunt
587 1350 739 1394 Episcopi
753 1375 764 1391 ‚
788 1350 852 1386 effe
863 1351 1007 1385 solorum
1016 1351 1091 1393 Epi—

212 1402 386 1444 scoporum
411 1426 422 1443 ‚
448 1412 652 1446 nequaquam
682 1401 887 1435 Clericorum
910 1402 923 1434 ?
959 1400 1091 1434 Deinde

213 1450 360 1494 Epistola
371 1451 412 1486 ab
425 1451 481 1490 iba
491 1462 561 1487 non
572 1450 680 1486 adhuc
702 1451 835 1486 Clerico
844 1475 855 1491 ,
880 1449 933 1485 sed
946 1451 1090 1484 omnino

210 1500 276 1544 jam
299 1501 463 1546 Episcopo
474 1502 519 1536 est
541 1502 680 1546 scripta,
704 1502 857 1536 &tamen
881 1500 987 1535 lucide
999 1500 1092 1535 adfir—

211 1559 283 1585 mat
298 1562 340 1586 eo
361 1552 430 1596 ipso
441 1563 587 1596 tempore
606 1551 772 1586 Rabulam
786 1552 899 1586 vixiffe
911 1577 919 1584 .
946 1551 991 1584 Et
1000 1562 1066 1584 vox
1079 1576 1092 1592 ‚

212 1604 388 1643 Tnannusv.
414 1614 482 1637 non
505 1603 702 1637 canonicum
722 1602 897 1636 introitum
911 1601 1067 1644 importat
1080 1625 1090 1640 ,

213 1651 267 1684 sed
288 1651 505 1686 adulterinam
537 1653 751 1686 intrusionem
772 1676 780 1684 .
806 1650 889 1685 Sane
916 1651 1090 1685 Facundus

212 1700 461 1734 Hermianensis
472 1726 482 1741 ,
504 1700 656 1735 Liberato
665 1712 789 1735 coaevus
801 1724 813 1739 ‚
834 1702 987 1744 supponit
999 1701 1089 1736 ibam

211 1749 352 1791 synodo
362 1749 530 1793 Ephesinae
543 1761 611 1784 non
625 1760 662 1784 ut
684 1750 850 1784 Clericum
860 1774 871 1790 ,
898 1750 951 1784 sed
962 1760 998 1784 ut
1012 1751 1089 1794 Epi-

212 1798 344 1841 scopum
367 1799 520 1832 adfuisse.
547 1800 615 1834 Res
626 1799 759 1833 obscura
771 1799 837 1838 est,
867 1810 965 1842 quam
986 1801 1086 1841 velim

211 1848 231 1881 a
260 1848 465 1892 peritioribus
486 1846 595 1883 doceri
619 1850 666 1892 (a)
681 1873 688 1880 .
714 1848 897 1884 Redeamus
934 1849 974 1883 ad
1002 1850 1085 1884 Dio-

211 1899 340 1932 scorum
352 1924 360 1932 .
677 1896 683 1919 2‘

265 1949 342 1992 Ejus
365 1950 514 1984 animum
533 1950 598 1993 jam
619 1950 746 1994 pridem
760 1949 793 1984 in
819 1949 1004 1984 Orientales
1015 1950 1090 1994 Epi-

211 1998 327 2043 scopos
337 2000 558 2035 exulceratum
568 2001 691 2045 detegit
702 1998 936 2036 Theodoretus
950 2001 985 2034 in
1006 2001 1090 2035 litte-

212 2049 256 2082 ris
268 2048 310 2083 ad
320 2051 475 2084 Saanum
485 2051 680 2085 Flavianum
693 2051 891 2094 Episcopum
902 2050 1089 2085 Constanti-

213 2098 444 2142 nopolitanum
465 2125 471 2131 .
499 2105 537 2133 Ut
558 2100 609 2133 boc
629 2112 738 2143 quoque
757 2101 912 2134 saneiitas
945 2103 1011 2134 Tua
1031 2112 1089 2134 non

311 2146 417 2188 chrisi.
431 2151 512 2191 Lupi
524 2153 610 2192 oper.
623 2152 744 2183 TomJI.

638 172 1230 218 LATROCINIO
1301 168 1783 219 Epnesino.

1908 189 1964 232 33

1133 255 1139 324 1
1151 258 1264 296 ignoret
1275 274 1284 290 ,
1304 248 1378 292 fiito
1391 252 1514 283 Domine
1525 273 1537 289 ‚
1564 251 1640 286 banc
1651 254 1736 287 illum
1753 253 1903 286 adversim
1913 266 1966 288 nos
1974 262 2033 296 pu·

1150 301 1386 343 fillam'mttatem
1401 310 1525 343 gerere,
1552 311 1589 333 ex
1615 314 1671 344 quo
1687 302 1828 346 synodicis
1850 303 1954 343 vestris
1972 302 2031 346 sub

1155 352 1251 384 beatae
1271 356 1419 383 memoria:
1441 350 1539 382 Proclo
1556 349 1656 390 fadis
1678 378 1688 393 ,
1709 351 1881 395 sauciorum
1905 356 2032 386 Patrum

1155 401 1273 444 Regalis
1284 400 1464 433 inbaerentes
1476 425 1487 441 ‚
1513 399 1676 443 assensimus
1690 414 1697 433 ε
1725 407 1764 436 Ac
1774 404 1811 436 de
1822 401 1873 435 hoc
1883 414 1935 435 nos
1941 401 2036 445 semel

1155 461 1243 493 atque
1265 451 1370 484 iteriim
1391 449 1546 493 increpaffii
1566 474 1577 490 ,
1603 449 1686 492 quast
1714 455 1748 484 er
1774 451 2033 489 antiochenorum,

1157 511 1190 534 ut
1200 506 1265 541 ait,
1291 502 1326 534 (5
1339 501 1607 533 Alexandrinorum
1610 502 1687 540 jura
1707 503 1927 541 prodiderimus
1940 527 1947 534 .
1976 506 2032 534 Ha«

1156 562 1222 583 rum
1242 562 1368 588 memor,
1394 549 1586 595 tempusque,
1609 557 1642 581 ut
1662 556 1691 583 ei
1717 548 1816 593 visum
1843 550 1902 593 est,
1928 551 2033 585 nudus

1154 606 1327 636 inimicitias
1344 600 1493 642 patefecit
1510 625 1517 632 .
1545 599 1673 642 Synodi
1698 598 2035 644 Constantinopolita-

1158 662 1205 683 nae
1217 650 1338 684 Canon
1348 652 1462 684 tertius
1474 675 1485 691 ,
1509 649 1623 694 Regia
1631 649 1773 684 civitatis
1780 649 1942 693 Episcopo
1953 651 2036 686 dans

1156 701 1332 734 secundum
1345 701 1379 732 in
1393 701 1536 734 Ecclesia
1549 700 1659 734 locum
1672 724 1683 740 ,
1709 699 1833 743 prodiit
1843 699 2037 734 Alexandri-

1158 762 1203 784 no
1215 751 1248 783 &
1259 749 1476 790 Antiocheno
1487 748 1683 784 patriarchis
1693 748 1886 784 absentibus.
1905 748 1960 782 Ab
1971 749 2034 783 illis

1157 810 1193 833 ut
1225 799 1419 843 reciperetur
1436 824 1448 840 ,
1474 800 1600 838 dudum
1620 800 1655 834 δε
1678 800 1820 834 multum
1848 798 2037 834 laborarunt

1160 849 1312 893 Episcopi
1336 848 1701 893 constantinopolitani
1723 874 1734 890 ‚
1759 850 1792 884 δε
1813 849 1945 883 Domni
1969 848 2037 882 An-

1158 892 1354 934 tiocheniac
1365 899 1570 942 ejusvsynodi
1582 899 1752 934 adsensum
1764 899 1899 934 tandem
1907 899 2039 934 extorsit
2059 894 2067 906 ⁸

1158 949 1295 984 Procius
1305 973 1315 990 ‚
1343 949 1452 984 Sansti
1463 950 1598 993 Ioannis
1612 949 1841 993 chrysostomi
1860 950 1944 984 olim
1958 949 2040 984 Dia·
2059 970 2179 1003 [iiie-rat,

1159 999 1496 1044 conus&discipulus
1510 1026 1518 1033 .
1545 999 1670 1035 Aderat
1689 1000 1871 1034 Dioscorus
1883 1024 1894 1041 ,
1919 1000 2036 1044 utpote
2056 1020 2079 1040 c.
2091 996 2133 1041 μζ,

1160 1050 1267 1083 διηᾶἰ
1289 1049 1640 1092 CyrilliAlexandrini
1665 1049 1820 1094 Episcopi
1841 1049 2041 1085 Archi-Dia-

1159 1099 1305 1133 conus&
1325 1098 1549 1141 Apocrisiirius
1558 1099 1644 1145 apud
1670 1100 1883 1144 Principem,
1907 1100 2041 1136 damna-

1160 1150 1272 1192 vitque
1292 1149 1327 1182 &
1339 1148 1448 1182 Procli
1459 1149 1618 1184 ambitum
1631 1175 1642 1190 ,
1670 1151 1705 1185 δε
1716 1151 1940 1185 Orientalium
1966 1163 2041 1194 prae-

1160 1198 1517 1242 sertimEpiscoporum
1529 1200 1697 1244 ignaviam
1707 1224 1718 1240 ‚
1746 1202 1804 1245 qui
1819 1213 1890 1236 non
1910 1202 2041 1236 tantum

1161 1247 1414 1291 Alexandrinas,
1440 1248 1538 1283 sed&
1560 1248 1696 1294 propriae
1707 1248 1928 1285 Antiochenae
1949 1251 2042 1286 Sedis

1161 1298 1326 1344 privilegia
1347 1298 1383 1332 in
1399 1308 1598 1343 perpetuum
1625 1299 1926 1342 praevaricarentur.
1955 1300 2044 1335 Ran-

1159 1361 1268 1384 cotem
1289 1349 1353 1384 alta
1374 1359 1486 1384 mente
1507 1350 1682 1394 repositum
1704 1349 1893 1385 transtulita
1921 1350 2042 1386 Proclo

1159 1399 1479 1434 etiamin'SanGum
1505 1401 1699 1435 Flavianum
1724 1401 1936 1435 successorem
1951 1425 1960 1441 ,
1987 1412 2041 1434 ex-

1160 1452 1303 1493 spestans
1320 1450 1432 1490 diem,
1457 1451 1495 1484 in
1507 1461 1576 1494 quo
1594 1449 1732 1493 justitias
1754 1450 1911 1494 judicaret
1923 1477 1931 1483 .
1957 1452 2039 1484 Haec

1158 1500 1203 1533 est
1225 1501 1317 1535 causa
1333 1525 1342 1540 ‚
1368 1500 1533 1543 ob-quam
1554 1501 1589 1534 in
1613 1501 1752 1544 Synodo
1774 1500 2036 1536 Chalcedonensi

1158 1550 1244 1584 dixit
1255 1550 1296 1584 dc
1310 1549 1473 1594 Ephefino
1484 1550 1661 1585 latrocinio
1674 1549 1894 1592 paschasinus,
1906 1551 2038 1595 Lilybe-

1158 1602 1183 1634 ti
1199 1601 1377 1644 Episcopus
1395 1600 1428 1634 δε
1443 1599 1533 1634 Sedis
1545 1601 1742 1644 Apostolicae
1767 1601 1911 1646 Legatus
1925 1614 1931 1633 :
1959 1605 2036 1635 Ecce

1158 1662 1209 1683 nos
1221 1674 1231 1690 ‚
1257 1652 1318 1683 Deo
1338 1650 1474 1690 volente,
1502 1654 1662 1684 Dominum
1686 1653 1876 1691 Anatolium,
1905 1652 2038 1695 Episco-

1159 1712 1237 1745 pum
1262 1700 1670 1743 constantinopolitanum
1686 1725 1697 1741 ,
1716 1707 1849 1743 primum
1875 1701 2014 1734 habemus
2028 1726 2038 1740 ‚

1158 1750 1190 1783 ht·
1209 1755 1345 1793 quintum
1373 1749 1530 1792 posuerunt
1549 1750 1617 1793 ejus
1649 1748 1896 1785 Antecefforein
1917 1752 2039 1785 beatum

1158 1802 1362 1834 Flavianum.
1390 1800 1519 1844 Nempe
1539 1800 1606 1843 jam
1630 1800 1711 1834 dista
1722 1800 1830 1834 Procli
1853 1802 1886 1835 ὅς
1908 1801 2039 1835 Domni

1157 1850 1356 1885 concordata
1370 1874 1380 1889 ,
1408 1861 1573 1894 tamquam
1585 1852 1675 1885 sexto
1688 1851 1722 1883 N
1727 1852 1829 1884 icaeno
1841 1851 1975 1885 Canoni
1987 1852 2040 1885 ad-

1157 1901 1262 1939 versa,
1288 1900 1466 1934 Dioscorus
1482 1901 1645 1934 latrocinii
1666 1900 1783 1935 Praeses
1795 1924 1806 1940 ,
1831 1901 2019 1936 exsufflant
2031 1927 2038 1934 .

1157 1950 1199 1983 Et
1209 1949 1309 1984 reste.
1338 1951 1418 1984 Hoc
1432 1951 1521 1984 enim
1530 1952 1649 1984 fastum
1663 1951 1733 1993 ejus
1746 1951 1895 1994 probavit
1907 1953 2040 1985 Sanctus

1155 2002 1226 2035 Leo
1241 1999 1400 2034 Pontifex
1413 2024 1423 2040 ‚
1449 2001 1603 2033 Maximo
1615 2001 1743 2034 Domni
1756 2001 1907 2044 proximo
1920 2003 2041 2036 succes*

1156 2051 1219 2085 sori
1238 2049 1418 2091 mandans,
1445 2060 1481 2083 ut
1494 2050 1576 2084 sedis
1590 2052 1650 2084 suae
1678 2049 1900 2086 Antiochenae
1912 2052 2040 2096 privile-

1154 2102 1207 2147 gia
1219 2110 1333 2136 contra
1348 2099 1498 2141 Anatolii
1512 2100 1673 2136 ambitum
1687 2101 1720 2134 ὅ(
1736 2102 1910 2135 Canonem
1938 2101 2040 2135 Chal-

1712 2151 1742 2183 E
1942 2163 1990 2186 ce-
2035 2180 2038 2184 .

1261 2259 1306 2267 ——p

213 2310 260 2351 (a)
280 2309 352 2352 Ego
371 2310 498 2356 quidem
518 2322 581 2344 rem
602 2312 752 2360 pandam.
772 2312 1004 2354 Rabulas2alii
1029 2316 1205 2355 Rabulum,
1227 2317 1275 2348 vel
1298 2316 1490 2350 Rambulum
1510 2327 1644 2355 vocant,
1664 2318 1785 2359 juvenis
1804 2319 1932 2359 profana
1955 2321 2039 2353 litte-

253 2360 356 2384 ratura
376 2351 516 2399 suffultus
537 2353 718 2387 Christiana
739 2357 883 2396 mysteria
904 2357 1102 2390 abhorrebat.
1135 2358 1183 2391 At
1202 2357 1274 2391 cum
1295 2358 1333 2390 ad
1355 2359 1458 2403 urbem
1478 2381 1487 2396 ,
1508 2359 1593 2399 cujus
1615 2360 1695 2392 idem
1722 2360 1933 2401 praefecturam
1953 2373 2039 2404 gerc-

252 2393 322 2431 bat‚
342 2393 467 2426 venisset
487 2394 612 2427 &ineius
633 2396 805 2430 Alexander
824 2398 1053 2432 Monachorum
1073 2400 1300 2432 Acaemetarum
1309 2399 1417 2438 Pater,
1439 2399 1535 2433 sanffi
1556 2402 1614 2432 viri
1633 2401 1898 2435 adhortationibus
1919 2405 2038 2437 rectum

252 2435 364 2476 dogma
386 2434 503 2467 secutus
522 2436 567 2482 est
584 2459 594 2474 ‚
615 2438 649 2470 δε
669 2436 740 2473 cuin
762 2439 793 2471 in
815 2439 1011 2473 solitudinem
1032 2441 1188 2473 recessisset
1207 2464 1218 2479 ‚
1251 2441 1401 2473 virtutum
1432 2441 1517 2473 illius
1538 2440 1635 2482 paulo
1666 2443 1731 2482 post
1751 2442 1833 2476 sama
1854 2445 1915 2477 latc'·
1935 2445 2038 2486 perso-

251 2485 343 2508 nante
364 2475 480 2523 Edeffae
499 2475 664 2518 Episcopus
684 2479 888 2516 consecratur.
912 2482 1105 2523 Legitimum
1127 2482 1211 2514 illius
1229 2504 1239 2520 ‚
1261 2484 1294 2514 &
1314 2493 1378 2514 non
1399 2483 1609 2515 adulterinum
1630 2484 1668 2516 ad
1690 2485 1778 2516 illam
1799 2485 1965 2519 Ecclesiam
1985 2498 2037 2519 ac,

252 2517 362 2549 cessum
384 2517 470 2549 inisse
491 2519 609 2565 constat
629 2530 666 2551 ex
687 2519 765 2567 Vita
787 2522 889 2556 Sansti
910 2523 1102 2561 Alexandri,
1123 2534 1193 2563 quae
1213 2523 1290 2563 apud
1312 2523 1503 2556 Bollandum
1525 2524 1653 2556 habetur
1672 2526 1721 2558 die
1746 2533 1790 2567 15.
1806 2526 1879 2570 Jan.
1902 2528 1984 2568 Cap.
2010 2538 2035 2566 ³-

251 2558 289 2603 dc
310 2558 442 2591 Rabulae
461 2558 612 2592 electione
633 2561 696 2593 haec
718 2562 900 2597 scribuntur:
922 2567 995 2595 Cum
1014 2565 1163 2605 decefflffkr
1183 2565 1336 2605 Episcopus
1357 2565 1529 2606 Edeffenus‚
1551 2567 1691 2606 universa
1712 2571 1840 2606 civitas,
1861 2580 1894 2600 ac
1913 2565 2037 2600 circuni<

250 2601 326 2639 ‚ecia
346 2604 419 2640 regio
440 2611 525 2649 eunJ,
545 2611 651 2647 nempe
662 2601 837 2649 Rabularn,
857 2605 1007 2645 ‘Pastorem
1013 2615 1163 2646 proponit.
1184 2609 1386 2638 ‘Plurimorum
1406 2610 1496 2647 igitur
1507 2608 1658 2647 suffragiis
1678 2609 1815 2648 deligitur
1830 2614 1930 2649 populi
1940 2614 2035 2643 ‘Prin-

252 2650 331 2679 ceps.
352 2642 410 2673 Ille
430 2652 506 2686 yero
524 2641 629 2688 statim
646 2644 838 2679 Christianus
857 2658 893 2681 ea
915 2657 946 2678 in
966 2647 1038 2679 urbe
1060 2646 1175 2681 scholas
1196 2649 1315 2687 aperuit
1337 2671 1346 2685 ,
1370 2649 1401 2679 in
1422 2647 1530 2689 quibus
1551 2651 1708 2681 variarum
1728 2651 1864 2689 gentium
1895 2653 2035 2683 nationes

252 2680 364 2713 nostrae
383 2682 546 2730 religionis
566 2683 711 2724 dogmata
730 2686 917 2722 docerentur.
949 2687 1037 2721 cum
1057 2687 1131 2721 vero
1153 2688 1342 2722 Nestoriana
1355 2688 1473 2722 haeresis
1495 2690 1524 2720 in
1536 2689 1669 2723 Oriente
1690 2689 1883 2729 invalesceret
1895 2715 1904 2730 ‚
1928 2692 2036 2726 Rabu-

251 2722 296 2768 las
317 2721 529 2769 haereticorum
549 2727 708 2758 conatibus
728 2727 854 2761 obviam
874 2730 953 2767 ivit,
972 2740 1071 2770 neque
1091 2740 1224 2769 unquam
1244 2741 1313 2762 cum
1327 2729 1450 2773 Joanne
1469 2730 1673 2764 Antiocheno
1685 2755 1693 2767 ,
1714 2741 1809 2772 atquc
1828 2734 1899 2765 aliis
1909 2733 2034 2774 Episco-

250 2773 299 2803 pis
321 2764 797 2814 quicquain'favorisqustori'o
819 2771 964 2808 impendit
981 2794 988 2801 .
1020 2770 1107 2803 Cum
1128 2771 1347 2804 Theodoretus
1462 2771 1644 2804 celebratam
1674 2772 1855 2813 Ephesinam
1876 2774 2033 2815 Synodum

251 2802 359 2854 contr}
380 2805 537 2839 duodecim
558 2808 705 2848 Capitula
726 2810 827 2843 Sanffl
850 2812 965 2852 Cyrilli
987 2811 1139 2852 scripsisset
1159 2835 1167 2849 ‚
1201 2812 1339 2845 Rabulas
1359 2823 1416 2853 pro
1437 2813 1565 2855 Cyrillo
1583 2837 1594 2852 ‚
1624 2823 1719 2854 atque
1740 2814 1884 2855 Epliesina
1905 2817 2037 2851 Svnodo

250 2854 364 2893 contra·
378 2847 618 2882 Theodoretum
638 2850 751 2891 stylum
771 2854 871 2884 acuit.
893 2856 978 2885 Totis
997 2862 1099 2885 autern
1119 2857 1244 2893 triginta
1264 2858 1371 2892 annis,
1394 2862 1427 2886 ut
1448 2865 1515 2896 cap.
1536 2864 1563 2897 3.
1584 2855 1621 2887 de
1642 2855 1719 2893 Vita,
1740 2856 1842 2892 Sancti
1863 2852 2033 2890 Alexandri

250 2886 380 2932 Abbatis
400 2886 550 2928 refertur,
569 2890 748 2925 Edessenam
769 2893 937 2927 Ecclesiam
961 2894 1078 2926 summa
1100 2905 1170 2927 cum
1192 2896 1281 2928 laude
1301 2898 1380 2928 rexit
1394 2918 1401 2926 .
1432 2894 1567 2929 Vivebat
1587 2906 1671 2931 anno
1690 2906 1760 2940 435.
1781 2908 1851 2929 nam
1872 2897 2031 2931 occasione

251 2928 424 2975 1¹³0&me
445 2929 594 2976 Rabulae‚
615 2935 648 2965 &
671 2935 781 2967 Aeacii
801 2935 966 2970 Antistites
988 2935 1144 2971 Armenia:
1164 2936 1200 2969 de
1222 2936 1305 2969 libris
1327 2936 1489 2969 Theodori
1511 2937 1656 2970 proclum
1686 2938 1768 2972 C—P.
1790 2938 2006 2973 consuluerunt
2022 2964 2033 2979 ,

251 2981 304 3041 ‹{ui
327 2970 440 3002 eisdem
461 2972 608 3018 respondit
629 2974 810 3009 Theodosio
831 2976 904 3009 XV.
926 2979 959 3008 ἃ·
980 2976 1206 3009 Valentiniano
1216 2978 1273 3011 IV.
1295 2978 1379 3011 Coss.
1401 2989 1481 3011 anno
1499 2988 1569 3021 435.
1591 2978 1702 3012 Ouare
1723 2978 1793 3012 cum
1814 2980 1880 3013 Ibas
1901 2982 1933 3013 in
1954 2981 2032 3022 Epi-

251 3013 261 3042 s
278 3011 330 3042 ola
352 3011 390 3043 ad
411 3011 528 3061 Marini
538 3013 662 3062 Per-sam
683 3016 763 3050 hune
785 3017 882 3057 ipsum
904 3018 989 3050 initae
1008 3019 1086 3050 inter
1108 3019 1288 3060 Cyrillum‚
1310 3020 1530 3052 &orientales
1550 3011 1637 3061 pac}
1651 3023 1813 3053 certiorem
1834 3023 1960 3061 reddat,
1983 3033 2031 3055 at—

251 3062 312 3091 que
335 3051 466 3085 Rabulae
485 3065 618 3088 viventis
637 3056 744 3090 contra
765 3059 973 3091 Theodorum
992 3068 1121 3091 conatus
1142 3063 1334 3093 mentionem
1355 3061 1448 3092 faciat
1467 3084 1477 3100 ,
1507 3062 1643 3094 nondum
1663 3071 1730 3094 crat
1749 3062 1918 3105 Episcopus
1937 3088 1948 3103 ‚
1979 3064 2030 3096 sed

252 3093 413 3139 Presbyter
432 3094 612 3144 Edessenus',
634 3101 667 3130 δε
686 3100 808 3139 quidem
829 3099 883 3132 suo
903 3100 1057 3141 Episcopo
1080 3102 1151 3133 satis
1173 3101 1304 3135 infensus
1315 3125 1324 3140 ‚
1346 3102 1420 3134 dum
1439 3102 1568 3135 eundem
1589 3112 1736 3143 tanquam
1756 3113 1920 3146 tyrannum
1936 3105 2029 3143 falsi„

251 3137 286 3165 ἃ
307 3135 467 3183 insolenter
486 3137 634 3172 traducit.
655 3139 769 3182 Neque
790 3150 825 3174 ut
846 3143 967 3182 putavit
986 3143 1113 3182 Lupus,
1134 3144 1217 3175 venit
1239 3142 1395 3184 Ephesum
1414 3143 1577 3184 Episcopus
1591 3167 1600 3181 ‚
1621 3143 1859 3186 s'uffia0iumque
1880 3146 1939 3179 unzi
1959 3157 2030 3179 cum

244 3174 369 3218 Joanne
389 3176 587 3222 Antiocheno
606 3182 679 3214 tulit
698 3182 805 3218 contrti.
825 3183 1004 3228 Cyrillum,
1025 3195 1097 3215 nam
1118 3192 1195 3216 tom.
1217 3194 1243 3229 3.
1263 3184 1417 3227 gestorum
1437 3186 1513 3231 a'pud
1534 3184 1683 3226 Ephesum
1701 3167 1925 3228 Episcoporum
1943 3210 1953 3224 ,
1974 3188 2030 3228 qui

251 3227 320 3263 cum
340 3218 539 3251 Antiocheno
559 3221 679 3254 stabant
693 3246 703 3261 ,
724 3225 850 3256 nomina
872 3223 960 3257 semel
981 3248 990 3263 ‚
1015 3226 1124 3257 iterum
1145 3248 1154 3262 ,
1176 3237 1210 3257 ac
1230 3224 1325 3257 tertio
1346 3223 1499 3266 sigillatim
1520 3225 1679 3271 subscripta
1701 3229 1842 3261 le⁰untur
1862 3252 1871 3266 ‚
1894 3237 1926 3260 at
1948 3229 2029 3265 inter

251 3258 324 3290 illos
345 3259 412 3292 Ibas
433 3258 596 3310 Edessenus
615 3272 769 3304 nunquam
789 3267 951 3298 recitatur.
1719 3252 1747 3301 si:
1760 3271 1840 3301 Cffl'ffl
1861 3268 2028 3309 Episcopus

251 3300 434 3347 accessisset,
455 3311 514 3333 una
534 3313 604 3334 cum
624 3306 737 3336 caereris
758 3305 975 3339 Orientalibus
995 3310 1063 3340 acta
1085 3306 1303 3348 subscripsisset.
1325 3306 1379 3339 Est
1400 3307 1513 3349 insigne
1534 3309 1743 3342 testimonium
1764 3312 1794 3341 in
1814 3310 1936 3343 laudeni
1958 3311 2028 3344 Ra-

251 3340 330 3376 bulae
349 3352 379 3388 in
401 3342 719 3390 Ephesinassynodo,
732 3346 789 3392 ‘ubi
810 3356 887 3381 tom.
900 3357 926 3390 3.
947 3360 1011 3389 cap.
1034 3357 1079 3390 15.
1109 3350 1221 3390 legitur
1242 3349 1324 3380 sacra
1343 3349 1454 3382 divalis
1476 3351 1652 3383 Theodosii
1675 3353 1871 3390 imperatoris
1891 3352 1929 3384 ad
1950 3351 2024 3385 Me÷

250 3383 416 3430 tropolitas
430 3406 447 3429 .’
478 3394 533 3424 qui
554 3394 647 3417 initio
668 3385 772 3432 statim
790 3387 939 3429 Epistolae
959 3392 1155 3423 nominantur
1176 3391 1235 3423 hoc
1256 3389 1346 3429 ρειᾶο
1367 3403 1375 3423 :
1405 3391 1579 3424 Coelestino
1610 3392 1697 3431 Papae
1727 3391 1874 3429 Romano
1893 3415 1903 3431 ,
1934 3393 2024 3430 Rufo

263 3423 515 3457 rhcffalonicenfi
534 3448 544 3464 ‚
566 3426 740 3467 Augustino
762 3427 952 3470 Hipponensi
972 3454 981 3468 ,
1002 3431 1182 3464 Alexandro
1204 3430 1382 3471 Apameensi
1402 3455 1411 3470 ‚
1442 3432 1571 3473 aliisqiie
1600 3434 1666 3473 post
1686 3432 1866 3473 vigesimum
1887 3433 2025 3473 scribitur

251 3463 405 3499 Rembulo
425 3465 599 3513 Edeffeno,
625 3468 803 3503 Alexandro
823 3471 910 3502 alteri
932 3471 1255 3512 Hierapolitano‚&c.
1278 3471 1373 3505 Datae
1394 3473 1461 3506 sunt
1484 3475 1595 3505 litterae
1615 3484 1698 3505 anno
1741 3483 1786 3516 31.
1809 3475 1878 3516 post
1898 3476 2022 3507 damnaff

253 3512 319 3548 turn
340 3506 537 3554 Nestorium.
560 3508 635 3552 Erat
659 3520 734 3550 ergo
755 3520 820 3542 tum
840 3514 986 3552 temporis
1009 3513 1143 3546 Rabulas
1165 3514 1319 3555 legitimus
1339 3515 1497 3554 Antistes,
1519 3525 1616 3555 neque
1635 3516 1708 3547 ulla'
1737 3518 1780 3549 bae
1800 3515 1906 3557 utpote
1918 3516 2021 3550 Cleri,

252 3554 281 3577 ci
304 3556 416 3579 mentio
439 3548 547 3581 ibidem
569 3550 650 3583 raeti
671 3551 746 3584 fuit,
799 3554 892 3594 Naris
914 3565 945 3584 m
966 3555 1080 3596 Dffl'rt.
1102 3556 1134 3586 de
1156 3559 1185 3588 V.
1206 3555 1310 3598 Syneis.
1331 3558 1352 3587 C
1353 3566 1397 3598 ap.
1409 3560 1453 3590 XI.

1022 3277 1093 3298 nare
1114 3267 1255 3300 Clericus
1275 3262 1393 3297 tantuin
1414 3269 1497 3299 venit
1517 3266 1667 3308 Ephesum
1687 3292 1696 3307 ‚
