2340 3736
335 115 430 167 298

263 192 379 229 AEtius
394 218 405 234 ,
426 197 529 238 &atque
545 194 590 229 ira
611 192 741 238 gloriosi
750 191 873 236 iudices
885 193 1147 229 suntinterlocu·

261 245 286 275 ti
310 256 317 276 :
356 247 488 287 Utraque
495 253 572 286 pars
594 248 731 278 Canones
749 251 897 287 proponat
923 269 930 276 .
967 244 1012 278 Et
1032 243 1141 277 statim

933 115 1394 168 Appennur

1211 204 1263 229 tus
1280 195 1454 252 Pontifex,
1468 198 1664 237 existimavit
1677 202 1835 239 Eusebius
1846 206 1990 252 regulam
1999 209 2042 244 ab
2053 210 2089 244 il-

1211 246 1244 278 10
1266 244 1391 287 probarl
1403 271 1410 278 .
1437 244 1485 281 At
1502 258 1625 285 certum
1636 252 1680 285 est
1692 254 1858 299 insigniter
1867 258 1978 293 errasse
1991 283 1999 291 .
2027 258 2090 294 Ni-

261 294 774 329 SanCtusPaschafinusrecitavit
785 296 959 329 sextumac
971 294 1144 337 septimum
1211 293 1391 329 hilominus
1422 296 1540 340 reliqui
1565 298 1707 342 ejusdem
1731 304 1906 351 dioecese‘os
1933 309 2088 355 Episcopi

263 347 464 387 Nicaenurn;
490 346 617 380 sextum
636 355 711 378 cum
722 343 790 379 >hac
804 342 976 388 epigraphe
989 345 1041 376 seu
1053 355 1147 377 exor-

265 397 343 431 dio:
371 396 463 439 ‚Quod
481 400 621 430 Romana
642 394 769 437 Ecclefia
781 393 899 439 semper
913 392 1016 426 habuit
1030 395 1146 426 Prima·

265 456 348 480 tum.
376 445 539 481 Eumdem
561 471 572 487 ‚
599 456 631 480 at
658 446 725 484 fine
745 445 806 479 isto
828 445 935 488 capite
956 466 966 482 ,
993 443 1149 488 produxit

267 497 382 531 AEtius
402 522 412 538 ‚
439 508 478 530 ac
501 498 631 541 insuper
656 494 787 530 tertium
810 494 1150 537 Constantinopolita-

267 559 371 587 num‚
397 548 454 589 qui
478 547 612 583 Canoni
631 544 701 580 heri
713 546 802 579 edito
817 543 920 588 palam
932 544 1033 578 etiam
1044 544 1150 578 adver-

267 603 350 636 satur
362 624 369 631 .
385 598 532 635 -Etenim
543 596 744 632 Thracicam
755 620 764 635 ,
790 593 965 629 Ponticam
977 619 988 634 ‚
1014 595 1047 628 δε
1063 595 1153 627 Asia-

265 661 344 686 nam
352 648 526 685 dioeceseos
535 648 669 682 mandat
678 642 891 680 administrari
913 646 932 678 ὲ
953 645 1018 678 suis
1028 643 1152 679 Prima-

265 702 354 737 tibus
367 725 378 742 ,
404 710 603 744 omnemque
614 696 812 742 peregrinam
825 696 1018 739 potestatem
1034 695 1076 730 ab
1087 694 1150 729 illis

265 751 429 787 excludit.
458 750 551 783 Hinc
573 748 615 783 de
637 747 708 780 solo
730 746 789 779 illo
801 744 931 791 gloriosi
942 745 1066 789 judices
1076 747 1150 780 sunt

266 801 456 837 interlocuti
472 825 479 832 .
506 805 571 840 Hi,
596 802 650 841 qui
659 794 762 830 relecvo
773 799 952 836 tomo,·seu
976 795 1149 830 heriedito

266 853 423 890 canoni,
443 848 677 895 subscripserunt
698 847 794 890 Afiam'
813 849 846 881 Θ
859 849 974 881 Pontici
979 846 1150 890 sanHr‘ffimi

266 898 406 947 Episcopi
416 904 518 935 dicant
531 924 541 940 ,
559 898 588 942 fi
602 903 727 942 propria
746 899 899 931 voluntate
911 923 921 938 ‚
947 897 999 931 vel
1019 894 1150 938 imposita

265 955 368 997 aliqua
371 953 427 995 fibi
439 953 594 991 neceffltate
603 946 928 991 coadisubscripserunt
940 972 947 980 .
975 945 1147 991 Agebatur

264 1004 306 1038 de
328 1002 502 1048 primatiali
524 1000 655 1034 istarum
673 998 856 1032 dioeceseon
884 997 1048 1042 dignitate
1076 995 1149 1030 infi-

262 1055 374 1097 gniter
395 1050 599 1090 mutilanda,
625 1049 659 1083 δε
680 1048 745 1082 illis
755 1047 905 1082 tollendo
914 1046 1149 1092 autocephaliae

262 1106 377 1148 apice:
403 1101 497 1136 Hinc
521 1101 589 1134 fine
610 1099 821 1143 spectantium
831 1098 871 1133 ad
884 1096 986 1132 dietas
996 1098 1148 1132 dioeceses

262 1154 498 1197 Episcoporum
515 1175 526 1192 ,
552 1147 844 1193 Metropolitarum
866 1148 1037 1192 praesertim
1059 1171 1070 1187 ,
1094 1147 1145 1181 ad·

260 1205 353 1238 sensu
379 1213 429 1238 res
453 1211 544 1237 tanta
570 1210 640 1235 non
668 1209 797 1244 poterat
819 1198 974 1234 definiri.
1000 1197 1147 1245 Qidam

258 1255 490 1289 consenserant
502 1277 513 1295 ‚
539 1250 670 1296 quidam
688 1249 808 1285 merito
821 1258 1039 1295 repugnarant
1050 1273 1062 1290 ‚
1088 1259 1146 1282 no·

260 1306 364 1339 lentes
383 1299 661 1338 Pseudo-Canoni
683 1299 879 1335 subscribere
902 1324 913 1340 ‚
940 1298 1080 1342 ideoque
1099 1298 1146 1332 so-

259 1356 311 1390 los
325 1380 335 1396 ,
361 1356 417 1397 qui
441 1351 710 1396 subscripserant,
735 1351 891 1395 jusserunt
913 1350 1044 1394 gloriosi
1065 1347 1146 1392 judi-

259 1416 312 1439 ces
333 1404 462 1449 prodire
483 1404 515 1437 in
531 1401 678 1437 medium
689 1398 771 1435 &de
783 1400 928 1445 suffragii
941 1401 988 1434 sui
1001 1398 1146 1434 libertate

259 1455 494 1499 pronunciare.
519 1452 623 1501 Qod
646 1463 763 1495 nempe
786 1451 862 1485 illos
883 1451 978 1484 fuisse
989 1448 1070 1484 dolo
1087 1451 1146 1482 cir-

260 1506 453 1540 cumdustos
476 1503 659 1537 Lucentius
677 1503 820 1545 Legatus
831 1500 1043 1535 adfirmasset.
1069 1497 1145 1532 Pro·

260 1555 332 1590 dire
351 1554 504 1596 jubentur
529 1551 591 1587 soli
610 1550 789 1585 Asiatici&
805 1547 960 1589 Pontici,
985 1548 1026 1583 de
1037 1546 1146 1582 Thra-

259 1604 353 1639 cibus
376 1604 467 1638 nulla
486 1602 531 1636 est
543 1601 670 1636 mentio
682 1607 703 1634 τ’
717 1599 822 1649 Qod
834 1598 1144 1642 Constantinopolis

257 1657 334 1690 effer
356 1655 442 1688 intra
463 1651 666 1693 Thraciam,
679 1662 681 1665 ’
694 1651 729 1685 &
748 1661 866 1685 omnes
885 1649 953 1694 ejus
966 1649 1144 1693 Episcopi,

254 1705 356 1739 etiam
375 1702 602 1739 Heracleensis·
624 1700 752 1735 Primas
770 1724 781 1741 ,
805 1700 886 1746 jugo
906 1699 1131 1735 Constantino

253 1755 405 1800 politano
441 1754 508 1797 jam
541 1751 667 1797 pridem
702 1752 872 1796 spontanei
897 1751 963 1785 sese
988 1747 1139 1785 subdidis

253 1807 342 1840 sent.
605 1804 608 1808 “
761 1819 766 1823 -

303 1855 356 1889 Ex
389 1851 532 1890 Asiatica
561 1850 688 1889 diaecesi
712 1853 748 1887 in
775 1847 926 1888 ‘medium
953 1850 1141 1896 prodierunt

251 1903 421 1951 Diogenes
431 1905 618 1948 Cyzicenus
629 1902 838 1947 Hellesponti
850 1927 862 1943 ,
873 1901 1061 1936 Florentius
1072 1900 1140 1934 Sar·

250 1956 358 1990 densis
371 1954 504 1999 Lydiae,
518 1954 690 1988 Romanus
699 1952 860 1996 Myrensis
870 1951 996 1994 Lyciae,
1003 1950 1141 1984 Nunne·

250 2004 345 2041 chius
354 2003 562 2040 Laodicensis
573 2001 728 2048 Phrygiae
736 2001 938 2037 Trimita'riae
947 2023 958 2040 ,
983 1998 1139 2033 Marinia-

251 2066 313 2091 nus
333 2054 551 2099 synnadensis
564 2052 723 2098 'Phrygiae
754 2050 909 2087 Salutaris
927 2074 939 2091 ,
965 2050 1000 2083 δε
1024 2048 1140 2093 Perga-

249 2106 337 2143 mins
360 2103 594 2139 Antiochensis
603 2102 784 2147 Episcopus
795 2123 807 2141 ,
834 2099 960 2133 Pifidiae
973 2098 1139 2141 Metropo-

252 2158 310 2190 lita
330 2181 340 2196 ,
367 2156 474 2188 cuncti
496 2164 551 2198 per
573 2150 812 2187 Nunnechium
832 2146 980 2184 dicentes
1003 2160 1011 2180 z
1039 2148 1140 2180 Gloria

248 2206 330 2251 sedis
351 2204 683 2246 Constantinopolitanae
695 2226 705 2242 ‚
726 2202 826 2246 gloria
847 2197 941 2250 riost-ra
951 2197 1009 2239 effa
1037 2200 1137 2238 Hujus

253 2261 331 2291 enim
354 2254 472 2290 bo'noris
495 2253 659 2297 norfiimus
672 2262 783 2295 quoque
789 2254 974 2293 participes,
999 2252 1138 2291 quoniam

249 2305 461 2351 sollicitudines
482 2300 734 2348 nostras‘sufiepit
754 2325 765 2342 ,
791 2302 827 2335 <9⁶
843 2307 971 2344 gramm
993 2297 1136 2335 habemus

253 2365 287 2390 ut
307 2353 523 2399 uniuscnjusque
535 2348 704 2387 Provincia
724 2347 1132 2393 metropolis-bicordinetur.

252 2401 717 2449 Unde&31'pontesubsc⁵risaefimus
731 2425 738 2433 .
763 2397 934 2434 Dixerunt
959 2398 993 2432 id
1015 2398 1048 2433 δε
1061 2408 1137 2431 con-

250 2453 416 2491 suetudini
429 2452 671 2498 &Curionibus
683 2450 854 2485 conforme
865 2475 873 2481 .
884 2459 885 2463 ¹
896 2447 1051 2496 v(Q-idam
1062 2446 1137 2488 sese,

250 2496 389 2551 quidfm·
404 2505 506 2539 etiam
518 2499 832 2538 suos‘ffi‘ntecessores
842 2497 1040 2532 addiderunt
1051 2497 1108 2531 ord
1114 2497 1137 2530 i-

251 2565 346 2591 natos
369 2551 683 2599 Constantinopolr.·
740 2548 806 2583 uod
827 2548 932 2592 ipsum
956 2547 1136 2591 Calogems

252 2603 564 2649 Claudiopolitanns
580 2597 734 2636 Honor-ia
761 2599 787 2634 is
797 2597 982 2633 Provincias
993 2596 1138 2646 ‚ASeleu-

251 2666 308 2691 cus
331 2653 511 2688 Amasenus
532 2650 785 2695 Helenoponti,
809 2645 1020 2683 Eleutherius
1037 2644 1138 2681 Chalv

253 2705 441 2749 cedonensis
463 2705 497 2739 in
525 2700 719 2746 Bithynia,
744 2700 780 2734 dc
806 2698 919 2733 Petrus
939 2696 1138 2742 Gangrenfis

192 2770 194 2772 ·
255 2752 455 2800 Episcopus,
481 2747 716 2797 Paphlagoniae
737 2745 952 2793 Metropolim
964 2748 1011 2782 'in
1021 2746 1138 2781 Ponti·

255 2818 292 2840 ca
314 2804 438 2840 dioecesi
459 2827 468 2843 ,
494 2804 570 2837 sunt
590 2800 718 2845 profeffi
739 2823 746 2830 .
784 2798 953 2848 Adiunxit
979 2795 1138 2832 Eusebius

258 2856 438 2898 Episcopus
458 2851 695 2896 Dorylaeenfis:
729 2850 845 2892 sponte*
855 2846 1044 2892 subscripst,
1070 2858 1139 2890 quo-

259 2910 341 2939 niam
351 2906 384 2938 ⁴&
398 2904 474 2938 hanc
483 2899 792 2948 regulamsanc‘liffimo
804 2895 904 2940 Papae
916 2898 1032 2932 inorbo
1043 2901 1138 2930 Roma

250 2958 309 2999 ²ego
318 2955 406 2993 relegi
420 2978 429 2994 ,
452 2950 784 2996 praefienubusclericis
795 2947 1139 2990 constantinopolitanis,

260 3015 381 3046 eamque
387 3002 528 3046 suscepit.
555 3001 611 3037 Ab
622 2997 1024 3045 Ephesinolatrocinio&
1033 2993 1140 3039 Chry-

261 3052 365 3098 saphii
386 3051 526 3086 eunuchi
547 3052 706 3087 violentia
718 3049 865 3084 Romam
874 3045 1032 3105 profugus
1044 3047 1140 3081 Euse-
1168 3071 1171 3074 .

262 3105 337 3139 bius
361 3102 469 3137 Leoni
494 3101 586 3145 Papae
610 3101 763 3146 exposuit
784 3099 997 3134 Dioscoriau‘r
1015 3097 1052 3131 'in
1063 3093 1140 3131 San·

262 3157 349 3188 stum
371 3152 564 3197 Flavianum
586 3149 654 3185 odii
681 3152 813 3190 causas,
838 3147 974 3193 quarum
996 3158 1061 3181 una
1072 3156 1141 3182 erat

263 3202 344 3237 inita
366 3204 450 3237 inter
469 3202 644 3235 Domuum
667 3196 855 3234 Antiochiae
875 3196 1140 3234 patriarcham&

265 3253 378 3296 Regiae
389 3251 530 3287 civitatis
540 3249 716 3284 Ecclesiam
726 3248 765 3282 de
777 3248 931 3283 servando
942 3250 1040 3284 tertio
1054 3248 1143 3283 Con·

264 3302 561 3344 ssantinopolitano
578 3300 721 3334 Canone
740 3298 931 3332 transactio}
959 3298 1037 3342 Ejus
1055 3298 1139 3341 justi-

265 3352 347 3386 tiam
370 3351 551 3394 praedicavit
563 3374 575 3391 ‚
599 3348 634 3382 &
646 3348 804 3393 quoniam
820 3347 937 3382 diserte
953 3350 1060 3383 forsan
1073 3343 1140 3383 non

265 3398 466 3442 contradixit
485 3401 523 3435 ad
543 3398 718 3446 grandiora
741 3399 843 3434 causae
860 3403 1028 3434 momenta
1039 3406 1143 3434 atten-

1211 357 1275 378 una
1288 356 1369 378 voce
1380 346 1602 382 adclamarunt
1614 362 1625 381 .·
1651 352 1978 400 Spontesubscripfimus
1992 384 2000 392 ,

1260 395 1372 442 Qare
1391 394 1524 440 gloriosi
1546 396 1671 440 judices
1691 410 1894 442 perrexerunt
1917 422 1928 442 .·
1961 409 2089 446 Relec‘lis

1205 443 1471 488 siebscriptionibus
1504 471 1515 487 ,
1553 450 1588 482 (⁴2⁶
1608 449 1832 494 uniuscujusque
1845 453 2089 497 subscribentium

1211 495 1381 538 depofitione
1401 497 1590 539 manffcstata
1604 523 1615 539 ‚
1641 506 1714 542 quia
1734 502 1818 535 nulla
1836 506 1989 543 neceffimte
2001 533 2011 548 ‚
2030 507 2096 552 sed,

1213 547 1367 580 voluntate
1386 554 1513 589 propria
1534 547 1786 592 subscripserunt,
1813 552 1846 585 hi
1870 560 1921 596 qui
1946 566 2003 589 non
2022 558 2091 600 sub-

1207 594 1388 639 scripserunt
1403 596 1572 639 sanaiffimi
1592 604 1732 643 Ethcopi
1749 604 1828 644 quid
1841 605 1980 638 edocent?
2006 605 2092 642 Nos-

1214 647 1243 680 se
1254 646 1430 682 voluerunt
1442 648 1586 683 rationes
1597 652 1708 696 negati
1720 653 1863 698 suffragii
1883 655 1916 688 δε
1938 654 2094 699 subscrip·

1212 697 1332 731 tionis.
1359 697 1667 736 PrimusePontica
1678 701 1805 737 dioecefi
1821 704 2095 747 responditEuse-

1213 746 1285 780 bius
1312 748 1510 791 Ancyranus
1546 750 1724 796 Episcopus
1765 777 1777 793 ‚
1811 753 1923 797 primae
1955 755 2094 790 Galatiae

1212 797 1426 842 Metropolita
1455 811 1462 831 :
1490 803 1557 844 Ego
1580 812 1677 836 meum
1702 802 1832 836 diHurus
1853 803 1922 847 fiam
1947 806 2072 843 verbum
2080 831 2095 846 „

1211 849 1321 882 nullam
1340 853 1374 882 in
1396 853 1909 894 communepraejudiciumfaciens.
1937 858 2090 899 ,Quoniam

1205 900 1330 940 penitas
1341 898 1437 942 dqfisto
1447 901 1468 932 a*
1480 899 1614 942 defiderio
1625 904 1821 936 ordinationis
1831 928 1842 944 ‚
1868 905 1954 938 rebus
1966 905 2091 947 ostendi:

1211 949 1319 983 Petrus
1343 956 1452 983 etenim
1472 949 1659 994 Episcopus,
1685 954 1827 995 quimodo
1837 954 1954 994 testatus
1965 956 2024 996 est,
2040 958 2089 990 ·de

1208 1002 1342 1044 Gangris
1364 999 1400 1040 est
1427 999 1609 1044 Episcopus.
1638 1006 1714 1036 Ante
1735 1002 1810 1037 hunc
1820 1014 1898 1037 emm
1911 1010 1961 1047 qui
1968 1004 2031 1046 fuit
2042 1017 2092 1049 ego

1208 1051 1371 1083 ordinavi.
1398 1054 1503 1084 omnis
1525 1058 1603 1085 enim
1625 1058 1735 1086 civitas
1748 1054 1846 1088 adme
1866 1060 1993 1088 venitin
2004 1061 2090 1094 Ancy-

1208 1112 1244 1133 ra
1258 1124 1269 1140 ,
1297 1103 1424 1134 Decreta
1442 1109 1599 1143 portantes
1620 1127 1627 1134 .
1654 1102 1801 1147 Respondi
1822 1110 1849 1138 ei
1868 1106 1968 1138 dicens
1989 1117 1997 1137 :
2024 1108 2092 1149 Ego

1210 1162 1268 1184 non
1282 1146 1351 1193 sum
1372 1162 1410 1184 ex
1430 1156 1473 1184 ess
1482 1157 1535 1194 qus
1553 1152 1691 1186 ordinare
1701 1151 1880 1195 defiderant.
1911 1159 2088 1189 Commemo-

1207 1200 1319 1233 rabant
1339 1203 1410 1235 verri
1430 1201 1504 1234 mibi
1519 1208 1656 1244 priores,
1681 1209 1733 1246 qui
1750 1202 1877 1245 fueram
1897 1206 2028 1241 ordinati
2049 1205 2090 1239 ab

1210 1250 1358 1295 Episcopo
1377 1255 1592 1291 Ancyranorum
1604 1278 1614 1293 ‚
1642 1265 1754 1292 unum,
1776 1256 1923 1295 alterum,
1949 1260 2089 1288 tertium‘.

1208 1305 1274 1346 Ego
1286 1303 1372 1334 dixi:
1399 1304 1602 1345 ,Qua-cumque
1614 1303 1689 1336 mihi
1697 1305 1796 1336 dicitis
1808 1328 1820 1344 ,
1845 1316 1896 1348 ego
1906 1303 2045 1347 meipsum
2055 1311 2090 1338 in

1201 1353 1350 1394 judicium
1363 1362 1420 1385 non
1432 1354 1549 1393 conjicio
1559 1377 1566 1384 .
1588 1353 1653 1392 12«st
1662 1353 1726 1388 haec
1736 1359 1863 1388 veniunt
1872 1361 2009 1399 rogantes
2021 1354 2088 1387 beae‘-

1206 1410 1269 1435 tum
1292 1402 1424 1436 Proetum
1437 1426 1444 1434 .
1662 1403 1665 1406 '
2022 1408 2027 1416 ‘

1257 1450 1404 1498 Qaestio
1415 1451 1470 1486 hic
1485 1451 1626 1487 nascitur
1639 1476 1650 1491 ,
1674 1454 1752 1502 Qa
1766 1454 1956 1489 auctoritate
1966 1453 2090 1488 Μεειό·Δ

1207 1502 1309 1546 polita
1320 1500 1517 1545 Ancyranus
1526 1504 1717 1537 consecrarit
1730 1503 1981 1548 Paphlagonum
1999 1504 2091 1538 Gan·
2157 1531 2159 1533 ,

1206 1552 1353 1596 grensem
1375 1552 1399 1583 ἓ·
1420 1553 1552 1586 Etenim
1573 1551 1702 1586 Nicaeni
1725 1554 1901 1594 Canones,
1929 1554 1979 1588 uti
2003 1565 2090 1597 peres

1205 1601 1438 1647 grinaJudicia
1452 1626 1473 1642 ,-
1489 1602 1534 1636 ita
1557 1602 1591 1635 δε
1614 1603 1799 1647 peregrinas
1819 1605 1991 1646 praesertitn
2015 1603 2089 1644 Me·

1206 1652 1437 1696 tropolitarum
1459 1652 1720 1686 consecrationes
1742 1663 1852 1687 vetant
1872 1676 1893 1693 „
1908 1654 1976 1687 fieri
1995 1662 2090 1687 man-

1203 1702 1319 1736 dantes
1339 1710 1395 1736 aut
1408 1712 1463 1745 per
1474 1701 1654 1736 Primatcm
1667 1726 1678 1742 ,
1690 1713 1746 1737 aut
1758 1701 1982 1738 Patriarcham
1991 1724 2013 1743 ,v
2029 1710 2089 1737 aut.

1204 1763 1258 1796 per
1269 1751 1450 1795 Epistopos
1461 1750 1782 1796 Comprovinciales.
1809 1752 1879 1787 Cur
1887 1753 1990 1798 igitur
1999 1751 2092 1786 Gan·

1203 1804 1325 1847 grensis
1336 1803 1354 1836 a
1367 1800 1600 1846 Cappadocum
1615 1802 1801 1837 Caesareenfi
1813 1814 1882 1836 non
1902 1803 1965 1842 fnit
1975 1804 2088 1836 conse-

1202 1852 1339 1887 cratus?
1365 1852 1422 1886 Est
1443 1851 1576 1894 quaestio
1601 1851 1757 1892 obscura,
1782 1853 1824 1886 de
1849 1861 1911 1896 qua
1930 1852 2086 1896 ignoran-

1201 1902 1282 1937 tiam
1293 1901 1385 1936 fateri
1410 1901 1544 1942 malim,
1572 1900 1669 1944 quam
1679 1901 1747 1935 fine
1765 1900 1983 1936 fimdamento
2000 1901 2086 1937 divi·

1202 1964 1294 1987 nare.
1323 1950 1410 1985 Tres
1422 1950 1521 1995 igitur
1540 1950 1747 1996 Gangrenses
1766 1951 1944 1995 Episcopos
1965 1950 2085 1986 confir·

1199 2011 1327 2037 marant
1348 2002 1621 2036 &consecrarant
1643 1999 1836 2044 Ancyrani,
1862 2010 2083 2045 quai-tumve-

1199 2052 1236 2087 ro
1257 2053 1393 2086 Petrum
1414 2050 1600 2085 consecrate
1622 2050 1729 2084 noluit
1743 2074 1754 2090 ‚
1781 2051 1835 2085 sed
1847 2050 2085 2084 Constantino·

1199 2103 1304 2146 polim
1325 2101 1367 2136 ad
1391 2102 1545 2135 Sanctum
1557 2100 1713 2134 Proclum
1726 2100 1811 2135 misit
1831 2100 1993 2136 Eusebius
2012 2124 2024 2142 ,
2049 2100 2083 2134 se

1199 2152 1304 2196 ipsum
1323 2148 1438 2185 nolens
1457 2157 1490 2183 in
1504 2151 1654 2190 judicium
1672 2152 1811 2192 conjicere
1823 2175 1840 2191 ,,
1860 2149 1926 2184 hoc
1945 2149 1992 2184 est
2006 2172 2017 2190 ,
2040 2150 2083 2184 in

1198 2202 1365 2249 liteseurn
1388 2200 1557 2244 Episcopis
1579 2199 1980 2243 Constantinopolitano,
2007 2210 2083 2242 prae-

1197 2249 1406 2296 tendentibus
1431 2261 1546 2284 omnes
1566 2249 1727 2284 Ponticos
1760 2249 1994 2293 Metropolitas
2015 2249 2081 2286 effe

1197 2295 1332 2345 ssinejam
1345 2298 1470 2345 pridem
1488 2300 1744 2334 consecrationis
1758 2325 1765 2331 .
1795 2300 1839 2333 Et
1849 2299 1928 2334 hinc
1947 2297 2082 2333 adlucet

1196 2352 1282 2386 ratio
1293 2375 1305 2392 ,
1331 2363 1371 2385 ex
1381 2361 1444 2393 qua
1466 2360 1530 2383 tres
1545 2349 1749 2394 Gangrenses
1769 2350 1889 2383 fuerint
1899 2347 2080 2383 consecrati

1197 2400 1238 2436 ab
1250 2401 1453 2444 Ancyranis.
1481 2398 1640 2433 Primates
1659 2399 1875 2432 Caesareenses
1896 2398 1949 2431 sui
1966 2397 2081 2431 adver-

1195 2447 1681 2492 sCls—Constantinopolitanurn
1699 2447 1778 2490 juris
1801 2448 1934 2481 fuerunt
1953 2447 2081 2490 semper

1197 2499 1409 2546 tenacissimi,
1434 2507 1530 2541 atque
1542 2498 1588 2531 ita
1606 2495 1798 2531 crediderim
1820 2498 1908 2530 sacra
1919 2496 1996 2530 illos
2004 2494 2080 2540 lege

1197 2552 1251 2585 len
1264 2547 1410 2593 'iuffione
1430 2547 1616 2590 compulsos
1637 2545 1752 2580 cedere
1764 2569 1776 2586 ‚
1801 2546 1835 2580 ὃς
1847 2546 1865 2579 a
1884 2545 2080 2589 Metropoli*

1198 2595 1614 2636 tamm'consecrationibus
1633 2595 1750 2630 cessare
1763 2621 1770 2628 .
1794 2595 1892 2631 Hinc
1909 2595 2079 2640 Gangren-

1197 2652 1243 2685 fes
1257 2644 1405 2684 nolentes
1415 2646 1788 2689 Constantinopolitano
1804 2655 1903 2690 caput
1923 2645 2081 2686 subdere,

1195 2700 1229 2734 δι
1249 2698 1437 2734 Caesateensi
1450 2696 1584 2732 subdere
1596 2694 1757 2730 interdiffi
1771 2719 1782 2735 ‚
1805 2706 1847 2729 ex
1868 2706 1958 2729 more
1973 2695 2081 2729 volue-

1197 2743 1464 2784 runt'consecrari
1476 2758 1543 2789 atq·,
1555 2744 1771 2780 inthronizari
1791 2745 1810 2779 a
1822 2745 1934 2788 majori
1947 2745 2078 2788 Episco-

1197 2803 1240 2843 po'
1253 2824 1265 2841 ‚
1289 2809 1385 2843 atque
1394 2798 1438 2832 ira
1448 2795 1491 2830 ad
1503 2794 1536 2831 id
1547 2795 1765 2838 Ancyranum
1774 2795 1941 2839 elegerunt
1950 2819 1958 2827 .
1985 2793 2101 2831 Huic..

1196 2848 1394 2895 igiturmori
1403 2845 1488 2890 pacis
1499 2847 1604 2891 gratia
1616 2845 1706 2880 cessit
1716 2846 1751 2880 δε
1761 2846 1847 2879 cedit
1862 2844 2080 2884 Eusebius,re-

1195 2902 1311 2934 cusans
1331 2906 1440 2933 tamen
1454 2897 1520 2940 ipse
1530 2896 1616 2939 apud
1627 2883 1955 2938 Constantinopolim
1968 2894 2079 2928 conse-

1197 2951 1294 2986 crari.
1307 2949 1351 2983 Et
1360 2946 1466 2982 edixit
1476 2946 1604 2980 causam
1619 2947 1636 2980 .·’
1645 2948 1733 2990 ,Rogo
1742 2953 1776 2979 ut
1785 2950 1927 2979 civitates
1933 2953 1991 2987 pro
2001 2944 2079 2977 ordi-

1197 3005 1313 3034 natione
1322 3006 1380 3032 non
1384 2995 1508 3041 solvant
1519 3021 1525 3028 .
1537 2995 1568 3030 '51'
1578 3002 1658 3030 enim
1667 3006 1725 3028 non
1735 3002 1767 3028 in
1776 2994 1947 3029 civitatibus
1959 2992 2016 3036 ipfi
2021 2992 2054 3026 bi
2064 3015 2079 3033 ,

1197 3056 1247 3094 qui
1255 3051 1401 3093 eliguntur
1412 3049 1432 3080 ἆ
1446 3052 1568 3080 civitate
1583 3069 1594 3087 ,
1614 3046 1791 3079 ordinantur
1800 3048 1820 3078 ἃ
1829 3046 1936 3084 synodo
1950 3044 2080 3077 Provin-

1198 3106 1251 3134 ciae
1263 3122 1274 3138 ,
1287 3092 1674 3143 solvuntur'substantiaefit
1683 3095 1734 3128 boc
1739 3095 1901 3138 probatum
1912 3093 2015 3134 habeo,
2026 3096 2078 3134 qia

1194 3159 1252 3194 pro
1271 3159 1303 3182 eo
1319 3173 1330 3189 ,
1355 3153 1406 3190 qui
1426 3154 1497 3180 ante
1517 3158 1562 3180 me
1578 3146 1647 3188 fuit
1667 3170 1677 3186 ,
1703 3147 1800 3179 multa
1818 3145 1936 3178 reddidi
1960 3142 2076 3176 debita.

1201 3200 1282 3234 Non
1298 3198 1399 3242 nudas
1410 3197 1701 3240 Metropolitarum
1717 3194 1996 3231 consecrationes,
2021 3188 2077 3223 sed

1200 3251 1233 3285 &
1253 3248 1393 3293 ipsarum
1414 3246 1635 3283 emolumenta
1654 3244 1837 3292 diligebant
1847 3239 2083 3279 Constantino-

1203 3299 1342 3344 politani
1352 3298 1507 3342 Episcopi
1519 3321 1531 3337 ,
1556 3297 1643 3340 ipsos
1652 3304 1822 3340 gravantes
1840 3289 1997 3328 non‘solis
2009 3287 2080 3322 An-

1176 3375 1179 3383 t
1203 3350 1288 3385 natis
1300 3373 1310 3389 ‚
1336 3346 1389 3382 sed
1399 3348 1542 3391 ipsorum
1553 3345 1778 3381 exhaurientes
1792 3342 1834 3377 ad
1847 3343 1945 3389 usque
1961 3349 2079 3382 paupe·

1204 3401 1284 3435 riem
1297 3398 1472 3440 Ecclefias,
1499 3408 1577 3441 quas
1589 3394 1822 3440 indigniffimas
1839 3389 1964 3434 rapinas
1985 3388 2081 3471 {uiis

1948 3450 1991 3483 po
2019 3455 2031 3464 ι
