2340 3736
533 180 608 230 ‘DE
641 193 824 225 voclssus
860 178 1146 238 Sunsmnm',
1181 175 1417 222 Essrnm.
1453 174 1684 245 PERSONA,
1704 179 1788 229 ἃς,

285 267 506 310 None'mfacits
530 263 699 304 existimare
710 263 762 306 ‘effi
771 261 864 299 dic‘los
878 287 886 295 .
913 259 1099 305 camposque
1113 271 1180 297 eam

285 318 404 352 Ciliciae
425 314 476 359 effe-
499 315 646 354 Ρανῑενη,
671 325 734 356 qua
755 312 862 354 inflexo
874 314 942 354 Jffici
945 311 1030 354 finus
1040 313 1124 344 litore
1136 312 1182 343 ad

284 371 373 402 nram
381 368 559 408 Ssriae‚quae
569 368 673 401 vicina
682 363 721 404 est
733 362 910 404 Antiochia,
922 361 1071 403 deflet-Pit.
1094 360 1180 395 Rur-

288 418 342 452 'fus
350 415 477 452 deviat.
489 414 626 453 Etenim
632 414 768 449 Sanitus
777 413 1007 457 Hieronymus
1018 411 1123 455 palam
1136 411 1180 446 as-

284 463 362 500 serit
382 465 580 509 Campenses
589 465 682 499 fuisse
693 461 899 498 Antiochiae.
925 462 1071 497 Proinde
1082 461 1180 498 Cam·

282 515 400 560 'penses
419 516 554 550 fuerunt
570 514 704 549 Meletii
725 513 919 550 communio
931 537 939 545 .
967 512 1104 547 Etenim
1123 511 1180 550 ille

283 576 357 602 mon
381 564 595 605 solummodo
615 575 672 610 per
696 562 888 604 defundium
915 562 1151 602 Constantium
1167 585 1178 603 ‚

283 611 342 651 sed
350 615 454 655 etiam
463 626 520 660 per
528 624 722 660 regnantem
733 622 815 648 tunc
833 613 1011 650 Valentem
1023 612 1178 656 proscrip-

283 674 341 703 tus
351 691 363 708 ‚
387 666 514 700 nullam
526 667 562 705 in
573 664 720 704 Civitate
730 662 872 703 habebat
884 663 1065 703 Ecclesiam
1080 675 1088 696 :
1113 663 1180 703 lm-

263 715 347 754 ,md
369 714 465 750 isthic
487 726 550 756 nec
566 725 716 758 apparere
725 723 871 758 poterat.
898 713 991 748 Hinc
1004 711 1177 759 latitabat,

284 766 322 802 ἃ
343 765 415 799 suas
435 764 655 807 clandestinas
674 765 823 807 Synaxes
832 763 996 810 agebatin
1019 763 1177 806 Campis,

283 814 430 860 ideoque
458 814 544 858 ipsos
564 812 772 849 Antiocheni
793 826 849 859 per
875 814 1016 848 ironiam
1038 812 1178 860 appella-

281 864 369 899 bant
391 864 590 908 campenses
610 889 617 903 2
647 864 696 899 lta
716 864 799 899 olim
820 863 1008 899 Feliciffimi
1028 863 1175 904 Diaconi

283 914 479 954 Fastionem
489 913 764 960 Carthaginenses
774 939 786 956 ,
806 915 841 953 ὅ(
858 914 1108 949 Donatistarum
1119 913 1175 956 Sy-

216 972 219 979 ·
281 975 456 1010 'nagogam
469 989 481 1006 ‚
506 965 597 1010 quod
619 966 654 999 in
677 964 871 1004 suburbanis
891 964 1065 998 montibus
1076 974 1113 997 ac
1125 974 1175 998 ru-

281 1014 384 1059 pibus
403 1016 621 1055 convenirent
641 1015 682 1052 ad
703 1015 828 1057 Divina
841 1040 851 1056 ‚
878 1014 1025 1052 Romani
1043 1025 1099 1058 per
1109 1014 1176 1047 Sar—

285 1065 433 1102 tasmum
453 1066 659 1110 appellarunt
670 1066 866 1107 Montenses
877 1088 889 1105 ‚
915 1076 953 1103 ac
964 1064 1152 1108 Rupitanos
1167 1087 1175 1095 .

286 1114 461 1162 Quinam,
488 1117 524 1150 δε
547 1117 659 1161 quales
678 1116 802 1155 fuerint
834 1114 1056 1156 Tharsenses‚
1083 1114 1178 1158 igno.

285 1176 327 1199 ro
341 1190 349 1198 .
387 1164 552 1212 Pleraeque
571 1166 757 1202 Orientales
779 1165 926 1209 Ecclefiae
948 1164 1011 1204 isto
1030 1174 1178 1206 tempore

284 1224 381 1250 erant
405 1216 551 1254 laceratae
564 1217 599 1251 in
623 1216 823 1258 Schismata,
849 1216 989 1259 ideoque
1005 1215 1039 1248 δε
1053 1214 1178 1249 Metrov

280 1265 435 1310 politana
461 1264 654 1307 Tharsensis
680 1292 689 1302 .
715 1268 803 1302 Cum
828 1265 969 1311 quadam
995 1263 1064 1307 ejus
1088 1271 1179 1306 parte

281 1315 557 1354 communicabat
582 1326 653 1360 pars,
675 1314 892 1356 Antiochena
902 1313 1059 1351 Meletii,
1083 1312 1179 1368 Hinc

283 1366 379 1400 enim
399 1364 468 1408 ejus
487 1364 661 1410 Presbyter
680 1364 853 1406 Diodorus
870 1364 943 1410 *fuit
965 1374 1036 1398 non
1057 1362 1104 1398 ita
1121 1361 1179 1402 diu

282 1415 360 1460 ¹post
371 1413 468 1454 isthic
477 1416 598 1456 eled'tus
609 1416 645 1449 in
658 1415 858 1461 Episcopum
869 1436 879 1449 .
904 1413 963 1448 An
982 1412 1100 1448 Ariani
1112 1413 1180 1447 fue->

281 1465 356 1500 tint
377 1488 389 1510 ‚
413 1465 536 1515 ignoro
558 1486 567 1502 .
593 1465 760 1504 Videntur
780 1477 851 1500 non
876 1463 970 1505 fuisse
995 1488 1004 1498 .
1041 1462 1179 1499 Etenim

284 1515 490 1560 Campenses
503 1523 595 1553 erant
604 1513 808 1557 orthodoxi,
824 1513 965 1556 ideoque
976 1523 1046 1548 non
1059 1512 1180 1557 poffint

243 1571 245 1574 '
283 1565 349 1599 nifi
361 1561 559 1603 orthodoxis
569 1565 845 1605 communicasse-t
874 1563 1035 1599 Attamen
1056 1563 1182 1605 Roma-

287 1626 356 1656 na,
381 1614 460 1650 licet
480 1615 537 1659 ipsi
556 1615 739 1657 ambirent,
763 1616 812 1650 eis
825 1626 893 1650 non
907 1612 1179 1652 communicabat

287 1664 451 1702 Ecclesia.
479 1665 574 1700 Hinc
596 1666 683 1712 ipsos
703 1665 836 1702 Sanetus
855 1663 1085 1708 Hieronymus
1103 1674 1180 1697 cen·

285 1716 352 1753 fuit
361 1714 543 1753 Haereticos
553 1740 564 1756 ‚
591 1727 633 1750 ex
645 1716 817 1752 communi
831 1715 930 1750 etiam
943 1717 1008 1758 per‘
1024 1714 1180 1751 Sanstum

288 1763 501 1803 Ambrosium
531 1765 662 1802 laudata
696 1765 943 1808 PraescriPtione
961 1777 974 1798 :
1014 1768 1179 1802 Haereticus

283 1813 325 1854 est
340 1814 475 1857 quisqms
488 1819 633 1848 Romanae
653 1826 710 1848 non
719 1820 912 1851 communicat
922 1813 1065 1860 Ecclefiae.
1084 1812 1176 1849 Hinc

285 1866 322 1897 in
347 1864 452 1907 prima
475 1863 754 1907 Epistolaaffidue
766 1864 960 1909 protestatur
971 1866 1003 1902 se
1013 1873 1179 1907 perman&

281 1924 322 1950 're
342 1913 385 1948 ad
407 1914 517 1948 Sanffi
541 1914 632 1948 Petri
652 1915 763 1949 navim
778 1938 789 1954 ,
816 1925 878 1948 nec
890 1913 973 1948 velle
985 1912 1105 1957 abipsa
1118 1912 1177 1947 dis-

275 1963 419 2000 tedere-
448 1962 579 2000 Similes
588 1961 769 1998 orthodoxi
780 1972 871 1998 erant
891 1963 943 1997 isti
957 1962 1177 1999 Tharsenses:

283 2011 381 2046 Hinc
394 2011 603 2049 Antiocheni
614 2014 811 2057 campenses
820 2013 976 2051 cumillis
992 2012 1178 2052 habuerunt

284 2061 485 2107 fingularem
496 2062 783 2099 communionem
794 2089 802 2099 .

338 2113 451 2155 ltaque
462 2111 548 2156 apud
562 2110 779 2150 Antiochiam
793 2123 874 2154 tunc
884 2112 1048 2156 fervebat,
1074 2113 1177 2146 immo

286 2161 450 2197 bulliebat
472 2162 601 2206 questio
623 2162 665 2197 de
686 2162 749 2198 hac
773 2163 1003 2207 Propositione
1025 2177 1036 2197 .-
1063 2165 1191 2203 Pater,

285 2213 323 2245 (⁶5
332 2215 361 2244 F
362 2213 432 2248 illus
444 2236 456 2254 ,
476 2214 513 2250 ᾧ·
522 2215 654 2255 spiritus
665 2214 794 2247 5am¹7us
800 2212 873 2257 sunt
884 2226 946 2249 una
957 2212 1076 2257 offenda
1087 2237 1099 2254 ‚
1118 2223 1178 2248 tre:

283 2261 462 2305 nypostases
476 2288 484 2298 ,
512 2263 558 2299 Et
578 2262 647 2306 ejus
657 2262 895 2300 professionem
907 2274 970 2298 tres
979 2262 1156 2306 exigebant
1170 2288 1177 2298 2

283 2309 405 2348 Primo
416 2311 618 2351 Arianorum
630 2312 756 2354 Praesul,
768 2313 885 2357 nempe
898 2312 1041 2356 Euzojus
1052 2338 1060 2347 .
1074 2313 1179 2347 Dein-

283 2361 329 2396 de
339 2363 561 2409 Campenses:
589 2364 716 2400 &nota
726 2362 766 2399 de
784 2364 858 2408 ἱρῆς
870 2363 965 2399 verba
977 2377 987 2396 ε
1009 2361 1087 2398 nihil
1094 2363 1181 2397 aliud

285 2411 447 2454 ambiunt,
471 2423 563 2454 quam
585 2422 621 2446 ut
640 2414 819 2449 auHoritate
839 2418 1052 2448 communionis
1073 2413 1178 2453 vestrae

280 2461 362 2505 sulti
373 2469 432 2494 tres
458 2460 631 2504 Hypostases
652 2475 718 2498 cum
740 2470 863 2506 antiquo
879 2462 969 2508 sensu
988 2464 1155 2504 praedicent
1170 2487 1177 2495 .

289 2510 424 2553 Nempe
434 2507 527 2543 aliter
538 2509 682 2553 Euzojus
693 2524 731 2546 ac
741 2513 796 2546 alii
810 2513 926 2548 Ariani
940 2538 950 2555 ‚
961 2513 1054 2548 aliter
1066 2511 1179 2547 ortho-

283 2559 373 2594 doxi
393 2559 499 2594 Graeci
519 2559 738 2605 praedicabant
761 2572 824 2597 tres
849 2563 1051 2605 Hypostases
1074 2587 1082 2596 .
1128 2562 1179 2597 Hi

285 2610 495 2649 Personam,
531 2609 584 2643 isti
604 2621 660 2653 per
682 2611 777 2646 istam
803 2622 919 2646 vocem
946 2610 1175 2657 intelligebant

288 2659 493 2695 Effentiam.
522 2659 624 2695 Etita
649 2671 752 2704 nuper
765 2660 969 2697 intellexerat
994 2662 1095 2696 etiam
1106 2663 1178 2696 Me-

284 2710 407 2746 letius.
433 2710 506 2754 Jam
527 2709 624 2744 verba
636 2720 778 2746 mutarat
792 2734 803 2752 ,
828 2709 966 2755 ideoque
976 2709 1079 2754 ajebat
1103 2712 1180 2746 Per-

286 2761 407 2794 sonam
429 2759 449 2793 a
472 2759 503 2793 se
523 2759 666 2805 intelligi
689 2786 696 2795 .
724 2760 805 2796 Hoc
827 2761 1058 2805 Hieronymus
1077 2761 1178 2804 suspe-

285 2811 382 2848 fium
393 2807 529 2844 habuit:
555 2810 722 2854 Opinatus
733 2810 777 2846 est
789 2833 801 2853 ,
826 2810 916 2857 quod
929 2811 1026 2846 dolos
1045 2811 1178 2846 consue-

286 2867 366 2900 ret,
391 2858 626 2896 &Romanam
645 2861 931 2898 Communionetn
952 2861 1065 2897 dolose
1076 2861 1177 2898 ambi-

286 2919 364 2951 ret,
389 2919 453 2954 qua
463 2910 567 2953 posset
586 2911 716 2946 securus
727 2921 790 2945 tres
812 2911 1016 2954 Hypostases
1028 2909 1086 2947 sub
1096 2913 1179 2946 anti-

289 2970 363 3001 quo
374 2958 466 2994 sensu
477 2959 645 3005 praedicare
654 2985 661 2993 .
689 2962 734 2996 Et
745 2960 824 2996 hinc
836 2963 952 2996 iterum
978 2962 1067 2996 lucet
1079 2961 1178 2995 Carn-

289 3010 406 3055 pensts
416 3008 493 3046 istos
503 3011 595 3045 fuiffe
606 3011 891 3047 Communionem
903 3012 1034 3047 Meletii
1048 3036 1055 3043 .
1067 3011 1177 3046 Tertii

288 3071 332 3096 ac
354 3059 630 3103 importantiffimi
642 3061 731 3095 istius
746 3061 982 3106 Propositionis
1003 3063 1177 3098 Exastores

287 3117 384 3147 erant
405 3111 563 3153 Syrorum
590 3110 755 3146 Monachi
776 3136 784 3144 .
821 3112 917 3147 Hinc
947 3112 1176 3158 Hieronymus

288 3158 401 3200 :scribit
425 3160 464 3195 inv
486 3159 656 3203 posteriori
678 3161 845 3206 Epistola:
873 3164 971 3197 Pudet
987 3164 1101 3197 dicere.-
1127 3165 1177 3197 De

287 3214 443 3244 cavernis
456 3211 639 3245 cellularum
649 3212 829 3248 damnamus
840 3213 938 3246 orbem
957 3214 1014 3247 &a
1041 3213 1174 3256 Nempe

289 3257 438 3304 Magnus
469 3258 667 3295 Athanasius
692 3261 786 3297 istam
819 3262 1045 3311 Qaestionem
1064 3262 1174 3319 ⁴plene

284 3311 539 3352 composuerat,
564 3309 676 3353 &ejus
695 3311 860 3356 Iudicium
871 3311 1042 3348 admiserat
1061 3313 1172 3347 omnis

291 3354 437 3394 Ecclesia
461 3383 470 3392 ·
494 3361 548 3397 De
569 3361 640 3411 ipso
660 3360 762 3397 haber
778 3362 874 3398 Prior
898 3361 1044 3406 Epistola
1068 3375 1078 3397 ς
1105 3362 1171 3403 Post

294 3406 538 3443 Alexandrinum
557 3434 568 3451 ‚
602 3412 708 3456 janua
722 3418 840 3456 pariter
852 3414 1007 3446 Occidente
1025 3437 1038 3454 ,
1076 3413 1171 3446 decre-

289 3461 380 3495 ἴω»-
407 3458 452 3493 Et
473 3459 648 3505 posterior:
675 3465 850 3499 Haereticum
860 3474 906 3497 me
915 3474 980 3498 cum
993 3464 1170 3503 occidente,

1244 262 1424 296 Haeretitum
1433 268 1499 296 cum
1523 260 1664 308 AEgyptio
1675 286 1687 303 ,
1709 261 1764 302 boc
1771 261 1810 309 est
1828 274 1894 300 cum
1913 267 2042 312 Damaso
2063 271 2118 302 Pe*

1240 313 1341 348 troque
1346 308 1540 354 ,condemnent
1551 332 1559 341 .
1585 309 1678 348 Hinc
1688 312 1730 348 de
1739 321 1830 352 tanta
1839 314 1975 353 istorum
1993 319 2118 354 Mona·

1241 356 1379 393 chorum
1399 358 1534 399 audacia
1553 358 1778 405 Hieronymus
1788 364 1928 399 erubuit
1941 390 1949 398 .
1976 367 2020 401 Et
2031 369 2117 404 certe

1241 409 1398 451 Syrorum
1411 406 1573 443 Monachi
1583 432 1594 450 ‚
1604 412 1695 454 quod
1705 413 1886 459 impudenti
1898 414 2093 453 turbulentia
2105 442 2118 459 ,

1242 455 1280 492 ac
1293 458 1454 495 horrenda
1474 457 1509 493 in
1529 460 1708 505 Episcopos
1727 473 1765 501 ac
1777 465 1921 507 ipsorum
1940 467 2123 509 Synodales

1241 508 1431 547 Sanstiones
1443 511 1650 550 contumacia
1657 510 1835 551 laborarint
1847 539 1860 560 ‚
1886 516 2053 560 insigniter
2065 516 2119 551 de·-

1242 559 1463 599 monstrarunt
1476 560 1517 595 ad
1528 570 1675 605 tempora
1686 559 1962 601 Chalcedonensis
1973 565 2099 609 Synodi
2112 591 2119 599 .

1241 609 1352 652 Hujus
1373 621 1505 654 quartus
1527 611 1648 645 Canon
1658 609 1699 651 ad
1710 612 1866 652 sistendos
1888 616 1964 649 istos
1978 617 2121 660 impetus

1241 661 1370 695 coactus
1389 660 1435 695 est
1458 661 1580 701 avitam
1601 661 1850 702 Monachorum
1871 664 2047 700 libertatem
2070 679 2124 704 ca-

1241 709 1357 751 strare,
1386 710 1423 749 &2
1444 710 1532 754 ipsos
1558 711 1714 755 subjicere
1734 713 1924 758 Episcopis,.
1951 716 2121 751 Praes'entis

1240 759 1382 798 audaciae
1404 761 1499 801 radix
1511 758 1742 806 poffit'fuiffe‚
1769 774 1838 810 quae
1847 762 1913 799 hoc
1936 765 2006 808 ipso
2030 777 2121 802 anno

1240 810 1408 855 contigit,
1435 822 1523 845 mors
1548 812 1656 845 Sancti
1676 810 1847 848 Athanasii
1867 839 1874 846 .
1904 814 2044 848 Etenim
2068 816 2123 849 de-

1240 860 1353 894 funeto
1387 859 1496 895 Leoni
1524 861 1683 896 insultant
1705 863 1867 906 lepores>
1897 864 1991 902 Hinc
2015 865 2124 899 factio-

1240 910 1261 943 si
1293 908 1457 951 Monachi
1491 912 1586 964 possit
1611 912 1698 953 istud
1722 911 1892 955 decretum
1926 924 2007 954 tunc
2042 916 2124 964 spre-

1241 960 1338 1000 vissei

1289 1009 1394 1047 Porro
1405 1009 1445 1052 de
1456 1012 1515 1048 ista
1528 1012 1760 1059 Propofitione
1771 1027 1810 1051 ac
1821 1014 1889 1059 ejus
1908 1016 2123 1054 Exactoribus

1238 1061 1269 1094 S.
1281 1060 1511 1106 Hieronymus
1529 1064 1612 1100 dicit
1622 1066 1708 1101 varia
1721 1091 1729 1099 .
1740 1085 1744 1091 ·
1757 1066 1870 1101 Primo
1882 1066 1967 1102 istud
1989 1078 2125 1108 nomen,

1240 1120 1276 1143 ut
1297 1109 1422 1156 nempe
1440 1113 1617 1152 Personam
1642 1117 1822 1162 significet,
1849 1119 1913 1152 effe
1939 1117 2124 1152 novellum.

1239 1160 1343 1206 Qiod
1356 1172 1427 1201 non
1437 1163 1483 1199 est
1495 1163 1590 1208 plene
1609 1178 1739 1201 verum.
1767 1167 1902 1205 Etenim
1914 1169 1950 1202 in
1975 1169 2124 1211 Epistola
2181 1183 2183 1185 ’

1239 1212 1280 1244 ad
1291 1209 1451 1247 Hebraeos
1461 1214 1596 1253 Sanctus
1617 1215 1738 1256 Paulus
1759 1216 1940 1262 Apostolus
1962 1218 2057 1253 istam
2070 1230 2127 1253 vo*

1240 1271 1314 1294 cem
1325 1261 1495 1302 manifeste,
1502 1266 1662 1310 accipitin
1675 1267 1739 1303 isto
1751 1268 1841 1305 sensu
1855 1293 1862 1301 .
1887 1268 1982 1306 Hinc
2008 1267 2126 1304 funda-

1240 1318 1273 1347 ta
1293 1312 1364 1345 non
1383 1311 1431 1350 est
1453 1310 1521 1350 haec
1541 1316 1648 1354 Santsti
1669 1317 1875 1361 Hieronymi
1901 1318 2099 1354 exclamatio
2116 1331 2124 1351 t

1241 1361 1306 1402 ,Qui
1326 1360 1382 1400 ista
1402 1363 1527 1406 Apostoli
1542 1367 1727 1406 prodidere?
1752 1370 1837 1411 ,Quis
1861 1379 1957 1404 novus
1980 1369 2124 1412 Magister

1243 1412 1386 1443 Gentium
1408 1413 1524 1449 Paulus
1537 1413 1604 1451 baec-
1619 1417 1715 1449 docuit
1727 1417 1744 1448 ?
1771 1418 1845 1455 Nec
1857 1417 1974 1454 desunt
1996 1419 2060 1453 alia
2084 1417 2125 1452 ab

1242 1459 1471 1502 antiquiffimis
1482 1461 1632 1503 Patribus
1643 1463 1734 1499 istius
1746 1467 1948 1510 acceptionis
1957 1468 2105 1512 exempla
2115 1493 2124 1501 .

1242 1509 1376 1544 Sanetus
1387 1510 1619 1555 Hieronymus
1629 1515 1775 1552 secundo
1797 1516 1986 1553 dicitistam
2009 1530 2126 1554 vocem

1244 1559 1329 1594 male
1348 1560 1438 1605 exigi
1453 1562 1523 1604 post
1550 1563 1722 1603 Nicaenam
1749 1566 1924 1611 Synodum
1947 1593 1954 1600 .
1982 1568 2127 1603 Videtur

1242 1610 1430 1647 existimare
1448 1611 1538 1654 quod
1553 1613 1618 1656 ipsa
1645 1626 1763 1649 vocem
1776 1616 1859 1654 Usia
1887 1617 2126 1661 &Hypostasis

1242 1670 1301 1702 pro
1312 1660 1433 1695 eisdem
1446 1665 1624 1705 acceperit:
1651 1665 1744 1702 Hinc
1766 1666 1935 1710 adjungit:
1964 1671 2121 1702 Condatur

1242 1721 1322 1743 nova
1325 1710 1390 1752 post
1400 1715 1565 1749 Nicaenam
1578 1713 1659 1755 fides
1671 1740 1678 1746 .
1707 1716 1810 1762 Qiod
1824 1717 1924 1750 etiam
1940 1729 2004 1751 non
2033 1719 2127 1758 subsi7

1243 1760 1299 1793 stit
1320 1784 1329 1792 .
1355 1760 1400 1798 Et
1422 1762 1516 1804 supra
1537 1762 1668 1801 abunde
1689 1764 1947 1801 demonstratum
1970 1793 1976 1800 .
2005 1768 2126 1803 Tertio

1243 1809 1469 1854 Hieronymus
1489 1812 1571 1847 dicit
1592 1838 1608 1856 ‚.
1640 1815 1731 1863 quod
1759 1816 1818 1850 ista
1853 1827 1921 1850 vox
1958 1819 2127 1854 contineat

1244 1860 1468 1895 Arianismum
1480 1886 1490 1902 ,
1505 1862 1539 1895 δε
1554 1863 1592 1903 sit
1603 1863 1806 1899 Arianorum
1822 1867 1948 1908 propria
1963 1868 2126 1909 :similibus

1243 1909 1346 1947 verbis
1364 1921 1428 1943 cum
1448 1915 1572 1950 Arianis
1595 1914 1783 1957 confiteamur
1806 1915 1970 1954 Ortbodoxi
1995 1932 2006 1951 .-
2032 1919 2127 1953 Hinc

1242 1958 1335 1993 addit
1356 1959 1399 1995 de
1423 1960 1684 2005 campensibus,
1725 1965 1815 2008 quod
1842 1976 2035 2001 venarentur
2067 1969 2128 2009 sub

1243 2008 1381 2052 antiquo
1394 2010 1485 2047 sensu
1496 2021 1559 2047 tres
1573 2013 1777 2057 Hypostases
1799 2017 1990 2062 praedicare.
2019 2019 2063 2052 Et
2075 2019 2128 2053 ad-

1242 2057 1291 2091 dit
1313 2059 1362 2092 sui
1376 2059 1497 2094 adserti
1518 2059 1698 2096 rationem:
1725 2061 1991 2109 Totasaecularz‘um
2013 2070 2128 2103 littera-

1243 2119 1308 2143 rum
1313 2107 1413 2150 schola
1434 2109 1608 2146 nibilaliud
1629 2114 1813 2156 Hypcstafin‚
1843 2115 1999 2158 m'siUfiam
2021 2124 2127 2151 novit.

1243 2159 1337 2192 Hinc
1348 2159 1444 2193 infert
1455 2159 1532 2194 istos
1544 2162 1643 2200 trium
1656 2163 1886 2207 Hypostaseon
1900 2166 2127 2202 Praedicatores

1242 2210 1303 2243 effe
1317 2209 1584 2252 suspeffiffimos,
1614 2214 1705 2256 quod
1730 2214 1844 2254 dolose
1863 2216 2037 2251 intendant
2062 2229 2126 2252 tres

1244 2258 1366 2297 Usias.
1404 2259 1578 2302 Adjicit&
1601 2261 1686 2300 hanc
1706 2266 1888 2301 rationem:
1916 2272 1958 2300 Et
1971 2274 2054 2310 quis,
2083 2280 2125 2301 ro,

1236 2320 1296 2355 ge,
1322 2319 1371 2345 ore
1389 2307 1532 2355 sacrilego
1552 2319 1616 2348 tres
1624 2312 1806 2355 substantias
1827 2319 2032 2358 praedicabit?
2058 2317 2126 2352 Ad-

1242 2360 1347 2393 firmat
1358 2359 1506 2398 Graecam
1519 2385 1531 2405 ‚
1556 2362 1713 2405 ,Hypcstafis
1724 2390 1735 2406 ,
1762 2367 1796 2400 δε
1817 2367 1971 2402 Latinam
1986 2379 2101 2402 vocem
2112 2392 2124 2408 ‚

1235 2408 1415 2457 substantia,
1428 2411 1491 2447 effe
1503 2410 1645 2459 ejusdem
1656 2425 1712 2456 per
1726 2418 1840 2454 omnia
1852 2417 2102 2462 significationis
2114 2444 2125 2459 ,

1242 2459 1382 2503 ideoque
1392 2470 1563 2505 utramque
1585 2461 1681 2500 istam
1692 2462 1945 2511 propositionem
1967 2469 2030 2502 effe
2042 2468 2124 2512 pari-

1241 2520 1290 2544 ter
1309 2509 1590 2553 abominabilem,
1617 2514 1759 2548 ostendit
1771 2516 1811 2549 ab
1837 2528 1974 2560 utraque
1997 2531 2078 2553 voce
2088 2519 2124 2553 fi-

1241 2558 1389 2606 gnificari
1412 2571 1561 2595 naturam
1575 2585 1590 2604 ,¹
1612 2563 1753 2609 ideoque
1766 2566 1796 2597 se
1818 2568 1924 2610 urgeri
1937 2567 1976 2606 ad
1998 2567 2124 2602 Profes-

1241 2610 1362 2644 sionem
1385 2610 1486 2645 trium
1506 2622 1693 2647 naturarum
1715 2626 1725 2656 ;
1761 2614 1801 2653 ad
1834 2627 1951 2662 purum
1975 2617 2123 2653 Arianis-

1241 2670 1332 2693 tnum
1347 2683 1355 2690 .
1383 2660 1516 2706 Qarto
1527 2661 1608 2698 dicit
1621 2662 1712 2697 istius
1731 2663 1969 2709 Propositionis
1980 2668 2122 2702 Exadto'-

1242 2719 1370 2743 resnou
1381 2710 1474 2746 fuiffe
1483 2720 1660 2748 contentos
1670 2714 1741 2748 solo
1756 2716 1846 2749 sensu
1861 2741 1872 2758 ,
1899 2729 1960 2753 nec
1973 2718 2049 2755 solis
2058 2719 2121 2753 La-

1240 2759 1319 2792 tinis
1330 2759 1469 2797 vocibus
1479 2784 1491 2800 ,
1517 2760 1571 2798 sed
1584 2762 1720 2798 voluisse
1733 2765 1802 2803 suas
1812 2767 1938 2801 Graecas
1948 2793 1956 2801 .
1983 2768 2120 2805 Etenim

1240 2809 1318 2843 dum
1329 2809 1403 2855 quis
1416 2809 1538 2847 latinus
1549 2811 1746 2851 adseveraret
1769 2816 1854 2851 credi
1866 2816 1883 2853 ,ἐι
1896 2819 1927 2853 se
1953 2829 2050 2854 unam
2066 2830 2120 2852 na-

1241 2869 1369 2900 turam,
1395 2860 1693 2906 &tresPersonas,
1718 2864 1803 2901 &ad
1829 2878 1953 2909 omne,
1979 2869 2117 2912 quodin

1241 2920 1345 2950 voce,
1370 2910 1514 2946 Persona
1538 2936 1549 2952 ,
1574 2911 1653 2948 latet
1673 2915 1768 2950 variae
1793 2917 2040 2961 significationis
2063 2919 2121 2953 du.-

1240 2959 1330 2994 bium
1349 2960 1588 3006 praecidendum
1612 2962 1769 3002 adderet&
1793 2968 1823 3004 se
1836 2967 1925 3005 credi
1951 2968 2118 3007 subsisten-

1239 3019 1286 3043 tes
1300 3034 1311 3050 ,
1337 3021 1426 3044 veras
1449 3035 1461 3051 ,
1489 3011 1631 3058 integras
1653 3038 1663 3054 ,
1690 3016 1866 3059 perfestas,
1888 3028 2021 3058 :eternas
2043 3043 2055 3058 ,
2079 3029 2117 3058 ac

1238 3060 1372 3106 aequales
1396 3061 1553 3097 Personas
1570 3087 1581 3105 ‚
1607 3076 1678 3098 non
1698 3076 1790 3103 erant
1820 3070 1970 3105 contenti
1993 3081 2001 3101 τ
2029 3068 2116 3103 vole—

1240 3110 1318 3145 bant
1328 3111 1410 3154 ipsas
1432 3121 1528 3146 voces
1543 3137 1555 3154 ‚
1582 3122 1646 3150 tres
1663 3114 1887 3160 Hypostases.
1915 3120 2058 3152 Omnem
2071 3130 2117 3164 re-

1237 3161 1405 3195 cusantem
1414 3160 1579 3201 ducebant
1587 3172 1599 3204 ‚·
1624 3164 1852 3207 &clamabant
1872 3168 2115 3206 Sabellianum.

1238 3210 1394 3244 Notanda
1404 3211 1478 3246 sunt
1500 3213 1640 3250 &verba
1652 3215 1693 3250 ad
1715 3215 1916 3255 Damasum:
1942 3221 1974 3251 51·
1985 3224 2053 3261 quis
2063 3231 2117 3252 au-

1236 3269 1295 3293 tem
1306 3258 1402 3304 Ufiam
1424 3262 1586 3306 Hypostafin
1596 3266 1759 3313 intellggens
1772 3278 1829 3303 non
1850 3273 1882 3302 in
1892 3268 1989 3301 tribus
2013 3269 2115 3315 Perso-

1236 3316 1284 3343 nis
1294 3321 1385 3345 unam
1398 3311 1557 3357 Hypostafin
1582 3316 1657 3351 dicit
1666 3339 1676 3355 ‚
1702 3318 1818 3351 alienus
1829 3321 1850 3354 ἃ
1862 3317 1974 3358 cbristo
1985 3317 2023 3363 est
2032 3344 2040 3352 .
2069 3324 2114 3353 Et

1231 3358 1286 3403 sub
1296 3359 1352 3393 hac
1362 3362 1537 3407 Confeffione
1559 3364 1704 3406 vobiscum
1720 3373 1837 3412 pariter
1855 3375 1982 3402 cauterio
1994 3374 2113 3406 unionis

1234 3416 1399 3445 inurimur.
1440 3412 1619 3448 Affirmant
1640 3415 1726 3457 duo;
1754 3417 1859 3461 primo
1881 3419 1970 3462 quod
1991 3418 2113 3455 Roma-

1236 3473 1275 3496 na
1287 3472 1367 3500 tunc
1377 3461 1660 3508 Ecclefia,voces,
1679 3465 1762 3504 Ulia
1779 3468 1812 3503 ἀ
1824 3469 2042 3516 Hypostafis,
2054 3480 2111 3513 pro

1944 3518 2066 3556 eisdem
