2340 3736
48 651 203 689 Novel.131

48 702 75 725 c·
100 704 125 723 7--

0 1215 10 1224 ⁵
49 1224 135 1264 Epist·
163 1234 206 1262 54.

45 1276 72 1296 c.
99 1275 123 1301 3.

46 1305 186 1343 Epist-13.

48 2064 133 2103 Epist.
161 2074 206 2099 70·

205 2204 336 2228 *tanam
356 2194 513 2231 Ecclesiam
537 2194 790 2238 transmigrasse,
818 2197 853 2230 ὁ·
867 2207 940 2229 ‘cum
963 2193 1125 2240 dignitati·¹

63 3318 148 3358 Epist.
178 3328 210 3356 53

61 3370 89 3389 s·
118 3371 143 3389 2.

61 3399 204 3437 Epist-55.

61 3446 90 3469 cn
110 3449 136 3468 2.

635 109 946 164 S.<:;.H·QL.115‚
982 122 1045 154 ET
1068 117 1253 155 :moris
1292 117 1671 152 ILLUSTRATI.

234 195 552 240 nantinopolitana,
576 200 609 225 ut
624 189 710 234 sedes
732 202 820 224 novae
840 193 948 223 Romae
967 187 1114 233 secundas

232 252 368 283 &vetere
393 249 509 283 Roma,
533 241 571 274 ab
581 243 651 275 aliis
657 247 777 283 primas
783 240 899 282 ferret.
930 241 972 273 Et
986 239 1115 273 lucidis-

230 296 309 335 fime
319 295 507 330 Martianus
518 292 689 337 Augustus
698 292 732 325 in
744 290 860 326 litteris
870 291 970 325 etiam
983 301 1038 334 per
1052 290 1114 324 Lu-

220 359 306 386 ,cam
325 344 543 380 Holstenium
565 342 736 387 publicatis
758 357 770 382 ,
805 340 923 385 quibus
947 340 968 373 ὲ
997 340 1113 374 Leone

219 396 395 435 ,Pontifice
415 393 635 439 expostulavit
646 392 808 436 praesentis
831 390 980 425 Canonis
997 391 1115 424 confir·

231 448 414 482 mationem
437 460 448 479 :
474 449 520 478 Et
542 446 593 478 hoc
608 443 756 484 statutum
775 441 814 482 est
833 465 844 480 ,
871 450 905 473 ut
922 439 985 482 post
1009 441 1115 474 §edem

231 496 421 540 Apostolicam
434 494 767 536 Constantinopolitanae
787 491 868 524 urbis
880 490 1006 530 Antistes
1013 489 1116 533 sccun-

229 549 303 581 dum
324 547 455 579 obtineat
473 548 585 579 locum.
612 541 714 590 Qod
735 542 841 584 ipsum
859 540 942 574 dicit
955 539 1020 574 haec
1049 542 1114 584 ipsa

228 595 382 641 Synodus
394 598 428 630 in
451 595 630 630 Relatione
643 592 685 626 ad
698 591 867 625 laudatum
891 589 1091 625 Pontificem
1105 617 1114 631 ‚

227 649 262 683 &
286 646 487 691 Justinianus
510 642 680 687 Augustus
703 642 739 675 in
753 641 829 685 lege
853 640 982 676 novella
994 642 1034 675 ad
1055 641 1114 674 Pe-

228 708 318 732 trum
340 696 531 731 Praefecwm
554 692 804 728 Praetoriorum.
834 691 878 725 Et
891 692 958 735 ipse
980 693 1114 735 praesens

229 748 352 782 Canon
373 746 432 781 fibi
455 745 513 789 ipfi
545 743 695 778 adversus
716 755 725 775 :
763 742 930 776 Secundam
948 742 1011 785 post
1029 742 1114 776 illam

228 797 402 838 existentem
414 820 422 827 .

218 879 226 883 .
281 849 426 894 Quartus
447 843 597 879 Canonis
613 854 701 878 error
719 843 766 877 est
791 843 827 876 in
848 840 937 876 hisce
958 843 1064 877 verbis
1073 842 1114 877 de

228 898 339 932 Roma
351 895 506 938 antiqua:
533 894 625 937 ,Quod
634 893 702 926 urbs
717 895 771 927 illa
790 899 972 935 imperaret.
1007 894 1050 927 Et
1073 892 1115 927 de

218 947 337 984 ,Roma
360 957 467 979 nova:
494 945 584 978 Ra‘ie
591 945 767 986 judicantes
789 944 891 977 urbem
904 966 914 982 ‚
940 955 1008 985 quae
1024 949 1113 985 impe-

217 1003 271 1032 ,νὶο
282 995 650 1037 honorataoaequaltbus
659 996 836 1038 privilegiis
857 993 996 1035 fruitur,
1021 999 1114 1027 etiam

225 1052 260 1079 in
283 1046 369 1080 rebus
404 1045 608 1088 Ecclefhsticis
631 1056 690 1078 non
716 1043 798 1087 secus
820 1056 854 1077 ac
875 1045 960 1076 illam
993 1044 1115 1078 extolli.

222 1095 331 1140 Ajunt
358 1095 530 1140 privilegia
558 1094 764 1139 Episcopalia
786 1094 1013 1138 Imperialibus
1035 1104 1117 1128 tam-

221 1158 321 1188 quam
343 1146 447 1181 radici
469 1146 736 1185 &fundamento
759 1144 917 1179 cohaerere
931 1144 1115 1179 indivulsa:

215 1196 417 1240 Respondet
444 1195 569 1231 veroin
585 1196 702 1229 litteris
727 1196 769 1229 ad
782 1196 988 1229 Mattianum
1000 1195 1117 1239 Augu-

219 1247 309 1281 stum
322 1247 456 1281 Saucius
466 1246 642 1289 Leoipapa
654 1259 666 1280 .-
691 1246 760 1280 Alia
770 1252 848 1278 ratio
857 1244 895 1285 est
906 1256 1006 1278 rerum
1023 1243 1117 1288 [ασα-

217 1298 355 1336 larium,
383 1298 446 1329 alia
469 1298 677 1328 Divinarum.
705 1296 750 1329 Et
761 1296 892 1329 Sanetus
915 1294 1060 1328 Gelafius
1080 1296 1115 1328 in

222 1346 343 1380 litteris
364 1346 406 1379 ad
419 1346 600 1389 Episcopos
627 1344 823 1379 Dardaniae:
853 1344 981 1386 Rifimus
1002 1368 1012 1383 ‚
1039 1346 1120 1387 quod

217 1402 462 1440 praerogativam
483 1396 589 1430 volunt
612 1399 715 1429 Acacio
737 1402 929 1437 comparari,
955 1402 1026 1437 quia
1039 1399 1117 1436 Epi-

213 1445 327 1490 scopus
343 1446 444 1488 fuerit
455 1449 558 1489 Regiae
581 1451 736 1480 civitatis.
765 1447 931 1488 Numquid
948 1447 1034 1488 apud
1054 1450 1115 1480 Ra-

216 1508 360 1531 vennam
371 1522 381 1537 ,
409 1497 611 1530 Mediolanum
621 1522 632 1537 ,
658 1500 801 1536 syrmium
812 1521 823 1537 ,
849 1499 992 1530 Treviros
1009 1497 1116 1529 multis

216 1547 402 1588 temporibus
427 1556 486 1580 non
493 1546 622 1588 constitit
643 1547 832 1588 Imperator?
860 1548 928 1580 Alia
935 1546 1063 1588 potestas
1078 1547 1116 1586 est

217 1603 308 1641 segni
329 1595 486 1640 saeculart's
500 1616 520 1637 ⁵>
536 1599 600 1631 alia
610 1597 873 1637 Ecclefiasticarum
885 1596 1049 1637 distributio
1072 1598 1118 1630 di-

215 1653 397 1691 gnitatum.
424 1649 504 1680 Sicut
525 1653 604 1680 enim
625 1653 770 1689 quamvis
786 1655 892 1689 parva
903 1653 1015 1680 civitas
1034 1655 1120 1689 pra·-

225 1702 399 1740 rogativam
406 1695 574 1739 praesentis
585 1701 682 1741 Regni
695 1709 754 1731 non
766 1703 885 1730 >minuit
896 1722 907 1737 ,
925 1695 965 1738 fic
973 1701 1116 1739 Imperia-

218 1747 264 1780 .lis
282 1745 452 1788 praefimtia
464 1745 633 1789 menfitram
655 1746 886 1789 dispensationis
897 1746 1037 1791 religiose
1056 1756 1116 1780 non

218 1804 329 1828 ‚mutat
341 1819 348 1827 .
376 1794 451 1828 Nec
462 1795 528 1832 fine
539 1797 633 1830 causa
646 1796 741 1833 istan
750 1796 973 1832 cohaefionem
994 1799 1123 1842 semper!

226 1846 369 1880 aversata
382 1845 447 1880 fuit
467 1845 608 1880 Ecclesia
633 1846 777 1880 Latina:
798 1847 954 1893 Qaliter
963 1847 1053 1880 enim
1074 1858 1117 1881 ex

226 1894 283 1928 iila
296 1894 432 1929 tandem
445 1897 616 1939 profecerit
627 1897 713 1931 sedis
736 1896 1124 1940 Constantinopolitanae

224 1945 360 1979 invasor
373 1957 412 1979 ac
435 1946 592 1982 universae
606 1947 756 1982 Ecclefiae
778 1946 927 1985 turbator
953 1945 1114 1987 Photius,

225 1994 339 2029 scribit
362 1994 404 2029 ad
439 1997 623 2040 Episcopos
648 1997 841 2032 Gallicanos
863 1997 1027 2032 Nicolaus
1058 1999 1117 2041 pri·

227 2055 302 2081 mus
326 2069 333 2075 .
362 2045 516 2078 Gloriatur
537 2048 571 2080 δ’
589 2046 725 2088 perhibet
746 2066 763 2088 ι,
787 2049 908 2090 quando
933 2049 970 2082 de
980 2052 1125 2088 Romana·

225 2093 297 2133 urbe
320 2098 519 2136 Imperatores
548 2096 830 2138 Constantinopolim
848 2096 921 2140 sunt
936 2099 1091 2135 translati
1098 2116 1118 2137 ·,

216 2151 298 2178 {unc
306 2144 341 2178 &¹
354 2146 526 2178 Primatum
539 2149 685 2179 Romanae
698 2148 784 2179 sedis
794 2148 838 2180 ad
855 2147 1117 2189 Constantinopoli-

227 2244 283 2278 bus
294 2247 395 2286 Regiis
405 2249 499 2278 etiam
510 2248 655 2278 Romame
671 2249 699 2281 E
701 2246 804 2287 cclefiae
812 2247 975 2290 privilegia
989 2249 1117 2280 transla-

224 2304 264 2333 ta
271 2292 355 2336 fuisse
367 2318 378 2333 ‚
404 2296 451 2327 ita
462 2303 496 2327 ut
506 2294 636 2337 ejusdem
648 2295 786 2338 Ecclefiae
809 2295 931 2339 invasor
947 2296 1073 2330 Photius
1085 2295 1118 2340 fi*

225 2349 261 2382 jn
269 2342 391 2387 firiptis
407 2341 474 2387 fuis
486 2344 769 2388 Archi-Episcopum
793 2357 881 2388 atque
905 2346 1119 2381 Patriarcha'm

223 2392 426 2437 universalem
437 2395 568 2435 appellet
584 2423 591 2430 .
618 2397 709 2430 ldem
723 2397 844 2431 docent
855 2395 1032 2431 Matthaeus
1045 2397 1119 2431 Bla-

223 2444 346 2483 stares,
372 2456 411 2478 ac
433 2445 607 2488 praesertim
631 2446 731 2480 Anna
755 2447 950 2481 Comnena.
979 2452 1016 2479 In
1039 2447 1118 2480 banc

224 2498 356 2536 ,Regiam
377 2493 481 2527 urbem
494 2496 655 2528 translatis
676 2502 820 2538 imperio,
841 2495 972 2539 senatu,
1000 2506 1117 2540 totoque

224 2542 374 2587 senatorio
395 2545 502 2577 ordine
515 2568 526 2584 ‚
551 2547 723 2579 translatus
746 2553 818 2579 item
829 2545 866 2586 est
894 2545 1117 2589 Episcopalium

226 2592 343 2636 sedium
362 2594 453 2625 ordo:
480 2598 528 2626 Et
534 2592 699 2636 superiores
713 2601 915 2638 Imperatores
931 2602 1052 2637 primas
1062 2604 1117 2630 tri-

230 2642 356 2676 buerunt
363 2640 429 2684 sedi
441 2643 776 2687 Constantinopolitana-
788 2670 798 2685 ‚
825 2648 859 2679 Θ·
872 2648 1005 2679 maxime?
1030 2649 1114 2685 syno-

230 2693 291 2726 dus
313 2690 576 2735 Chalcedonensis,
602 2706 670 2737 quae
684 2695 1006 2737 Constantinopolitano
1033 2700 1117 2730 Anti-

228 2742 314 2784 stia,
341 2743 386 2775 ad
390 2744 568 2784 primam&
580 2743 731 2787 summam
737 2744 885 2788 speculam
911 2746 1009 2779 eveeio
1023 2770 1034 2786 ,
1060 2758 1119 2779 om-

233 2803 283 2825 nes
295 2797 383 2824 totius
404 2792 482 2826 orbis
505 2793 644 2837 Dioeceses
660 2793 790 2838 subjecit
810 2820 817 2828 .
846 2796 978 2829 Litterae
1004 2797 1119 2831 mulie-

229 2850 302 2876 rem
312 2852 449 2887 egerunt
462 2843 497 2879 in
510 2844 671 2879 insaniam
684 2852 694 2877 ⁵:
722 2846 891 2880 Necsunus
905 2844 1119 2880 Chalcedone

233 2892 419 2936 Episcopus
439 2892 662 2937 devejusmodi
683 2895 888 2930 exaltatione
909 2896 991 2930 sedis
1027 2895 1118 2931 Con-

229 2942 539 2986 stantinopolitanae
550 2945 602 2978 vel
614 2945 791 2980 somniavit·
800 2970 808 2978 .

284 2991 432 3038 Qintus
446 2993 595 3028 Canonis
615 2996 760 3029 excessus
770 2995 817 3030 est
828 2996 873 3031 in
886 2995 973 3030 hisce
988 2996 1094 3032 verbis
1108 3011 1119 3031 :

234 3045 368 3075 Pontica
378 3064 390 3081 ‚
416 3044 450 3077 (ν
461 3042 575 3085 Afianae
588 3069 598 3085 ,
626 3044 821 3080 &Thracica
833 3045 992 3089 Dioeceseos
1012 3051 1120 3080 Metro-

229 3092 361 3135 politum*
383 3090 440 3135 soli
462 3095 483 3125 ἱ
495 3093 610 3127 Throno
631 3094 965 3138 constantinopolitam
987 3096 1120 3139 Ecclefiae

229 3143 433 3182 ordinentur,
458 3145 700 3178 convenientibus
717 3147 758 3180 de
780 3152 861 3180 more
871 3146 972 3189 fac‘lis
995 3147 1121 3182 Elec‘lio-

234 3193 346 3232 nibus,
373 3194 408 3227 Θ
429 3195 474 3226 ad
494 3192 590 3237 ipsam
614 3196 736 3228 relatis.
766 3197 814 3230 Ea
835 3193 965 3240 respicit
988 3198 1121 3232 Sanetus

234 3242 309 3277 Leo
333 3244 368 3277 in
392 3242 508 3277 litteris
527 3243 567 3278 ad
579 3243 1009 3291 AnatoliumAEpiscopum
1031 3248 1119 3282 Con·

234 3291 591 3337 stantinopolitanum:
617 3299 728 3329 Omnes
751 3296 850 3330 trium
874 3297 1005 3332 istarum
1028 3297 1122 3332 Dim·

231 3344 356 3378 :ceseon
371 3346 593 3387 Metropolitum
604 3343 743 3388 Episcopi
757 3345 860 3380 bonone
867 3351 1031 3389 privantur
1040 3371 1048 3379 .
1076 3347 1120 3380 Et

229 3392 276 3431 ,in
299 3394 477 3429 litteris-ad
499 3393 706 3431 pulcheriam
727 3396 932 3441 Augustam:
960 3397 1121 3438 Superbum

234 3447 328 3478 nimis
338 3443 380 3486 est
401 3445 688 3489 &inum-{eratum,
715 3447 796 3480 ultra
801 3448 881 3490 fines
897 3453 1036 3490 proprios
1058 3455 1123 3483 ten·

1891 126 1978 157 111

1179 188 1263 227 dere,
1289 186 1511 227 &antiquitate
1520 187 1634 221 calcata
1653 190 1783 223 alienum
1799 193 1854 232 jus
1866 195 1941 226 velle
1947 199 2059 235 praeri-

1173 246 1244 280 pere
1257 261 1267 277 ‚
1292 245 1383 278 atque
1394 245 1428 269 ut
1446 241 1536 269 unius
1548 236 1656 280 crescat
1677 241 1811 284 dignitas
1825 267 1836 282 ,
1862 253 1905 276 tot
1916 247 2059 287 Metropo-

1178 289 1340 321 litanorum
1362 292 1536 332 impugnare
1549 289 1724 331 Primatus,
1750 290 1911 334 quietisque
1932 297 2059 328 Proun-

1176 343 1227 371 ciis
1250 335 1486 380 &olirnsanc‘lae
1507 339 1611 376 Synodi
1627 342 1824 375 moderatione
1844 341 1988 385 dispositis
2000 346 2058 378 bel-

1175 390 1236 422 lum
1257 399 1345 421 novae
1364 388 1602 429 perturbationis
1623 387 1750 429 inferre.
1779 393 1823 425 Et
1836 392 1868 426 in
1892 393 2006 428 litteris
2017 394 2058 429 ad

1178 438 1383 472 Mattianum
1395 437 1584 483 Augustum
1597 462 1604 469 .
1631 442 1706 471 Non
1719 443 1917 476 convellantur
1930 446 2059 478 Provin-

1177 489 1297 522 cialium
1312 490 1389 530 jura
1413 492 1605 527 Primatum,
1630 499 1681 522 nec
1697 493 1872 534 privilegiis
1892 497 2058 537 antiquitus

1177 539 1321 579 institutis
1346 541 1568 582 Metropolitani
1584 537 1768 581 fraudentur
1787 543 1954 582 Antistites.
1983 545 2058 579 Ete-

1178 590 1248 622 nim
1260 590 1437 624 secundum
1452 589 1666 633 Apostolicos
1677 614 1688 630 ‚
1716 591 1872 625 Nicaenos
1886 616 1895 631 ,
1920 595 1954 627 &
1966 595 2060 628 Con-

1176 639 1491 682 stantinopolitanos
1502 640 1660 675 Canones
1670 641 1770 674 trium
1782 640 1975 676 Dioeceseon
1990 645 2059 679 Pri·

1176 699 1278 724 mates
1290 699 1457 734 tamquam
1469 689 1690 734 Autocephali
1712 691 1730 725 a
1752 692 1881 735 propria
1895 693 2033 735 Synodo
2046 720 2057 736 ‚

1176 738 1217 773 ab
1239 738 1311 784 ipfis
1335 749 1447 774 autem
1471 741 1617 775 ordinari
1642 739 1764 775 debent
1786 741 1916 785 subjeffl
1943 752 2058 777 omnes

1176 790 1420 833 Metropolitae,
1446 801 1543 833 atque
1566 791 1610 824 ita
1622 791 1738 825 ambos
1749 791 1871 826 Canon
1893 793 2001 826 affecit
2015 793 2061 826 in·

1177 841 1259 885 signi
1281 839 1415 883 injuria.
1439 841 1524 889 Qae
1535 849 1645 874 tamen
1665 840 1791 884 sibiipsi
1816 854 1885 876 non
1898 842 2059 877 cohaeret.

1178 891 1311 925 Etenim
1335 891 1474 934 potestas
1484 889 1659 925 ordinandi
1679 891 1866 935 &potestas
1889 893 2062 936 judicandi

1177 942 1250 975 sunt
1272 941 1453 976 secundum
1480 942 1635 976 canones
1660 953 1820 976 connexae
1845 956 1855 976 :
1882 943 1926 977 Et
1949 951 2062 977 tamen

1178 992 1431 1034 Metropolitas,
1457 1003 1541 1035 quos
1562 1003 1671 1026 nonus
1692 992 1727 1025 ὅτ.
1740 992 1886 1026 decimus
1905 994 2062 1036 septimus

1178 1041 1370 1076 alternative
1391 1041 1563 1076 dumtaxat
1586 1042 1640 1076 vel
1660 1043 1679 1075 a
1703 1042 1890 1078 Dioeceseos
1915 1044 2063 1077 Primate

1179 1090 1229 1125 vel
1267 1091 1309 1124 ab
1333 1091 1498 1137 Episcopo
1524 1092 1901 1136 Constantinopolitano
1926 1094 2064 1129 mandat

1177 1139 1336 1184 judicari,
1362 1141 1418 1176 hic
1430 1142 1539 1176 noster
1550 1142 1672 1177 Canon
1689 1143 1846 1186 privative
1855 1143 1896 1177 ab
1910 1143 1973 1178 isto
1984 1143 2063 1187 Epi-

1179 1192 1278 1235 scopo
1301 1191 1391 1234 jubet
1403 1190 1565 1226 ordinari.

2077 420 2210 460 Epist.54.‘

1230 1243 1345 1275 Sextus
1358 1242 1510 1276 Canonis
1533 1252 1621 1275 error
1641 1241 1731 1276 estin
1744 1241 1832 1277 hisce
1852 1243 1979 1277 verbis:
2007 1244 2066 1277 Soli

1180 1292 1400 1333 Metropolitum·
1426 1317 1431 1322 .
1462 1293 1503 1325 Et
1530 1291 1581 1326 his
1609 1303 1616 1323 τ
1651 1296 1824 1335 Unoquoque
1846 1294 2066 1335 praedic‘larum

1181 1341 1343 1385 Dioeceseon
1370 1344 1599 1384 Metropolitano
1624 1353 1688 1375 cum
1712 1347 1886 1377 Provinciae
1908 1343 2065 1386 Episcopis

1180 1396 1351 1426 Provinciae
1362 1391 1523 1435 Epifi·opos
1545 1394 1725 1434 ordinante,
1752 1395 2001 1434 quemadmodum
2016 1397 2068 1426 Dl-

1180 1448 1266 1476 vinis
1277 1443 1453 1476 canonibus
1475 1442 1513 1483 est
1524 1445 1691 1476 traditum.
1720 1444 1857 1477 Etenim
1880 1445 1989 1478 sextus
2006 1443 2069 1477 Ca-

1182 1505 1252 1527 non
1274 1493 1432 1527 Nicaenus
1457 1494 1491 1527 &
1519 1493 1727 1536 Rescriptum
1753 1493 1941 1528 Innocentii
1970 1494 2068 1538 primi

1182 1543 1355 1577 pontificis
1374 1541 1415 1585 ad
1449 1542 1678 1576 Alexandrum
1700 1542 1924 1577 Patriarcham
1951 1544 2070 1577 Antio-

1182 1592 1325 1628 chenum
1349 1593 1441 1635 ajunt
1466 1593 1643 1627 nonsolos
1666 1593 1899 1636 Metropolitas
1919 1619 1930 1634 ,
1957 1594 2009 1628 sed
2034 1594 2070 1627 δε

1181 1643 1405 1677 Provinciales
1427 1644 1607 1686 Episcopos
1619 1643 1637 1676 a
1649 1641 1836 1678 Patriarcha
1856 1655 1912 1678 aut
1926 1643 2069 1678 Primate

1181 1692 1403 1729 ordinandos:
1430 1693 1573 1728 Vicinos
1593 1694 1611 1727 a
1632 1694 1761 1736 propria
1786 1694 1852 1737 ejus
1874 1705 1996 1735 manu,
2024 1705 2068 1728 re-

1182 1755 1290 1778 motos
1312 1744 1352 1778 ad
1373 1743 1443 1787 ejus
1456 1743 1579 1778 litteras
1601 1745 1654 1776 seu
1674 1743 1822 1786 praeviam
1844 1745 2071 1782 confirmatio-

1183 1806 1258 1828 nem
1280 1820 1287 1827 .
1316 1794 1361 1828 Et
1387 1794 1476 1838 quod
1500 1793 1602 1828 hocce
1629 1794 1708 1827 item
1735 1793 1994 1828 patriarchicum
2018 1794 2069 1836 jus

1179 1843 1331 1878 dilexerit
1343 1844 1523 1879 Anatolius
1534 1869 1545 1884 ,
1571 1843 1673 1887 liquet
1685 1855 1725 1877 ex
1737 1844 1964 1879 intercessione
1976 1844 2067 1877 AEtii

1178 1894 1247 1937 ejus
1259 1893 1526 1928 Archi-Diaconi
1549 1893 1699 1928 adversus
1718 1894 1846 1936 Synodi
1870 1895 2069 1930 sententiam

1179 1944 1220 1980 de
1247 1944 1472 1979 ordinatione
1499 1943 1655 1987 Episcopi
1681 1943 1970 1987 Bafiiinopolitani
1991 1956 2073 1978 con·

1181 1995 1323 2029 troversa
1353 1995 1439 2029 inter
1470 1994 1677 2028 Eunomium
1704 1993 1998 2029 Nicomediensem
2032 2006 2070 2028 ac

1182 2043 1390 2078 Anastafium
1417 2045 1671 2088 Metropolitam
1700 2043 1875 2078 Nicaenum
1900 2057 1907 2075 :
1935 2047 2072 2088 suggeri-

1181 2103 1247 2127 mus
1259 2094 1366 2135 vestrae
1375 2094 1608 2138 Magnificentiae
1631 2101 1768 2136 rogantes
1780 2117 1791 2133 ,
1816 2103 1850 2126 ut
1863 2094 1975 2127 nullum
1991 2103 2074 2136 prae-

1175 2146 1320 2185 judicium
1351 2144 1688 2186 constantinopolitana·
1710 2142 1895 2186 fhndliffimae
1922 2146 1991 2177 Sedi
2012 2144 2070 2185 fiat

1182 2206 1221 2228 ex
1244 2194 1292 2226 his
1320 2219 1330 2234 ‚
1354 2206 1423 2236 quae
1446 2205 1523 2227 nunc
1539 2193 1737 2235 proferuntur
1757 2206 1767 2236 3
1790 2192 1971 2236 sanllifflma
1991 2201 2070 2227 enim

1184 2244 1510 2286 constantinopolitana
1523 2243 1613 2288 sedes
1625 2252 1678 2276 aut
1698 2246 1914 2278 ordinationem
1936 2243 2003 2286 ipsa
2017 2244 2073 2285 fa-

1182 2300 1222 2328 cit
1241 2301 1274 2327 in
1286 2292 1476 2336 Bafilinopoli
1487 2318 1497 2334 ,
1523 2304 1576 2327 aut
1588 2305 1654 2326 eam
1667 2300 1822 2335 permittit
1830 2293 1895 2335 fieri
1908 2319 1918 2334 ,
1937 2293 2011 2335 ficut
2024 2296 2073 2327 lit-

1183 2349 1276 2384 teris,
1307 2344 1484 2387 quaefiunt‚
1512 2345 1565 2378 vel
1576 2343 1681 2385 fac‘lae
1697 2343 1771 2387 fient
1786 2342 1923 2387 saepiies,
1949 2344 2073 2385 ostende-

1181 2406 1212 2433 re
1219 2396 1385 2438 poffumus.
1419 2396 1550 2438 Nempe
1561 2394 1732 2438 quomodo
1756 2395 2075 2438 Metropolitarum,

1178 2445 1226 2478 'ita
1250 2445 1511 2479 provincialium
1537 2444 1777 2489 Episcoporum
1803 2445 2073 2479 confirmationes

1179 2494 1214 2528 δι’,
1235 2495 1477 2531 Ordinationes
1499 2495 1652 2529 invadere
1664 2495 1774 2529 conati
1798 2497 1927 2530 fuerant
1942 2495 2074 2538 Episco-

1181 2544 1214 2588 pi
1253 2545 1624 2589 Constantinopolitani
1653 2558 1662 2587 3
1698 2544 1812 2579 verum
1851 2546 2072 2587 quorumdam

1181 2595 1473 2638 Metropolitarum
1501 2595 1665 2638 oppofitio
1695 2595 1874 2629 successum
1897 2594 2070 2638 impediit,

1180 2643 1322 2688 ideoque
1337 2646 1426 2680 solos
1446 2644 1543 2679 hosce
1564 2645 1729 2679 Anatolio
1752 2645 1914 2688 adscripsit
1928 2645 2073 2685 Canon,

1180 2707 1217 2729 ac
1238 2695 1284 2728 ita
1305 2696 1337 2728 in
1353 2696 1531 2731 Ecclesiam
1545 2695 1678 2729 induxit
1701 2695 1811 2729 nescio
1837 2695 1926 2738 quod
1939 2694 2004 2729 huc
2023 2696 2074 2728 us-

1181 2755 1245 2787 que
1264 2745 1409 2779 invisum
1421 2745 1617 2780 Patriarchae
1629 2746 1831 2784 monstrum,
1856 2746 1910 2788 qui
1927 2745 2073 2790 fingulos

1181 2794 1239 2832 fibi
1252 2795 1411 2838 subje&os
1426 2797 1604 2840 Episcopos
1618 2807 1677 2830 nec
1688 2796 1838 2830 ordinare
1854 2796 1960 2839 poffet
1971 2819 1984 2836 ,
2010 2806 2073 2829 nec

1181 2844 1287 2879 ullum
1310 2846 1467 2890 privative
1476 2846 1619 2890 judicare
1629 2871 1636 2877 .

1231 2896 1396 2937 Septimus
1411 2897 1565 2930 Canonis
1577 2897 1721 2930 excessus
1742 2897 1786 2930 est
1801 2897 1835 2929 in
1848 2895 1935 2930 hisce
1948 2893 2051 2930 verbis
2063 2908 2076 2929 .-

1181 2943 1320 2987 Epiftopi
1338 2947 1557 2988 praedicq‘arum
1592 2945 1752 2989 Dioeceseon
1765 2971 1776 2986 ,
1817 2957 1884 2988 quae
1901 2944 1975 2989 sunt
1998 2951 2076 2978 inter

1182 2995 1333 3029 Barbaros
1348 3022 1359 3037 ,
1393 2999 1414 3029 a
1444 2997 1560 3030 Throno
1594 2996 1924 3039 Constantinopolitanae
1946 2995 2076 3037 Ecclefiae

1181 3047 1371 3079 ordinentur.
1409 3047 1503 3095 Qid
1525 3048 1588 3082 fint
1614 3047 1759 3081 Ecclefiae
1789 3046 1977 3087 barbaricae,
2003 3046 2076 3080 dixi

1183 3095 1273 3138 supra
1295 3096 1336 3130 ad
1348 3097 1505 3131 Canones
1519 3098 1908 3141 Constantinopolitanos
1922 3121 1932 3136 ‚
1957 3093 2076 3129 lucide-

1182 3156 1244 3189 que
1256 3155 1343 3189 patet
1368 3158 1411 3180 ex
1431 3147 1567 3189 joannis
1586 3147 1779 3182 Patriarchae
1803 3145 2010 3182 Antiocheni
2038 3155 2077 3179 ac

1182 3196 1297 3238 ejusin
1320 3195 1483 3239 Ephefina
1506 3198 1643 3240 Synodo
1667 3197 1818 3232 fafflonis
1836 3196 2013 3231 Relatione
2035 3192 2077 3228 ad

1154 3242 1157 3249 ’
1183 3243 1413 3279 Theodosium
1447 3247 1652 3291 Augustum:
1674 3247 1798 3293 Justum
1821 3246 1880 3286 est,
1914 3254 1946 3278 ut
1972 3249 2076 3279 Pietas

1185 3295 1303 3337 vestra,
1328 3296 1560 3339 quaeEcclesiam
1573 3297 1721 3340 Persidis,
1746 3299 1781 3331 ὁ·
1802 3307 1903 3329 earum
1917 3319 1927 3336 ‚
1951 3307 2018 3339 quae
2032 3301 2078 3328 in·
2095 3286 2121 3314 Ρ·
2142 3290 2209 3321 456·

1184 3357 1227 3380 ter
1252 3346 1405 3380 Barbaros
1418 3346 1491 3391 sunt
1505 3373 1515 3389 ‚
1540 3348 1745 3391 curamgeffit,
1773 3345 1917 3388 Ecclesias
1931 3370 1942 3386 ‚
1966 3358 2034 3389 quae
2045 3352 2078 3379 in

1185 3400 1381 3430 Romanorum
1413 3402 1586 3441 Principatu
1614 3397 1772 3438 jaHantur
1784 3421 1794 3437 ,
1830 3408 1888 3430 non
1925 3398 2052 3441 negligat
2069 3421 2077 3428 .

1190 3446 1349 3491 Easjuxta
1358 3448 1520 3493 propriam
1531 3447 1802 3484 consuetudinem
1826 3447 1935 3493 quoad
1956 3446 2078 3488 judicia

1904 3498 1938 3532 ὅ(
1949 3507 2027 3531 con-
