2340 3736
444 87 530 129 Axi>
566 91 1038 127 SACROSANCT.UM
1073 71 1430 121 Coucuxun
1466 73 1840 125 EPHESINUMJ

1912 97 2006 142 203

266 160 436 202 nunciaxiit
449 178 460 198 .·
486 170 559 199 Haec
579 158 803 200 reverendiffimt
822 160 995 202 piiffimique
1010 157 1142 190 Cartha·
1159 159 1164 185 1
1206 153 1432 195 constitutionem
1459 154 1600 189 haetenus
1625 158 1814 202 obfhrvaeam
1834 170 1890 196 non
1903 164 2033 198 intravi.»
2043 171 2077 200 in

263 219 351 261 ginis'
365 212 502 256 Episcopi
525 213 662 253 Capreolt
673 210 806 253 Epistola
817 233 828 249 ,
853 211 917 242 cum
930 210 1094 242 dilucidam
1105 214 1138 240 tn

263 266 298 312 se
313 264 494 309 ‚sententiam
514 268 685 302 contineat,
708 261 779 303 fidei
803 259 950 300 Gestorum
970 257 1138 301 inseratur.

260 315 338 350 Vult
361 319 440 347 em'm
458 317 582 354 antiqua
597 310 670 353 fidet
689 312 829 354 dogmata
843 311 1009 349 confirmari
1023 332 1034 348 ,
1060 318 1139 340 novae

258 366 339 398 <verb
360 365 394 397 (5·
413 360 538 405 absurde*
559 367 744 405 excogitata,
771 362 806 394 Θ
825 360 915 400 imple
926 359 1083 400 divulgata
1097 368 1140 390 re-

262 413 387 457 probari
406 415 440 446 (θ’
447 410 590 455 proftribt
599 437 606 444 .
634 413 702 445 Res
714 409 810 444 semel
822 408 863 442 ab
874 408 1013 441 Ecclesia
1026 406 1142 441 defini·

265 474 316 498 tas
329 475 387 497 nec
399 462 417 495 ὲ
426 462 565 506 generali
577 461 714 505 Synodo
726 458 883 494 retraetari
896 458 983 500 posse
995 456 1140 490 ostendit

263 514 431 557 eleganter
444 512 588 555 Epistola
598 537 609 552 ,
637 510 774 551 ideoque
791 509 909 542 San-sto
922 506 1052 549 Cyrillo
1064 506 1142 549 Epi-

266 563 355 606 scopi
377 573 493 596 omnes
514 560 736 597 adclamarunt
763 570 771 590 :
807 561 865 590 Hae
885 561 1011 589 omnium
1034 566 1141 594 voces,

266 612 331 646 baec
353 623 451 646 omnes
470 611 619 656 asserimus
630 634 643 651 ,
667 608 718 642 boc
738 605 913 647 omniumtst
927 615 1044 640 votum.
1074 606 1140 638 Ex-

265 662 362 706 ponit
383 660 529 705 Epistola
550 669 673 695 meram
692 656 801 693 Sancti
823 656 1055 701 Augustinide
1068 656 1138 689 Do-

264 713 394 746 minicae
405 709 640 745 Incarnationis
650 709 861 742 sacramento
872 707 1054 740 dostrinam
1064 731 1076 746 ,
1096 705 1138 740 de

265 773 328 805 qua
349 761 417 804 ejus
427 758 528 794 hostis
543 783 553 799 ,
579 757 692 801 utpote
704 756 806 790 homo
816 755 1113 800 Semi-pelagianus
1126 779 1138 796 ,

264 811 399 845 Faustus
410 809 566 854 Regenfis
586 808 767 851 Episcopus
787 807 823 841 in
844 806 959 841 litteris
977 805 1017 839 ad
1028 806 1137 839 nescio

264 871 365 905 quem
387 859 584 903 Gregorium
602 857 837 891 Nestorianum
850 870 861 890 .·
886 861 923 889 In
934 858 1057 897 Scriptis
1067 853 1136 898 san-

264 911 306 943 at
323 906 474 950 Pontificts
499 908 650 952 Augustini<
661 906 857 949 etiamfiqut'd
864 907 897 940 in
924 905 1058 939 Divinae
1068 915 1137 949 gra-

263 961 319 994 tiae
337 959 469 993 materia
476 968 604 1002 putatur
614 958 700 1000 apud
709 963 790 991 viros
802 956 969 997 dot‘lifflmos
980 955 1030 998 ,effe
1037 953 1137 998 suspe-

264 1010 343 1042 llum
353 1032 364 1048 ‚
388 1021 427 1042 ex
438 1008 486 1042 bis
497 1034 507 1050 ,
533 1020 603 1051 quae
613 1009 791 1041 damnanda
793 1005 937 1047 judicasti
950 1030 961 1046 ,
987 1004 1067 1038 nibil
1088 1017 1137 1038 no-

261 1065 347 1092 veris
365 1057 591 1102 reprehensum,
610 1057 669 1101 secl
682 1058 756 1101 fidei
771 1052 889 1100 sensum
902 1081 913 1097 ,
938 1057 1070 1088 maxime
1095 1056 1132 1088 d'e

264 1109 381 1143 duabus
399 1107 572 1152 substantiis
594 1110 647 1148 vel
654 1112 770 1144 naturis
783 1110 842 1144 Dei
852 1108 886 1140 &²
898 1105 1027 1144 hominis
1040 1129 1052 1145 ,
1077 1106 1134 1137 Do-

264 1165 342 1191 mint
362 1163 397 1195 ό·
418 1161 624 1201 Redemptoris
645 1157 730 1199 nostri
743 1182 755 1198 ‚
776 1155 850 1200 scito
860 1157 945 1198 apud
952 1151 1136 1188 catholicam
1163 1201 1165 1204 ι

263 1206 422 1250 nonfhlum
435 1212 563 1242 Patrum
573 1208 749 1241 auc‘lorttate
755 1205 923 1250 susceptum
933 1229 947 1248 ‚
966 1203 1028 1251 sed
1046 1209 1137 1240 etiam

263 1255 428 1300 apostolicis
439 1256 566 1291 oracults'
578 1256 771 1300 consecratum
782 1281 790 1289 .

262 1327 267 1329 „
311 1306 358 1342 Et
369 1306 447 1342 hiae
460 1318 511 1342 tot
521 1306 785 1342 attestationibus
795 1305 838 1341 de
856 1302 1006 1341 Nestorii
1023 1313 1137 1340 contu-

261 1358 369 1393 macia
388 1369 427 1393 ac
448 1357 637 1402 blasphemo
656 1356 813 1402 dogmate
839 1355 1014 1391 certificata
1039 1379 1051 1396 ,
1076 1365 1137 1389 nec

261 1418 334 1443 non
355 1419 412 1452 per
429 1408 533 1443 sacros
545 1407 698 1442 Canones
718 1407 860 1441 &fausti
870 1405 975 1439 Patris
986 1405 1033 1438 sui
1044 1404 1137 1438 Cele-

262 1456 342 1491 stini
363 1457 535 1493 Pontificis
554 1457 678 1492 litteras
690 1456 857 1501 compulsa
869 1456 1021 1498 synodus
1031 1455 1136 1498 ipsslm

260 1505 473 1552 degradavit,
499 1507 621 1542 laudati
644 1507 819 1542 Pontificis
839 1506 1013 1541 sententias
1022 1516 1064 1539 ex
1078 1505 1137 1547 Sy-

260 1556 427 1593 nodorum
437 1558 637 1604 generalium
651 1567 744 1591 more
752 1557 967 1590 confirmans.
998 1555 1042 1589 Et
1064 1554 1138 1587 insi·

261 1607 323 1652 gni
345 1618 424 1642 tunc
445 1610 595 1643 sermone
614 1607 793 1650 Deiparam
805 1606 979 1651 Virginem
990 1602 1137 1649 praedica-

261 1668 338 1692 tunt
358 1659 489 1693 Sanctus
512 1657 656 1700 cyrillus
673 1657 707 1690 δε
737 1655 911 1700 Rheginus
935 1655 1135 1699 Cypriorum

261 1706 478 1750 Metropolita
491 1706 748 1741 Constantienfis
759 1730 767 1737 .
793 1706 890 1741 Facta
901 1706 981 1739 item
995 1703 1040 1739 est
1051 1729 1062 1745 ‚
1078 1701 1135 1738 »sed

259 1756 407 1797 sequenti
418 1758 472 1792 die
482 1781 493 1797 ‚
520 1756 685 1790 sententiae
694 1755 874 1789 insinuatio
886 1766 924 1789 ac
935 1754 1133 1798 publicatio,

260 1802 395 1841 Relatio
417 1807 459 1841 ad
480 1805 668 1849 Principes,
692 1804 941 1849 divulgatioque
951 1815 1006 1848 per
1017 1813 1132 1838 omnes

259 1856 408 1891 Ecclefiae
426 1856 590 1891 Dioeceses
608 1880 614 1887 .
643 1853 804 1889 Eamdem
830 1856 965 1889 Sanetus
986 1852 1133 1896 Cyl-illus

259 1917 322 1940 nec
344 1917 414 1940 non
432 1906 467 1939 δε
489 1906 554 1949 ipsa
575 1903 728 1948 Synodus
738 1904 780 1939 ad
792 1902 1132 1947 Constantinopolita-

259 1967 342 1990 num
352 1967 389 1990 ac
403 1955 666 1990 Alexandrinum
678 1953 813 1988 clerum
823 1954 857 1987 &
869 1954 1026 1999 populum
1039 1963 1132 1997 ,imo-

258 2003 505 2048 nachorumque
525 2005 561 2038 in
585 2003 740 2048 AEgypto
761 2004 896 2045 Patres,
921 2003 978 2038 alii
998 2001 1038 2037 ad
1051 2002 1133 2037 alios

257 2053 523 2097 transcripserunt
547 2076 555 2085 .
588 2052 738 2087 Eccleliae
757 2052 1133 2096 Constantinopolitanae

256 2104 471 2143 OEconomis,
506 2115 548 2137 ne
570 2103 639 2146 ejus
663 2102 752 2136 bona
772 2102 955 2146 diripienda
976 2102 1132 2136 Nestorio

259 2155 486 2196 permitterent
499 2178 510 2193 ‚
535 2152 580 2187 est
595 2151 771 2195 specialiter
780 2150 1023 2187 demandatum.
1038 2151 1131 2199 Qas

259 2213 375 2237 omnes
395 2203 556 2247 Epistulas
578 2201 736 2235 Actorum
749 2202 958 2244 synodalium
976 2202 1133 2246 Digestor

259 2253 430 2296 adjunxit.
458 2253 489 2287 A
512 2252 587 2287 solis
606 2262 682 2286 ortu
703 2251 801 2295 usque
811 2252 851 2286 ad
864 2253 994 2285 nouem
1006 2250 1132 2285 duravit

258 2302 360 2336 Actio
370 2327 381 2344 ,
407 2302 498 2345 cujus
508 2302 689 2346 gloriosum
709 2312 784 2335 cum
798 2302 997 2345 proceffione
1009 2300 1132 2334 exitum

261 2351 354 2396 supra
372 2352 557 2387 audivimus
568 2353 586 2385 a
609 2352 724 2384 Sansto
739 2350 868 2394 Cyrillo
881 2377 888 2384 .
915 2349 970 2388 Ad
988 2350 1133 2384 Ecclefiae

260 2403 371 2437 valvas
391 2401 533 2437 adfixam
546 2426 556 2441 ,
578 2402 614 2435 ’δε
635 2402 653 2434 ὲ
675 2400 888 2435 Candidiano
913 2401 1047 2435 Comite
1066 2400 1135 2434 refi-

260 2462 337 2486 xam
350 2452 543 2487 sententiam
556 2448 724 2493 quomodo
745 2462 800 2495 per
810 2450 951 2493 compita
966 2450 1135 2485 ebuccina—

260 2501 288 2535 ri
301 2502 423 2547 jufferit
433 2501 585 2547 Synodus
597 2525 608 2542 ,
635 2499 725 2547 supra
734 2499 779 2534 est
789 2500 920 2536 abunde
931 2500 1053 2536 dietum
1067 2525 1074 2535 .

294 2726 404 2776 Adia
417 2725 670 2793 fihffmatz'ca
683 2734 839 2784 Joannz‘s
865 2725 1099 2777 Patriarchae

569 2798 784 2848 Antiochem'
800 2836 812 2848 .

256 3015 258 3018 ψ
319 3004 394 3027 cum
413 3018 423 3034 ‚
450 2994 619 3028 civitatem
641 2991 837 3037 Ephefinam
859 2995 991 3029 intravit
1017 2994 1125 3029 hostili

253 3043 370 3078 animo
382 3067 392 3082 ,
418 3045 469 3076 uti
487 3054 587 3086 nuper
599 3043 999 3088 Constantinopolitanam
1012 3044 1124 3079 Theo·

255 3090 365 3135 philus
375 3091 561 3126 Patriarcha
574 3091 817 3127 Alexandrinus
829 3119 840 3135 ‚
867 3095 908 3128 de
918 3105 985 3139 quo
996 3095 1036 3129 ad
1048 3095 1124 3129 San-

253 3142 345 3176 ctum
365 3141 563 3176 Pontificem
590 3142 820 3178 Innocentium
852 3145 993 3186 primum
1015 3142 1123 3179 scribit

256 3191 398 3235 Ioannes
415 3191 668 3234 chrysostomus
680 3206 691 3226 .-
716 3192 896 3234 Theophilus
917 3194 1032 3227 collet‘la
1052 3196 1123 3227 mul-

254 3242 382 3274 titudine
403 3239 611 3284 Episcoporum
635 3254 693 3275 non
699 3250 858 3283 paucorum
868 3242 923 3276 huc
936 3249 1039 3282 venit,
1066 3256 1122 3286 quo

252 3291 398 3331 praeludio
423 3291 507 3334 quast
525 3292 674 3325 declarare
700 3292 818 3325 volebat
838 3291 872 3334 se
894 3294 938 3325 ad
957 3293 1063 3325 bellum
1089 3294 1122 3326 &

255 3345 346 3372 aciem
363 3348 482 3389 pergere
494 3364 502 3373 .
529 3342 662 3383 Cumque
682 3347 715 3374 tn
726 3353 866 3384 magnam
876 3343 975 3375 urbem
985 3341 1123 3382 Constan-

255 3390 405 3431 tinopolim
427 3390 564 3434 ingressus
583 3391 651 3434 effe:
675 3415 685 3431 ‚
714 3393 811 3431 juxta
838 3389 1069 3434 consuetudinem
1091 3393 1124 3426 (5

339 3458 352 3473 -4
370 3438 474 3479 Christ.
489 3443 566 3482 Lupi
577 3446 658 3483 Opcr.
675 3444 794 3474 Tom.11.

257 2943 441 3055 JOannes
463 2942 647 2978 patriarcha
680 2942 909 2979 Antiochenus
935 2943 1060 2988 Synodi
1084 2944 1129 2979 lo-

1204 203 1356 246 Ecclefiam
1368 229 1380 245 ,
1407 216 1499 247 neque
1522 207 1566 238 ad
1583 218 1634 240 nos
1646 211 1774 250 acceffit,
1800 221 1891 254 neque
1896 222 2076 258 participem

1197 253 1233 297 se
1247 255 1325 296 fecit
1350 257 1403 289 vel
1418 253 1589 298 sermonis,
1615 260 1668 291 vel
1679 268 1820 302 precum,
1844 263 1896 295 vel
1903 272 2077 298 communio-

1204 310 1252 337 nis
1264 329 1275 346 ,
1297 303 1356 348 sed
1375 307 1498 349 egressus
1521 307 1538 339 ἒ
1559 311 1637 338 navt
1649 330 1659 345 ,
1684 310 1718 341 Za·
1733 310 1929 353 praetercurfis
1941 314 2075 355 Ecclefiae

1202 353 1352 394 vestibulis
1365 378 1375 394 ,
1400 354 1505 388 alicubi
1526 365 1617 389 extra
1637 356 1737 390 urbem
1760 360 1930 404 diversatus
1942 362 2003 403 est,
2028 371 2076 395 ta-

1201 403 1284 446 metfi
1302 416 1353 437 nos
1372 406 1534 446 plurimum
1556 404 1766 448 obsecraremus
1789 411 1823 442 <it
1837 409 1930 454 spsum
1942 436 1953 452 ,
1982 414 2076 446 &eos

1201 461 1252 495 qut
1274 463 1344 488 ante
1367 453 1462 498 ipsum
1483 457 1692 496 adveneram,
1719 465 1754 489 ut
1773 462 1856 499 apud
1875 473 1927 494 nos
1938 463 2074 497 diverte.

1201 513 1289 537 rent.
1315 508 1419 538 Erant
1430 511 1509 538 enim
1519 504 1705 548 diverfhria,
1733 506 1767 538 (9⁴
1790 515 1889 542 omnia
1898 513 1978 551 alia,
2003 524 2073 555 que

1200 554 1374 594 oportebat,
1398 554 1638 595 beneinstrutta.
1668 560 1706 588 At
1720 567 1812 598 neque
1822 557 1865 589 illi
1878 583 1889 599 ,
1914 571 2003 602 neque
2023 564 2073 595 ille

1199 602 1283 635 nobis
1303 616 1410 651 morem
1428 606 1573 649 gerebant
1585 631 1592 638 .
1620 606 1704 639 Haec
1723 606 1837 640 omnia
1850 607 1992 643 fraterna·⁴
2002 609 2074 645 cha-

1200 653 1303 686 ritatis
1321 654 1355 686 δε
1376 653 1512 689 honoris
1522 656 1631 690 officia
1642 656 1741 690 etiam
1753 656 1873 700 Ioanni
1885 655 2075 693 patriarchas

1201 703 1429 746 impenderunt
1441 706 1573 740 Sanstus
1585 705 1729 749 Cyrillus
1743 706 1778 739 &
1792 707 1958 740 Memnon
1971 705 2076 750 Ephe-

1200 752 1318 787 fiotum
1342 753 1544 798 Episcopus3
1570 755 1616 788 ast
1637 755 1694 789 ille
1705 755 1750 789 est
1762 754 1993 799 Theophilum
2007 757 2075 791 imi-

1200 810 1287 837 tatus
1303 827 1310 834 .
1337 803 1435 838 Hinc
1456 804 1589 838 interim
1608 805 1761 838 discimus
1781 805 1921 840 advenas
1944 806 2079 850 Episco⁴=

1201 863 1258 895 pos
1268 853 1361 886 fuiffe
1373 853 1454 888 olim
1467 853 1609 898 primum
1620 854 1660 888 ad
1672 854 1849 893 Ecclesiam
1862 854 2029 898 dedustos,
2043 857 2077 891 &-

1202 904 1236 935 in
1247 903 1435 947 Episcopali
1449 904 1570 948 palatio
1582 903 1780 948 hospitatost
1865 942 1869 946 ,
2072 933 2077 938 ·

1250 952 1390 995 Joannes
1410 954 1511 999 igitur
1533 966 1575 989 ex
1588 954 1705 989 itinere
1714 954 1822 990 adhuc
1834 956 2077 1000 pulverulentus

1201 1013 1279 1036 mox
1302 1003 1337 1037 in
1358 1004 1417 1038 suo
1442 1002 1616 1039 diversorio
1636 1005 1714 1041 fecit
1738 1003 1979 1042 schismaticum
1999 1019 2078 1042 con·

1203 1052 1404 1087 venticulum
1428 1076 1440 1092 ,
1474 1055 1507 1088 &
1536 1055 1680 1089 Comitis
1710 1055 1909 1090 Candidiani
1930 1057 2078 1092 adversus

1202 1102 1310 1145 primae
1331 1102 1484 1137 Actionis
1502 1104 1592 1147 gesta
1613 1105 1793 1139 mendaciis
1811 1105 1931 1141 auditis
1950 1107 2075 1142 edixit:

1202 1155 1355 1196 Legamur
1375 1152 1409 1185 6·
1428 1152 1511 1185 nobis
1527 1158 1593 1195 piae
1613 1156 1742 1188 litterae.
1767 1155 1896 1190 Sacram
1921 1156 2077 1191 Divalem

1202 1203 1335 1246 spretam
1348 1226 1360 1242 ,
1387 1202 1452 1236 sese
1472 1202 1644 1246 expulsum
1668 1229 1680 1245 ,
1706 1215 1744 1239 ac
1767 1205 1822 1239 sua
1842 1206 1878 1239 ἅτ
1896 1206 2077 1241 multorum

1201 1251 1438 1296 Episcoporurn
1460 1252 1691 1296 protestatione
1714 1265 1784 1289 non
1805 1263 1927 1290 attenta
1957 1267 2077 1292 vanam

1199 1302 1326 1345 Synodi
1339 1301 1477 1345 speciem
1494 1301 1588 1337 fuisse
1610 1302 1629 1337 a
1650 1303 1782 1347 OEyrillo
1794 1313 1988 1340 attentatam
1998 1317 2079 1350 que-

1201 1351 1264 1386 stus
1289 1352 1393 1386 fuerat
1411 1351 1660 1393 Candidianus,
1688 1352 1825 1396 ideo‘que
1843 1355 1933 1397 quasi
1956 1365 2078 1389 novam

1199 1401 1371 1445 Synodum
1384 1400 1593 1438 inchoaturus
1607 1404 1748 1447 Joannes
1758 1403 1844 1446 juffit
1853 1403 1912 1438 fibi
1922 1414 2000 1439 ante
2006 1415 2084 1439 om·

1202 1453 1255 1486 nia
1276 1452 1405 1486 Sacram
1426 1452 1627 1488 directricem
1651 1452 1716 1498 legi
1734 1479 1742 1486 .
1768 1454 1956 1494 Sant‘liffimis
1977 1464 2078 1489 autem

1201 1500 1354 1545 Epifhopts
1366 1525 1377 1541 ,
1403 1502 1509 1544 inquit
1520 1503 1642 1546 pseudo
1655 1505 1799 1537 actorum
1810 1504 1965 1548 Digestor
1977 1528 1989 1544 ,
2012 1516 2079 1538 con-

1194 1550 1381 1595 surgentibus
1392 1574 1404 1591 ‚
1427 1553 1723 1596 magnificentifflmus
1749 1557 1852 1586 Comes
1863 1554 2077 1587 candidianus

1198 1603 1286 1644 legit.
1316 1600 1370 1635 Ad
1394 1602 1496 1636 Sacrae
1516 1602 1688 1636 lectionem
1709 1603 1875 1637 surrexisse
1895 1614 1934 1638 ac
1958 1603 2077 1638 stetiffe

1200 1652 1379 1695 Episcopos
1400 1676 1411 1691 ,
1436 1663 1485 1686 res
1509 1651 1553 1686 est
1578 1651 1724 1686 inaudita
1753 1666 1764 1686 :
1790 1651 1847 1686 Ad
1871 1651 2077 1696 exequendas

1199 1702 1266 1735 suas
1287 1713 1346 1745 pro
1367 1702 1523 1735 Nestorio
1542 1700 1690 1736 adversus
1700 1703 1812 1737 Deum
1823 1701 1995 1737 machinas
2008 1702 2079 1737 vio·

1197 1751 1286 1786 lenta
1313 1751 1389 1785 laici
1415 1750 1575 1794 Principis
1600 1752 1634 1785 δε
1661 1753 1805 1786 Comitis
1832 1763 1931 1786 manu
1956 1752 2075 1797 egebat

1197 1801 1337 1843 Ioannes
1368 1800 1556 1836 Patriarcha
1582 1825 1594 1841 ,
1630 1801 1769 1844 ideoque
1807 1801 1871 1836 isto
1894 1802 2076 1846 peccatoris

1195 1850 1272 1884 oleo
1307 1875 1320 1892 ,
1345 1849 1509 1891 synodalis
1534 1851 1708 1894 majestatis
1728 1850 1850 1885 oblitus
1870 1876 1882 1893 ‚
1911 1852 2077 1894 utriusque

1198 1909 1297 1943 caput
1317 1901 1460 1943 perfudit
1474 1925 1482 1933 .

1245 1950 1376 1985 Leaam
1411 1950 1540 1985 Sacram
1560 1949 1756 1985 faustiffimis
1783 1949 2075 1986 acclamationibus

1195 1998 1401 2034 honorarunt
1423 1999 1607 2043 Episcopi,
1634 2012 1671 2035 ac
1692 2002 1727 2034 in
1737 2001 1805 2043 ejus
1819 2001 2076 2044 praevaricatores

1195 2049 1337 2094 graviter
1356 2050 1498 2083 investns
1523 2050 1568 2084 est
1592 2051 1732 2093 Joannes
1753 2074 1764 2090 ,
1789 2061 1861 2083 eam
1881 2050 2076 2085 adamuffim

1196 2100 1317 2132 servare
1337 2099 1512 2142 professus,
1540 2100 1574 2132 ὅ(
1595 2099 1636 2132 de
1650 2099 1807 2133 damnato
1819 2098 1978 2133 Nestorio
1988 2099 2075 2134 Can-

1196 2147 1367 2183 didianum
1388 2149 1610 2190 percunctatus
1641 2162 1648 2180 :
1676 2148 1912 2189 Convu‘tumne‚
1939 2161 1980 2182 an
2004 2145 2076 2182 ver-8

1196 2197 1311 2230 indata
1321 2196 1408 2240 causa
1428 2202 1530 2230 virum
1543 2199 1802 2231 condemnarunt?
1827 2196 1883 2231 Ad
1907 2210 1976 2241 quae
1986 2198 2075 2232 Can·

1196 2245 1366 2282 didimus:
1394 2249 1463 2280 Sine
1486 2249 1543 2280 ullo
1558 2247 1683 2289 prorsus
1699 2252 1843 2280 examine
1865 2271 1877 2288 ,
1903 2249 1938 2282 Θ
1963 2246 2075 2290 absquo

1195 2298 1293 2339 aliquo
1304 2297 1421 2338 ‚iudicio
1442 2296 1506 2330 baec
1527 2297 1567 2329 ab
1586 2298 1646 2330 illis
1658 2296 1810 2338 constituta
1815 2295 1887 2339 sunt
1900 2322 1907 2329 .
1935 2297 2014 2331 Ubi
2028 2308 2078 2331 re-

1196 2348 1243 2382 ἂὲ
1264 2345 1459 2381 scholiastes
1495 2346 1682 2390 marginalis
1711 2360 1718 2379 :
1754 2347 1996 2388 Impudentzffime
2028 2346 2075 2381 hic

1196 2402 1336 2431 mentitur
1355 2397 1568 2430 Candidianus
1587 2422 1593 2429 .
1621 2396 1741 2441 Liquet
1767 2396 1801 2431 id
1814 2394 1943 2432 abunde
1954 2408 1995 2431 ex
2008 2395 2074 2431 huc

1195 2449 1295 2492 usque
1318 2446 1427 2480 dictis.

1244 2497 1460 2533 Mendacium
1486 2497 1659 2533 mendacio
1685 2497 1809 2534 addidit
1836 2499 1980 2542 Joannes
2014 2497 2072 2532 Pa-

1142 2540 1144 2542 *
1196 2546 1354 2583 triarcha:
1380 2551 1459 2582 sane
1476 2556 1567 2583 etiam
1579 2550 1653 2588 illa,
1678 2553 1789 2590 quaein
1802 2546 2071 2591 nostrapraesentia

1192 2599 1359 2643 gefferunt,
1386 2599 1435 2631 hir
1458 2600 1588 2632 maxime*
1604 2598 1731 2639 fuerunt
1754 2595 1966 2639 consentanea.
1996 2597 2072 2630 Cum

1193 2655 1272 2681 enim
1295 2648 1458 2691 oportuiffltt
1469 2672 1481 2688 ,
1505 2658 1539 2681 ut
1560 2649 1626 2681 illos
1640 2672 1651 2687 ‚
1677 2649 1753 2690 quie
1765 2655 1829 2680 tam
1849 2647 2010 2690 longinqua
2017 2654 2072 2688 pe-

1194 2703 1390 2741 regrinatione
1407 2699 1481 2738 jam
1500 2707 1562 2730 tum
1584 2708 1681 2731 recens
1696 2698 1881 2731 advenerant
1893 2721 1904 2737 ,
1923 2696 2070 2737 fraterni?

1193 2747 1447 2789 complellerentur
1460 2772 1470 2788 ,
1492 2749 1674 2790 pulvereque
1698 2746 1795 2781 adbuc
1814 2744 1977 2789 conspersos
1990 2745 2071 2779 bem·-

1189 2799 1248 2841 gne*
1268 2799 1303 2831 ὦ·
1324 2798 1443 2831 comiter
1459 2803 1651 2839 exciperent,
1677 2808 1712 2830 ac
1722 2796 1918 2839 refhcillarent
1925 2795 2069 2837 fraterno

1193 2847 1314 2889 adfec‘lu
1327 2871 1338 2887 ,
1364 2847 1555 2880 tumultuario
1578 2853 1689 2889 impetu
1702 2847 1807 2888 statlm
1826 2847 1872 2879 ad
1888 2856 1940 2878 no:
1950 2853 2071 2887 pertur-

1192 2897 1306 2930 bandos
1332 2903 1481 2930 irruerunt
1494 2921 1505 2937 ,
1531 2895 1753 2940 consuetamque
1777 2895 1958 2939 insolentiam
1971 2897 2004 2929 &
2015 2901 2073 2927 im-

1191 2946 1359 2987 modestiam
1379 2954 1494 2988 apertis
1520 2948 1639 2980 indiciis
1660 2946 1853 2980 declararunt
1881 2971 1889 2978 .
1916 2949 2071 2978 Verumta-

1192 3008 1257 3030 men
1265 2995 1375 3039 sanc‘la
1387 2998 1535 3035 synodus,
1559 3008 1626 3038 quae
1633 3007 1741 3029 mecum
1756 2997 1863 3029 aderat
1875 3020 1885 3036 ,
1910 3005 1961 3028 nec
1983 3005 2070 3028 aures

1192 3047 1238 3079 hls
1263 3046 1418 3081 adhibuit.
1446 3050 1499 3078 Ea
1518 3056 1631 3087 quoque
1651 3052 1683 3078 in
1693 3044 1769 3089 ipsos
1773 3045 1886 3086 statuet
1897 3056 1964 3086 quae
1976 3050 2008 3077 in
2020 3055 2067 3077 eos

1191 3098 1304 3129 decerni
1320 3103 1382 3136 par
1403 3100 1459 3127 erit
1480 3117 1490 3133 ,
1526 3100 1576 3137 qui
1597 3096 1672 3129 adeo
1694 3096 1844 3139 illegitime*
1863 3096 2067 3134 tyranniceque

1192 3151 1289 3178 omnia
1301 3143 1513 3177 conturbarunt
1529 3169 1535 3175 .
1564 3142 1620 3177 Ad
1635 3156 1704 3189 quae
1716 3146 1815 3180 etiam
1827 3145 1905 3178 reste
1926 3141 2066 3176 Scholia-

1193 3197 1252 3229 stes
1265 3194 1452 3238 marginalis
1466 3208 1477 3228 .·
1503 3192 1599 3237 Falsa
1611 3206 1721 3237 quoque
1737 3195 1776 3236 est
1787 3195 1851 3229 baec
1860 3191 2047 3233 expostulatio
2057 3215 2066 3224 .

1193 3244 1294 3291 ond
1314 3244 1403 3277 enim
1427 3244 1592 3278 advectum
1619 3245 1780 3288 Joannem
1802 3246 1927 3278 summo
1939 3239 2067 3276 honore

1191 3296 1223 3328 &
1251 3293 1408 3327 modestia
1431 3295 1662 3337 excipiendum
1691 3294 1805 3328 curarit
1817 3293 1949 3326 Sanetus
1959 3290 2068 3334 Cyril-

1193 3345 1240 3377 lus
1253 3369 1263 3384 ‚
1289 3355 1326 3376 ac
1338 3342 1500 3386 illeipfi&
1521 3345 1616 3387 ipsius
1626 3356 1664 3378 ac
1682 3344 1786 3377 totius
1797 3341 1922 3384 Synodi
1935 3340 2067 3384 Legatis

1190 3394 1326 3427 effraenes
1335 3393 1550 3428 contumelias
1559 3391 1788 3477 re‘gidfflt’est
1799 3392 1886 3436 supra
1896 3391 2067 3475 ostienis'pm-

1651 3454 1668 3476 c
1718 3454 1743 3480 2.
1969 3451 1988 3473 o
