2340 3736
105 1526 144 1555 Β
158 1529 224 1556 nrs.

102 1566 225 1602 Lac-2}

101 1950 241 1990 Epist-65.

102 2001 127 2023 C·
136 2004 166 2028 4.

102 2747 169 2779 La:
183 2752 239 2783 ας.

100 2938 221 2980 puch.

105 3165 179 3204 Capi
195 3168 241 3196 26.

104 3353 179 3393 ,Cap-
195 3362 241 3392 ²3·

371 138 462 197 158

293 979 405 1004 mnata
419 994 426 1002 .

343 1019 511 1053 Damnata
526 1018 600 1052 sunt
619 1018 688 1061 ejus
698 1028 765 1052 non
788 1015 999 1052 solummodo
1023 1016 1172 1053 scelerata

292 1068 449 1114 dogmata
476 1092 487 1107 ,
513 1067 565 1101 sed
587 1067 762 1102 &mortua
782 1068 936 1110 persona,
965 1079 1062 1112 quam
1074 1068 1171 1102 etiam

292 1119 401 1152 vivam
423 1117 516 1151 fuiffe
529 1117 717 1152 damnatam
737 1118 809 1151 vere
821 1117 992 1152 Liberatus
1000 1115 1172 1163 Carthagi-

289 1168 397 1201 nenfis
411 1167 749 1202 affirmat.Confirmat
762 1167 847 1211 apud
863 1168 1076 1202 Gennadium
1088 1168 1172 1202 Mas-

287 1218 448 1251 filiensern
470 1218 504 1251 in
518 1218 682 1261 Catalogo
703 1218 847 1252 uirorum
861 1217 1036 1252 illustrium
1057 1216 1170 1252 Theo-

288 1266 401 1310 philus
429 1266 673 1313 Alexandrinus
701 1267 883 1311 Episcopus
903 1292 915 1308 ,
952 1268 1113 1302 damnans
1133 1269 1166 1301 in

287 1318 343 1351 sua
355 1317 493 1360 Synodo
506 1319 685 1363 Origenem
700 1342 711 1357 ,
739 1322 778 1350 Ac
791 1316 879 1361 fimul
898 1319 1019 1351 edocens
1040 1330 1097 1351 non
1108 1316 1168 1361 zise

286 1374 493 1409 cumprimum
506 1393 516 1408 ,
538 1367 596 1411 sed
615 1369 648 1401 (θ’
660 1367 841 1410 abantiquis
866 1368 1008 1401 Patribus
1021 1393 1032 1408 ,
1060 1370 1168 1402 &ma-

287 1414 368 1451 ssxime‘
390 1419 516 1451 Heracla
535 1416 723 1452 Patriarcha
743 1416 975 1452 Alexandrino
992 1418 1079 1461 fitiffe
1100 1420 1165 1452 &a

285 1467 468 1507 Presbyteri«,
491 1468 611 1506 eiec‘lum
623 1492 634 1508 ,
661 1469 695 1501 Θ·
715 1468 751 1500 de
770 1467 898 1510 Ecclefia
914 1466 1033 1511 pulsum
1045 1492 1056 1508 ,
1081 1469 1116 1502 (5
1128 1469 1164 1501 de

286 1524 409 1550 civitate
420 1517 565 1560 fugatum
588 1541 595 1549 .
627 1517 739 1550 Etiam
762 1517 780 1550 ὲ
802 1517 974 1551 Demetrio
1000 1517 1165 1560 Episcopo

284 1565 320 1600 id
341 1566 459 1600 fastum
482 1566 628 1600 ostendit
651 1565 791 1600 Photius
815 1567 848 1599 in
866 1565 1072 1602 Bibliotheca
1087 1591 1094 1598 .
1122 1567 1165 1601 Et

284 1617 321 1651 in
345 1616 436 1651 libris
456 1626 570 1651 contra
582 1616 757 1650 Ruffinum
776 1616 909 1651 Sanetus
933 1617 1165 1659 Hieronymus

284 1666 420 1701 adducit
442 1667 601 1711 Origenis
629 1665 811 1710 Epistolam
831 1691 842 1707 ,
868 1676 931 1710 qua
955 1666 1163 1700 Demetrium

284 1717 425 1758 lacerat,
450 1718 529 1751 &in
544 1718 647 1751 totius
669 1716 758 1750 orbis
771 1716 953 1760 Episcopos
971 1716 1005 1750 &
1019 1717 1165 1751 Clericos

283 1766 471 1808 invehitur,
497 1776 662 1811 tamquam
677 1766 788 1810 inique
810 1767 851 1800 ab
864 1765 1015 1801 Ecclefiis
1035 1778 1165 1801 excom-

282 1818 488 1852 municatus.
517 1816 886 1852 Excomrnunicationis
909 1816 972 1860 fuit
994 1817 1081 1851 varia
1093 1828 1165 1851 cau-

282 1867 313 1901 sa
326 1892 333 1900 .
366 1868 483 1915 Unam
494 1868 706 1912 principalem
731 1866 866 1902 adducit
885 1865 1034 1901 laudatus
1046 1866 1163 1900 Hiero·

283 1929 406 1960 nymus
419 1918 453 1951 in
465 1918 582 1961 litteris
603 1917 644 1951 ad
655 1915 904 1950 pammachium
925 1917 958 1950 δι
970 1917 1158 1951 Oceanum.

282 1966 350 2011 Ipse
362 1972 502 2011 OrIgenes
526 1974 559 2001 in
580 1966 720 2009 Epistola
733 1989 744 2004 ‚
768 1978 859 2008 quam
874 1964 979 2009 scribit
999 1967 1042 1998 ad
1051 1966 1163 1999 Fabia-

281 2029 353 2052 num
365 2043 375 2059 ‚
401 2022 545 2051 Romanae
564 2016 698 2058 Ecclestae
718 2014 898 2059 Episcopum
919 2040 930 2056 ‚
951 2021 1161 2058 poenitentiam

281 2074 345 2111 agit
359 2093 370 2108 ,
394 2079 445 2100 cur
459 2068 535 2107 talia
551 2065 722 2110 scripfi’rit,
749 2063 912 2108 &causam
930 2072 1106 2099 temeritatis
1129 2071 1163 2098 in

281 2116 458 2159 Ambrosium
478 2116 594 2158 refert,
621 2117 699 2158 quod
714 2114 826 2158 secreto
848 2115 931 2148 edita
959 2120 993 2148 in
1013 2115 1162 2157 publicum

276 2169 433 2211 protulerit
449 2192 456 2199 .
483 2164 676 2200 Ambrofius
687 2177 753 2199 erat
777 2165 826 2199 vir
838 2163 962 2199 nobilis
983 2177 1020 2199 ac
1029 2165 1163 2213 opulen-

281 2229 360 2257 tus,
381 2217 561 2262 Origenis,
592 2226 647 2260 per
670 2225 769 2260 quem
787 2215 805 2249 a
825 2214 1002 2249 Marcione
1025 2226 1161 2249 conver·

277 2270 331 2303 sus
350 2267 390 2301 ad
402 2267 578 2301 Ecclesiam
593 2291 604 2306 ,
631 2265 791 2300 literarios
812 2263 939 2299 labores
959 2264 1077 2308 juvans
1097 2265 1162 2300 suis

278 2315 488 2353 facultatibus
506 2342 513 2350 .
539 2316 652 2350 Aliam
674 2316 804 2350 causam
817 2314 950 2350 adducit
961 2313 1161 2357 Iustinianus

278 2367 450 2413 Augustus
470 2368 505 2401 in
526 2367 597 2411 lege
609 2365 817 2411 origenianz
842 2364 1066 2399 damnationis
1085 2377 1161 2398 con-

278 2418 452 2452 firmatrice
478 2417 517 2451 ad
541 2418 702 2451 Mennam
729 2412 955 2449 patriarcham
975 2441 982 2448 .
1020 2419 1159 2459 Origenes

274 2468 338 2510 post
362 2477 474 2502 atroces
494 2467 645 2501 dostrinae
654 2467 715 2500 suae
740 2466 774 2499 in
787 2466 898 2500 Deum
920 2463 1116 2508 blasphemias
1129 2470 1161 2496 in

279 2517 344 2561 ipso
366 2524 498 2557 martyrii
518 2518 640 2550 articulo
649 2515 801 2557 Christum
821 2515 988 2559 abnegavit
1002 2538 1013 2555 ,
1039 2515 1160 2547 cultam-

278 2579 335 2610 que
354 2570 375 2600 ιὶ
398 2571 535 2612 Paganis
558 2571 685 2602 Deorum
706 2566 928 2599 multitudinem
951 2588 963 2605 ,
988 2575 1076 2606 quam
1099 2563 1161 2606 ipse

280 2619 394 2651 inducit
408 2644 419 2659 ‚
444 2620 605 2651 adoravit:
634 2622 733 2658 Atque
752 2616 797 2648 ita
821 2618 878 2648 Dei
897 2615 1093 2657 providentia
1108 2612 1163 2655 fa-

279 2668 357 2701 e‘lum
376 2668 412 2708 est
432 2693 444 2709 ,
470 2679 507 2702 ne
526 2674 559 2700 in
582 2666 708 2708 Ecclefia
723 2674 780 2708 pro
806 2673 933 2704 martyre
961 2669 1137 2706 acciperetur
1150 2686 1161 2702 ,

279 2727 369 2759 atque
378 2720 450 2752 inde
461 2710 546 2762 gregi
559 2716 670 2757 christi
689 2715 850 2758 inferretur
862 2715 982 2757 aliquid
1003 2717 1160 2747 detrimen-

279 2773 324 2800 ti.
353 2768 463 2812 Pergit
486 2769 619 2802 Sanctus
629 2767 855 2809 Hieronymus
876 2765 909 2798 in
930 2763 1021 2798 libris
1044 2774 1159 2798 contra

278 2816 449 2850 Ruffinum
465 2843 473 2848 .
514 2820 605 2850 Totus
628 2816 708 2849 orbis
723 2840 735 2856 ,
760 2816 875 2859 utique
895 2814 941 2848 ob
965 2813 1065 2848 distas
1088 2825 1159 2848 cau-

282 2866 330 2899 sas
349 2891 360 2907 ‚
387 2872 418 2899 in
441 2872 572 2911 origenis
594 2868 663 2900 odia
685 2864 793 2906 exarsit
812 2890 820 2896 .
846 2864 891 2897 Et
912 2865 946 2898 in
967 2864 1035 2897 alio
1057 2861 1157 2898 libro.

280 2920 387 2948 Omnis
409 2926 472 2950 tam
482 2921 615 2952 Orientis
642 2917 733 2959 quaint
754 2915 919 2948 occidentis
943 2913 1159 2946 Catholicorum

270 2966 408 3002 synodus
425 2972 496 3007 pari
513 2966 664 3009 ,sententia
688 2967 723 2999 (9⁶
741 2963 858 3007 spiritu
879 2964 962 2998 illum
987 2963 1159 2996 baereticum

282 3015 439 3048 denunciat
463 3042 471 3048 .
498 3016 586 3051 Eum
611 3027 687 3050 cum
713 3014 872 3048 Nestorio
899 3037 912 3054 ,
948 3012 1157 3055 Eutychete‚

282 3063 446 3098 Dios-:oro
462 3089 473 3105 ‚
498 3066 631 3110 aliisque
652 3063 877 3099 Haerefiarchis
900 3063 938 3096 in
962 3063 1093 3097 inferno
1113 3073 1158 3096 ar·

280 3113 413 3149 dentem
436 3113 519 3148 vidit
542 3117 576 3150 &
601 3115 723 3159 hospiti
744 3115 805 3149 suo
828 3111 1030 3157 Theophani
1052 3112 1158 3146 osten-

281 3164 332 3198 dit
353 3163 528 3210 Qiriacus
547 3163 750 3205 monachus,
777 3164 826 3198 uti
851 3164 949 3197 refert
969 3161 1077 3197 Sandti
1101 3163 1157 3196 So-

283 3212 417 3256 phronii
443 3222 570 3256 pratum
590 3213 753 3256 spirituale
775 3240 782 3246 .
809 3212 921 3260 Qare
943 3211 1010 3256 ejus
1030 3212 1156 3256 Apolo-

283 3273 362 3307 gum
383 3274 480 3307 agere
500 3262 547 3297 est
566 3259 766 3305 AEthiopem
781 3262 901 3297 lavare.

282 3343 290 3347 ,
333 3311 382 3345 At
401 3313 479 3347 vero
501 3311 689 3351 Theodorus,
714 3311 822 3354 inquit
842 3310 1013 3347 Liberatus
1037 3310 1158 3347 Diaco-

281 3372 344 3395 nus
368 3385 379 3399 ‚
404 3361 561 3404 Caesaraeae
586 3362 784 3404 cappadocia*
811 3359 973 3402 Epiftopus
995 3387 1006 3402 ‚
1033 3361 1156 3395 dilet‘lus

283 3412 318 3445 la·
337 3409 504 3452 familiaris
526 3415 698 3454 Principum
721 3434 732 3450 ,
750 3408 833 3453 sebia
850 3409 1034 3451 acephalus,
1059 3416 1157 3454 Orige-

283 3465 331 3496 nis
342 3468 441 3500 autem
463 3459 593 3504 defensor
616 3464 798 3503 acerrimus,
822 3460 986 3507 &Pelagio
999 3460 1158 3496 Romanae

757 3585 774 3597 s

894 140 1041 186 D1s
1081 152 1525 187 scura-rto

301 219 402 254 litana
412 245 419 252 .
448 219 609 255 E-cuneus
620 220 654 255 in
668 218 850 267 origenem
864 217 952 255 Astis
966 219 1064 255 hodie
1087 218 1181 254 habe-

301 279 373 313 mus
394 269 499 305 solum
531 270 742 305 undecimum
773 270 1092 306 Anathematismum
1127 271 1180 303 seu

301 318 477 354 canonem
501 344 511 360 ‚
548 321 581 355 δεῖ
611 320 782 365 Iustiniani
808 346 819 366 ³.
855 321 1036 364 Origenem
1068 319 1179 354 denuo

299 368 446 417 damnari
470 369 684 413 postulantis,
709 370 750 405 ad
762 368 931 415 synodum
958 369 1081 404 litteras
1093 369 1177 412 apud

300 418 483 464 Georgium
505 418 709 454 Cedrenum.
740 420 783 454 Et
805 419 937 463 quidem
961 418 1064 453 dicius
1091 418 1179 452 Ana-

299 467 523 504 thematismus
553 468 701 514 praecedit
726 469 1026 504 Anathematismos
1061 479 1175 502 contra

298 518 360 552 tria
373 519 545 562 Capitula.
572 519 657 554 Item
668 521 801 554 Sanctus
822 517 1025 562 Sophronius
1035 517 1068 550 in
1092 518 1177 552 litte-

297 567 341 602 ris
355 568 396 601 ad
420 563 569 613 Sergium
591 567 1021 613 Constantinopolitanum,
1046 567 1103 602 ubi
1128 566 1176 602 di-

297 617 419 654 xerat&
434 619 547 662 quinta
571 619 707 663 Synodo
718 619 907 652 damnatum
929 628 1006 651 cum
1029 618 1174 662 Evagrio

297 669 334 704 ἃ.
344 668 494 711 Didymo
506 670 685 713 Origenem
697 692 708 708 ,
734 667 839 712 pergit
853 679 860 698 τ
890 667 955 709 Post*
965 679 1035 710 quos
1047 669 1081 701 Θ
1093 671 1175 709 Mop-

291 717 455 762 suestenum
466 720 565 752 evellit
584 717 783 758 Theodorum,
802 715 918 762 scripta
927 729 1038 762 quoque
1051 717 1176 752 Theodo-

293 774 372 809 πη,
397 768 603 810 &Epistolam
623 768 684 801 Ibae
698 793 705 800 .
733 764 860 802 Eodem
873 767 975 802 modo
999 768 1175 811 loquuntur

285 813 331 855 *in
344 818 425 853 locis
436 819 524 862 supra
536 818 681 852 addustis
693 817 928 854 Constantinus
946 828 1077 862 quartus
1089 819 1121 852 ὅ(
1133 819 1174 852 se·

294 868 397 912 ptima
407 866 560 913 synodus
574 881 585 903 .·
612 865 724 912 Atque
738 869 782 902 ita
792 877 872 902 errat
883 866 1090 911 Nicephorus
1113 867 1175 901 Ca-

294 917 394 954 lixtus
413 918 528 954 volens
548 919 609 953 tria
632 917 784 963 Capitula
811 928 887 952 ante
909 917 1092 961 Origenem
1118 917 1171 953 da·

1246 219 1391 261 Ecclesiae
1403 223 1529 254 Diacono
1540 225 1669 258 «ernulus
1679 251 1690 267 ‚
1717 226 1881 271 cognossem
1896 235 2052 277 Origenem
2072 228 2114 264 *Β

1243 269 1365 311 ipso-6<
1387 269 1710 314 Menna'Patciarchra
1730 278 1815 320 jiaffi
1835 281 2034 317 damnatum,
2064 271 2114 314 ‘3⁰9

1241 319 1298 351 lore
1308 320 1514 352 damnationis
1523 321 1591 361 ejus
1602 346 1613 361 ,
1636 326 1821 369 qdsscckfiae
1841 333 2089 366 conturbationem
2101 353 2114 369 ‚

1241 369 1461 401 damnationem
1480 372 1597 402 molitus
1622 372 1660 413 est
1684 376 1761 408 &in
1782 377 1960 415 Theodorum
1982 376 2113 423 M0Pffi0‘

1232 417 1346 457 stonum
1357 443 1368 460 ,
1393 421 1425 451 eo
1439 420 1519 461 quod
1527 418 1699 454 Theodorus*
1713 427 1813 469 multa
1825 430 1958 473 „pustula
1978 429 2114 472 edidisset

1237 474 1270 511 in
1282 472 1437 512 Origenem
1448 493 1459 508 ,
1484 468 1636 512 oxosusque
1658 473 1871 516 &accusabilis
1893 481 2051 516 haberetur
2071 478 2111 511 ab

1239 518 1430 562 origenistis,
1457 520 1632 553 &maxime
1653 520 1875 564 quod‘synodus
1894 530 2112 566 Chalc-edonem

1232 565 1271 607 fis
1291 569 1395 600 laudes
1417 570 1483 610 ejus
1490 567 1660 612 susceperat
1681 578 1714 605 in
1725 574 1819 606 tribus
1836 578 1974 618 Epistola
1988 606 1995 613 ,
2021 581 2113 616 (3011.

1239 617 1331 650 sonat
1353 617 1526 652 Facundus
1545 621 1792 657 Hermianenfis
1814 625 1858 659 ita
1879 627 2050 672 alloquens
2060 633 2113 675 Ju-

1240 667 1415 701 stinianum
1439 666 1644 713 Augustum.
1673 675 1758 717 ‚Quia
1776 682 1835 716 per
1855 670 2113 717 instantiamruae

1240 718 1396 760 Religionis
1414 717 1539 759 profani
1562 721 1708 763 dogmatis
1742 730 1854 757 iterata
1879 729 2031 761 damnatio
2050 729 2115 771 est,
2130 725 2250 756 L¹·C·²·

1239 765 1307 799 hinc
1317 768 1381 806 ejus
1400 766 1556 811 fellator-es
1576 770 1749 814 exarserunt
1769 775 1917 808 adversas
1933 778 2113 822 Ecclesiam}

1237 824 1399 857 quarentes
1424 829 1490 850 eam
1500 829 1677 862 quacumque
1691 826 1801 866 possent
1824 829 1989 867 immtffione
2010 828 2114 862 turba-

1237 878 1268 900 re
1293 891 1300 898 .
1328 870 1374 898 Et
1398 866 1449 900 boc
1468 877 1562 900 totum
1576 871 1890 910 publii-ammutium
1911 889 1968 910 non
1991 877 2110 923 effugit.

1239 914 1411 959 Praesertim
1430 918 1494 950 cum
1517 920 1551 951 (9
1574 921 1763 955 Domitianus
1788 926 1948 967 ancyrensis
1974 934 2111 962 civitatis

1236 965 1399 1010 Epist-opus
1412 969 1694 1011 Provinciaeprimae
1703 972 1836 1007 Galatiae
1848 999 1858 1014 ,
1885 984 1937 1018 qui
1941 977 2007 1019 fuit
2019 978 2110 1020 ipsius

1238 1021 1427 1060 origeniana
1447 1016 1561 1058 baerest‘s
1584 1020 1756 1062 manifestus
1780 1024 1897 1066 offertor
1918 1051 1928 1066 ‚
1950 1035 2008 1069 per
2027 1028 2109 1061 libel-

1234 1066 1296 1099 lum
1305 1091 1317 1108 ‚
1344 1078 1429 1109 quem
1441 1069 1485 1100 ad
1494 1068 1679 1110 beatifflmum
1697 1074 1816 1114 Papam
1828 1077 1964 1117 Vigilium
1969 1076 2087 1120 scripfit
2096 1102 2108 1118 ‚

1237 1120 1299 1150 Deo
1319 1125 1508 1160 extorquente
1527 1119 1668 1162 confeffus
1690 1121 1750 1161 est,
1776 1125 1856 1164 quod
1874 1127 1938 1165 ejus
1956 1129 2108 1168 complicet

1234 1170 1407 1210 Origeniani
1429 1192 1440 1208 ‚
1477 1168 1541 1200 cum
1562 1170 1713 1203 ‘viderent‘
1721 1170 1755 1214 se
1779 1183 1836 1205 non
1858 1175 1934 1217 posse
1953 1182 2121 1217 proprium*

1232 1217 1337 1260 dogma
1352 1216 1535 1258 defendere,
1561 1230 1653 1261 neque
1655 1219 1712 1262 fibi
1734 1224 1899 1265 quidquam
1915 1223 1983 1267 spei
2001 1227 2038 1259 de
2047 1237 2114 1260 con-

1229 1266 1312 1307 flidlu
1334 1266 1458 1308 restare,
1484 1269 1528 1301 ad
1538 1270 1677 1303 ultionem
1693 1283 1790 1305 eorum
1804 1296 1814 1311 ‚
1840 1285 1905 1315 quae
1929 1283 2030 1310 contra
2043 1281 2111 1309 Ori·

1226 1327 1330 1360 genem
1347 1316 1426 1361 gesta
1443 1315 1538 1360 sunt,
1563 1319 1626 1352 haec
1637 1321 1771 1363 Ecclefiae
1784 1320 1933 1364 scandala
1954 1335 2112 1359 commove-

1229 1375 1316 1399 runt.
1343 1367 1444 1412 Qod
1466 1369 1571 1410 ipsum
1594 1391 1604 1407 ‚
1628 1381 1704 1404 cum
1719 1374 1859 1414 quadam
1881 1383 1988 1409 tamen
2012 1376 2109 1409 varie‘·
2129 1370 2192 1405 1⁰4·
2209 1377 2284 1405 c2³⁷·

1230 1425 1296 1450 tate
1306 1440 1317 1455 ‚
1345 1416 1454 1451 scribit
1468 1418 1626 1463 Evagrius
1639 1420 1904 1463 Epi'phanienfis.

1278 1464 1498 1501 Theodorum
1521 1469 1667 1504 Caesareae
1703 1472 1736 1504 in
1761 1472 1970 1516 Cappadocia
1995 1473 2115 1510 Archiv>

1231 1515 1431 1560 Episcopum
1452 1517 1545 1552 fuisse
1557 1518 1748 1564 Principum
1768 1523 1959 1559 familiarem
1985 1526 2112 1560 aedile-

1231 1568 1317 1600 stum
1341 1565 1415 1600 vere
1439 1567 1544 1602 asserit
1565 1569 1755 1604 Liberatus.
1784 1572 1861 1607 Erat
1883 1575 1975 1608 sorex
1998 1576 2114 1618 palati.-

1234 1626 1294 1649 nus
1308 1640 1318 1655 ‚
1344 1626 1429 1650 unus
1440 1627 1553 1651 eorum
1567 1618 1804 1663 Episcoporum
1819 1646 1829 1662 ‚
1851 1634 1933 1665 quos
1946 1626 2011 1657 una
2031 1635 2110 1660 cum

1238 1665 1419 1709 Justiniano
1441 1667 1474 1699 in
1489 1668 1625 1701 multam
1636 1670 1786 1712 quotidie
1804 1674 1932 1706 nostem
1945 1674 1985 1707 de
1997 1674 2110 1709 Eccle-

1231 1715 1281 1749 fiae
1298 1715 1332 1748 δε
1357 1716 1558 1759 Reipublicae
1577 1719 1688 1752 caussis
1708 1720 1886 1756 lucubrasse
1908 1723 2017 1759 scribit
2029 1723 2111 1758 Pro·

1229 1765 1345 1809 copius
1356 1766 1562 1801 Caesareenfis
1573 1793 1580 1799 .
1610 1769 1714 1803 Unde
1725 1770 1758 1803 δε
1770 1772 1804 1803 in
1818 1772 1884 1813 ejus
1896 1767 2107 1815 postmodum

1228 1814 1442 1849 damnatione
1463 1816 1507 1850 ait
1530 1816 1677 1860 Vigilius
1703 1818 1879 1854 Pontifex:
1908 1826 1952 1855 Tu
1976 1815 2105 1856 Theodo}

1227 1876 1279 1906 re,
1306 1864 1447 1898 hallensis
1471 1866 1509 1898 ab
1530 1869 1725 1900 ordinationis
1748 1878 1808 1903 tuae
1829 1879 1957 1913 tempore
1979 1897 1989 1912 ,
2016 1877 2106 1906 unius

1227 1919 1302 1947 anni
1319 1911 1418 1957 spacio
1440 1920 1471 1948 in
1482 1916 1630 1966 Ecclefia,
1654 1921 1740 1959 quus
1758 1921 1956 1963 gubernacula
1971 1921 2106 1965 suscepel·

1226 1976 1302 2005 ras,
1329 1977 1387 1998 non
1402 1966 1504 2008 passus
1528 1978 1559 2000 es
1580 1966 1713 2009 residere.
1742 1968 1837 2004 Licet
1860 1973 1938 2005 festa
1957 1971 2106 2015 Acepba·

1226 2014 1301 2055 lus,
1327 2024 1395 2048 non
1416 2017 1546 2050 tantum
1567 2017 1758 2052 Theodorae
1779 2019 1934 2064 Augustae
1958 2046 1969 2061 ,
1995 2022 2048 2059 sed
2068 2023 2103 2057 ὃ(

1232 2063 1414 2106 justiniano
1439 2076 1506 2100 erat
1533 2077 1685 2110 acceptus
1711 2081 1718 2099 :
1758 2069 1929 2111 Justiniani
1958 2073 2046 2104 enim
2072 2073 2107 2107 ὅς

1226 2112 1415 2150 Theodora
1436 2115 1470 2148 in
1495 2116 1652 2161 religione
1677 2117 1874 2153 discordiam
1897 2120 1991 2154 fuisse
2014 2120 2107 2156 dolo-

1229 2165 1298 2197 sam
1321 2188 1332 2204 ,
1373 2164 1416 2200 ad,
1441 2165 1604 2209 utriusque
1629 2169 1728 2209 partis
1755 2169 1902 2212 sequaces
1923 2171 2107 2214 captandos

1226 2213 1437 2256 compositam
1461 2238 1472 2254 ,
1499 2215 1657 2261 Evagrius
1676 2218 1853 2260 suspicatur
1876 2244 1883 2250 .
1911 2220 2023 2265 Pergit
2050 2221 2104 2257 Li·
2119 2236 2192 2274 Cap,
2209 2247 2254 2273 24·

1227 2263 1351 2305 beratus
1362 2289 1369 2295 .
1396 2263 1539 2297 Theodori
1549 2265 1771 2309 Mopsuesteni
1783 2269 2004 2312 damnationem
2017 2271 2104 2305 Theo·

1228 2315 1314 2346 dorus
1335 2312 1516 2356 Cappadox
1538 2315 1595 2347 tali
1616 2315 1832 2352 machinatione
1849 2319 1980 2360 perfecit
1997 2345 2004 2352 .
2028 2323 2103 2355 Stri-

1227 2362 1310 2395 beme
1333 2365 1472 2405 Principe
1494 2373 1595 2397 contra
1608 2366 1766 2407 Acephalos
1790 2373 1822 2400 in
1842 2369 2035 2409 defensionem
2055 2373 2099 2408 sy-

1224 2413 1293 2444 nodi
1307 2411 1567 2457 Chalcedonenfis„
1594 2417 1735 2448 accedens
1760 2417 1838 2448 idem
1851 2416 2018 2452 Theodorus
2039 2422 2101 2452 um}

1223 2474 1288 2494 cum
1294 2460 1359 2504 fitis
1373 2461 1554 2505 satellitibus
1569 2488 1580 2503 ‚
1605 2472 1658 2506 qui
1673 2463 1731 2507 sub
1742 2472 1856 2499 nomine
1877 2467 2016 2508 catholico
2031 2474 2097 2502 Ace-

1219 2511 1323 2552 phalis
1327 2511 1486 2551 studebant
1497 2536 1506 2551 ,
1529 2525 1594 2546 cum
1602 2514 1759 2548 Theodora·
1771 2516 1905 2559 Augustae
1919 2517 2030 2558 favore
2041 2522 2102 2552 Im-

1219 2567 1351 2603 peratori
1368 2560 1497 2606 suggeffit
1508 2561 1656 2606 scribendi
1675 2565 1805 2599 laborem
1826 2577 1882 2598 non
1906 2579 1970 2600 eum
1997 2569 2102 2602 debere

1219 2617 1309 2653 pati,
1336 2615 1456 2652 quando
1476 2614 1643 2654 compendio
1658 2616 1741 2655 poffst
1755 2615 1914 2657 acephalos
1937 2629 2035 2651 omnes
2058 2621 2102 2652 ad

1220 2658 1307 2704 suam
1329 2667 1557 2695 communionem
1582 2664 1725 2698 adducere
1748 2690 1755 2697 .
1783 2667 1934 2708 Siquidem
1955 2670 2000 2700 illi
2021 2693 2030 2707 ,
2054 2675 2102 2701 in·

1223 2716 1289 2752 quit
1299 2734 1310 2750 ‚
1335 2710 1387 2747 boc
1398 2711 1583 2752 offenduntur
1592 2720 1623 2744 in
1635 2716 1742 2752 synodo
1755 2715 2001 2757 chalcedonensi,
2021 2720 2102 2760 quod

1228 2760 1330 2794 laudes
1344 2759 1470 2803 suscepit
1481 2762 1621 2795 Theodori
1634 2762 1822 2806 Mopsuesteni
1834 2764 1972 2808 Episcopi
1989 2791 2000 2807 ,
2025 2771 2101 2808 Epi·

1217 2809 1378 2852 stolamque
1397 2812 1459 2844 Ibae
1473 2835 1483 2850 ,
1508 2824 1576 2854 quae
1591 2821 1648 2854 per
1667 2820 1767 2846 omnia
1788 2815 1969 2855 Nestoriana
1984 2815 2035 2859 effe
2055 2829 2098 2850 co-

1218 2859 1389 2904 gnoscitur,
1416 2862 1544 2900 synodus
1568 2861 1636 2905 ipsa
1650 2865 1766 2904 judicio
1782 2862 1836 2907 suo
1851 2873 2099 2907 pronunciaverit

1223 2909 1413 2943 orthodoxam
1440 2936 1447 2943 .
1475 2913 1539 2954 ,Qui
1559 2911 1720 2945 Theodorus
1738 2912 1769 2954 [ι’
1785 2924 1851 2947 cum
1871 2916 1962 2949 dic‘i'is
1976 2915 2042 2959 suis
2063 2918 2100 2950 Φ

1223 2959 1279 2993 bac
1287 2958 1420 3001 Epistola
1441 2961 1711 2995 anathematizetur
1722 2986 1733 3002 ‚
1758 2974 1916 3007 tamquam
1935 2966 2098 2999 retrac‘iata

1223 3011 1347 3047 synodus
1359 3019 1449 3053 atque
1452 3019 1588 3054 purgata
1602 3010 1776 3055 suscipietur
1797 3014 1837 3046 ab
1849 3020 1892 3048 eis
1912 3022 1965 3056 per
1974 3022 2073 3048 omnia
2083 3038 2097 3056 ,

1222 3061 1256 3093 <v
1268 3065 1301 3093 in
1310 3060 1442 3093 omnibus
1455 3084 1466 3100 ‚
1493 3059 1590 3102 &fine
1616 3064 1745 3095 Pietatis
1766 3063 1871 3103 vestrae
1891 3064 1989 3098 labore
1997 3066 2096 3097 Eccle-

1216 3109 1268 3151 fiae
1279 3108 1427 3148 catholicae
1442 3108 1593 3153 societati,
1613 3113 1761 3155 gaudente
1771 3111 1936 3156 universali
1947 3110 2094 3153 Ecclefia]

1224 3161 1398 3193 clementia
1422 3159 1525 3199 vtstrae
1549 3161 1614 3193 laus
1639 3168 1697 3194 erit
1717 3161 1901 3205 sempiterna
1922 3187 1930 3194 .
1956 3167 2026 3194 Haec
2043 3174 2097 3195 au·

1222 3211 1308 3242 diens
1332 3214 1497 3251 Imperator
1509 3234 1519 3250 ‚
1546 3212 1580 3244 &
1591 3212 1690 3244 dolum
1711 3209 1870 3255 dolosorum
1889 3213 2010 3244 minime?
2025 3220 2095 3253 per-

1216 3257 1346 3302 spiciens
1365 3283 1377 3300 ,
1400 3257 1606 3302 suggestionem
1630 3273 1728 3294 eorum
1747 3261 1871 3294 libenter
1893 3266 2004 3302 accepit
2023 3283 2035 3299 ‚
2059 3263 2094 3295 (Ὗ

1221 3307 1312 3352 hocse
1326 3307 1432 3350 facere
1436 3310 1646 3351 promptiffime
1656 3309 1826 3354 respondit:
1852 3309 2023 3343 Consonat
2034 3312 2093 3344 Fa-

1220 3359 1347 3392 cundus
1357 3357 1617 3393 Hermianensis.
1644 3357 1872 3403 Origemstarum
1889 3357 2024 3402 fungens
2040 3359 2092 3403 sa·
2108 3363 2226 3394 Lice..

1222 3410 1325 3442 tellitio
1343 3409 1528 3446 Eutychiana
1543 3408 1675 3451 perfidia
1694 3419 1747 3447 eet,
1775 3418 1844 3448 quae
1861 3415 1918 3448 per
1936 3408 1971 3452 se
1991 3419 2093 3443 contra

1222 3456 1452 3501 chalcedonense
1465 3459 1626 3492 Concilium
1648 3457 1848 3500 nequidquam
1852 3455 1937 3501 saepe
1958 3468 2093 3494 tentave-

1971 3518 2042 3550 rat,

1851 3574 1860 3599 l
