2340 3736
316 160 415 220 384

251 241 397 289 vigilius
409 252 467 286 pro
478 240 629 286 Sylverio
647 239 838 282 ordinatur,
865 250 901 276 ut
912 240 974 277 tria
992 237 1135 283 capitula

301 292 529 338 proscriberet.
1024 300 1102 339 159-
1115 301 1131 326 1

250 344 400 390 vigilius
417 355 446 378 v.
456 341 595 387 Synodo
607 341 718 376 noluit
736 339 916 386 praefidere:
948 351 1024 389 171.
1041 351 1072 378 2.
1084 339 1136 374 Se-

299 395 437 440 xaginta
457 391 612 427 articulos
626 389 799 428 Theodori
812 390 1080 435 Mopsuestienfis
1098 399 1135 425 ut

299 443 469 480 haereticos
480 443 647 478 damnavit
658 467 666 474 .
1022 451 1098 489 172.
1115 450 1133 478 1

251 495 399 541 Vigilius
412 506 442 528 v.
456 493 631 538 Synodum
643 493 776 529 tandem
786 491 1021 533 confirmavit,
1033 500 1134 535 quan·

300 546 370 580 do?
1021 553 1037 579 1
1068 551 1097 590 3-
1117 554 1133 579 1

250 594 399 642 Vigilius
421 594 581 631 violentia
593 594 744 634 adaelus,
769 593 830 628 tria
845 593 1020 638 Capitulis,
1043 552 1136 635 7adje·

298 648 349 680 &a
359 646 521 688 clausula,
546 644 782 681 condemnavit
794 669 801 676 .
833 644 909 692 169.
925 655 954 681 1·
966 643 1072 693 Qod
1090 643 1136 688 Ju-

299 697 447 733 dicatum
459 698 500 733 de
511 696 601 731 vario
612 696 739 729 excessu
751 693 793 729 ab
805 694 976 740 Episcopis
986 693 1076 729 Afris
1088 694 1134 730 est

255 769 260 774 ·
300 758 472 782 notatum.
496 747 663 793 169.1.2.
697 747 731 782 A
757 754 828 781 tota
848 745 993 782 Ecclesia
1014 744 1135 780 Latina

297 796 555 834 condemnatum
564 821 572 829 .
1023 796 1100 842 169.
1112 804 1135 831 2

299 846 412 892 Vide,
437 850 514 881 Trta
526 848 692 891 Capitula,
719 846 768 882 lit.
782 845 822 882 C.

249 896 371 944 vigilii
397 899 463 933 aeta
474 897 561 933 circa
582 897 833 934 damnationem
852 898 952 933 trium
965 894 1136 940 Capitulo-

299 960 391 982 rum.
1024 957 1041 982 1
1067 955 1102 983 0·
1114 957 1136 984 2

248 997 360 1047 Virgo
380 997 512 1040 Maria,
539 996 726 1042 christipara
746 997 791 1032 est
805 1012 816 1032 .-
843 998 1006 1046 Qamvis
1025 958 1136 1031 cgno-

299 1049 392 1083 mine
420 1047 609 1095 compellari
630 1047 748 1086 merito
781 1048 880 1084 fuerit
905 1047 1137 1086 interdictum,

297 1109 355 1133 cur
367 1100 384 1131 3
1035 1107 1113 1144 142.
1126 1108 1138 1131 ι

250 1147 440 1183 visitatoris
450 1148 600 1185 officium
611 1174 618 1182 .
1034 1147 1114 1195 269.
1127 1159 1137 1180 ι

248 1197 371 1235 Vitalis
383 1200 448 1234 fuit
457 1199 592 1235 Meletii
604 1199 777 1245 Presbyter
795 1198 882 1244 apud
896 1197 1115 1235 Antiochiam
1128 1221 1139 1238 ,

300 1249 480 1293 postmodo
502 1249 544 1286 ab
563 1249 765 1294 Apollinarii
788 1251 927 1286 factione
936 1251 1060 1286 erestus
1080 1246 1136 1282 ibi·

300 1300 423 1335 demin
450 1300 665 1345 Episcopum.
1029 1308 1139 1347 3342

252 1350 435 1387 Unionem
461 1352 497 1386 in
520 1350 656 1386 Christo
676 1350 857 1388 secundum
867 1351 1139 1395 compofitionem

259 1418 263 1423 ·
302 1402 355 1435 SS.
377 1400 489 1436 Patres
505 1403 723 1437 asseruerunt.
1012 1410 1082 1442 ¹41·
1117 1409 1139 1435 2

245 1447 389 1491 voces,
416 1454 569 1496 Ingenuus
581 1475 593 1492 ‚
617 1448 848 1495 &Innascibilis
860 1474 871 1489 ,
898 1450 916 1484 a
928 1450 980 1483 SS.
998 1448 1141 1492 antiquis

302 1499 455 1535 Patribus
467 1502 609 1535 inventae
620 1509 734 1534 contra
745 1499 924 1534 Sabellium
936 1524 944 1531 .
1024 1508 1102 1546 327.
1121 1509 1138 1534 1

251 1549 367 1585 Voces
378 1575 389 1591 ‚
414 1552 569 1589 Trinitas,
596 1547 746 1593 Perfhnae,
769 1547 968 1591 subsistentia,
995 1546 1140 1583 Alexan-

300 1600 395 1634 drina
407 1600 545 1643 synodo
556 1600 771 1643 antiquiores.
802 1608 882 1649 304.
897 1611 930 1636 1.
946 1597 1140 1634 introdustae

301 1662 344 1686 ex
358 1651 529 1685 occasione
547 1649 734 1685 Sabellianae
744 1647 864 1684 haerefis
874 1674 882 1683 .
911 1648 993 1683 Ibid.
1015 1659 1093 1685 ante
1103 1650 1141 1684 il-

302 1702 360 1736 lud
370 1709 498 1746 tempus
508 1711 578 1738 non
591 1701 678 1738 fuere
699 1700 785 1746 apud
796 1699 954 1736 Ecclefias
966 1724 976 1734 .
1000 1699 1084 1735 ibid.
1105 1700 1139 1735 ἀ

327 1762 350 1786 O
378 1778 384 1783 .
398 1763 429 1787 2.

251 1762 583 1843 Vo{e?5ubfistentla,
609 1801 643 1835 ὅ(
654 1800 824 1842 Substantia
848 1799 935 1846 apud
944 1800 1077 1845 aliquos
1084 1801 1137 1836 SS-

302 1852 415 1888 Patres
425 1853 582 1886 confusae.
1025 1849 1103 1900 306·
1119 1862 1135 1888 1

251 1902 388 1943 Voces,
414 1906 510 1936 Trina
532 1905 660 1942 Deitas,
685 1902 930 1945 antiquiffimae.
960 1900 1037 1950 308.
1055 1899 1140 1939 1.ab

248 1984 250 1986 ,
303 1954 495 1988 Hincmaro
515 1952 710 1997 reprobatae.
738 1951 848 1988 lbid.a
861 1951 1067 1998 Jotescalcho
1084 1951 1139 1987 de-

302 2005 398 2039 fensae
418 2029 424 2036 .
454 2013 531 2051 309.
556 2015 583 2039 1.
605 2014 661 2046 per
680 2002 752 2037 illas
775 2014 845 2037 non
870 2002 1038 2038 inducitur
1062 2000 1138 2035 Arii

301 2054 447 2095 haeresis,
472 2064 528 2087 aut
540 2051 803 2087 Tritheitatum.
829 2052 1139 2096 Ibida-nunquam

302 2106 320 2139 ὲ
333 2107 489 2140 Romana
501 2103 642 2138 Ecclefia
661 2103 842 2148 proscriptae
852 2129 859 2136 .
891 2113 969 2152 310.
980 2114 1011 2141 2.
1022 2103 1141 2137 resum·
1154 2110 1161 2122 ⁸

304 2167 365 2199 ptae
374 2155 392 2190 a
405 2156 449 2190 D.
461 2152 600 2188 Thoma
611 2154 646 2188 in
658 2155 803 2198 Hymno
823 2165 882 2199 pro
894 2153 1061 2189 matutino
1071 2152 1137 2187 Ve-

307 2205 459 2241 nerabilis
469 2205 667 2239 Sacramenti
681 2204 796 2239 officio
807 2230 814 2237 .
1052 2203 1136 2238 lbid.

257 2257 392 2292 Vocum
404 2255 534 2299 aceptio
543 2280 554 2297 ‚
565 2266 665 2298 quam
676 2254 803 2290 dudum
814 2254 962 2300 sepelivit
971 2253 1116 2289 Ecclefia
1127 2277 1138 2293 ,

307 2318 376 2341 non
388 2306 434 2341 est
444 2304 628 2340 revocanda
639 2306 675 2340 in
687 2305 793 2339 lucem
805 2330 812 2338 .
1024 2314 1103 2352 319.
1118 2314 1135 2340 1

255 2356 349 2392 Vota
359 2355 502 2400 antiquis
510 2355 662 2390 Patribus
675 2366 744 2390 non
756 2355 929 2401 incognita
942 2379 950 2388 .
1050 2362 1104 2402 77·
1121 2363 1136 2390 1

258 2406 340 2441 Vox
352 2431 363 2446 ,
391 2405 566 2450 Apocalspfis
586 2405 717 2443 inducta
740 2405 759 2439 a
770 2415 825 2452 70.
852 2404 1083 2450 interpretibus
1095 2404 1137 2439 ·&

307 2458 349 2493 ab
360 2454 533 2500 Apostolis
544 2454 679 2498 probata
692 2481 700 2488 .
1030 2464 1106 2502 327.
1121 2465 1137 2492 1

258 2508 341 2542 Vox
355 2532 366 2548 ‚
391 2505 578 2546 Christianus
591 2529 602 2545 ‚
629 2502 760 2541 inducta
771 2505 813 2541 ab
822 2503 1040 2543 Antiochensi
1051 2505 1141 2549 Apo-

308 2558 470 2592 stolorum
480 2553 619 2599 Synodo
631 2582 639 2593 .
1029 2566 1106 2604 327.
1122 2565 1138 2591 1

260 2610 341 2644 Vox
354 2632 364 2648 ‚
391 2608 526 2652 Effinna
537 2628 548 2645 ,
571 2606 752 2651 explicatur
762 2631 770 2639 .
874 2615 952 2655 314·
969 2617 999 2644 1.
1009 2607 1044 2642 &
1055 2606 1141 2649 seqq.

260 2660 341 2695 Vox
352 2683 363 2699 ,
376 2654 542 2699 Hoemufion
553 2682 564 2699 ,
587 2656 681 2701 plene
691 2657 807 2692 evertit
817 2655 948 2691 haerefin
963 2656 1140 2693 Arianam.

311 2720 388 2758 322.
401 2721 435 2747 2.
454 2718 510 2751 per
533 2707 643 2755 plures
662 2707 807 2752 synodos
829 2717 984 2743 curarunt
1004 2706 1142 2748 Ariani,

997 157 1409 204 INDEX

1251 238 1316 276 cris
1340 240 1503 284 seripturis
1522 253 1591 281 non
1630 242 1772 287 inveniri
1805 249 1937 295 ajebant
1961 252 2084 288 Atiani

1253 298 1333 339 324.
1348 300 1376 327 1·
1392 302 1436 326 an
1446 293 1546 327 fuerit
1557 305 1644 328 nova
1655 296 1742 339 apud
1753 297 1911 342 Eeclefias
1922 327 1934 342 ,
1944 304 1979 338 ὃ(
1991 305 2086 349 igno-

1249 350 1283 376 ta
1308 341 1526 377 anterioribus
1550 344 1692 379 Nicaeno
1717 345 1874 383 Concilio
1910 352 2086 390 Patribus?

1249 392 1725 493 {stittuissssifflzssz
1738 396 1933 483 &²³:¹⁹²
1948 394 2088 488 wls-‘²

1578 469 1587 478 .
1686 471 1693 478 .
1729 471 1737 480 .
1830 459 1873 483 an
1890 460 1903 483 ι
1924 460 1996 485 uuor
2041 464 2088 488 io·

1250 491 1351 533 nysiis
1362 492 1594 530 Alexandrino
1606 519 1618 536 ,
1642 496 1677 531 ἀ
1689 497 1847 533 Romano
1859 523 1867 532 .
1898 461 1976 548 3:125·
1990 493 2031 537 2?
2040 503 2088 539 est

1252 540 1295 576 ab
1305 542 1378 588 ipsis
1390 542 1560 588 Apostolis
1569 570 1577 578 .
1605 555 1684 594 325.
1697 558 1728 585 2.
1765 548 1932 587 invenitur
1943 550 1980 584 in
1993 551 2088 595 sac&

1252 591 1416 679 scri6pturis
1450 594 1567 631 saltem
1603 597 1713 641 quoad
1748 609 1818 634 rem
1851 598 2086 646 significatam·

1258 652 1302 690 32
1329 653 1381 680 ·1.

1204 691 1287 728 Vox
1301 693 1458 739 Hypostasts
1467 706 1545 732 cum
1554 708 1636 737 voce
1645 698 1815 741 Substantia
1841 711 1912 736 non
1933 701 1981 737 est
1994 701 2093 746 syno-

1256 743 1346 779 nima
1360 768 1367 775 ·
1397 754 1477 793 304.
1493 758 1521 784 1.
1531 748 1618 793 apud
1635 750 1816 786 nonnullos
1829 750 1917 786 idem
1929 752 2091 798 fignifica-

1254 793 1351 830 bant.
1380 795 1460 844 306.
1484 808 1515 834 1.
1527 798 1614 842 apud
1631 801 1787 846 antiquos
1806 800 1841 836 δε
1853 801 2089 845 Graecorum&

1254 844 1454 880 Latinorum
1473 847 1679 893 fignificabat
1698 851 1733 885 δε
1752 846 1900 887 naturam
1923 853 1958 888 δε
1975 851 2089 897 jperso·

1253 905 1352 930 nam.
1381 893 1458 944 318-
1481 908 1511 933 ι.
1533 898 1720 935 Orientales
1737 901 1918 936 mallebant
1940 903 2089 946 accipere

1253 955 1313 988 pro
1325 944 1470 981 Persona
1480 972 1491 988 ,
1502 948 1736 986 Occidentales
1746 962 1805 996 pro
1816 950 1961 987 Effentia
1973 977 1982 984 .
2003 951 2087 987 lbid.

1252 993 1334 1040 quid
1355 995 1542 1041 fignificet?
1571 996 1649 1047 318.
1675 1011 1704 1037 1.
1727 1001 1852 1050 &319
1875 1013 1903 1038 1.
1916 1013 1947 1041 2.
1969 1002 2089 1047 Hypo·

1255 1043 1343 1079 stafis
1351 1046 1475 1082 tributa
1494 1048 1596 1084 etiam
1607 1050 1829 1093 animalibus,
1852 1063 1892 1088 ac
1902 1051 1997 1087 rebus
2019 1052 2090 1087 ina-

1254 1094 1388 1182 gtixixaatis
1412 1120 1422 1129 .
1457 1107 1537 1147 319·
1559 1110 1593 1138 2·
1617 1101 1788 1146 quomodo
1808 1100 2091 1189 distinguatnlssib

1205 1194 1285 1229 Vox
1305 1218 1316 1234 2
1340 1197 1525 1240 hpaffibllls
1544 1223 1557 1241 ,
1582 1201 1604 1237 ὲ
1623 1201 1800 1247 Syrmienfi
1823 1200 1954 1248 synodo
1971 1196 2091 1245 eontra

1254 1243 1414 1282 Photium
1425 1248 1558 1285 inducta
1570 1275 1579 1284 .
1896 1290 1900 1294 ,
1913 1278 1923 1283 ,.
1976 1263 2055 1303 327·
2068 1264 2088 1291 1

1205 1294 1463 1353 vom-Natura
1480 1324 1501 1342 „
1519 1301 1721 1347 explicatur.
1751 1314 1829 1351 314.
1851 1304 1885 1340 δε
1910 1305 1975 1348 seq.
1992 1302 2089 1346 hujus

1254 1356 1345 1381 vocis
1364 1349 1560 1393 fignificatio
1576 1363 1646 1387 non
1667 1363 1816 1397 percepta
1829 1353 1849 1386 a
1871 1351 2081 1388 Gentilibus.

1205 1405 1482 1491 VoYT'lzt-rfina
1501 1448 1719 1504 ,aliquando
1746 1450 1908 1498 fignificat
1930 1450 2090 1498 Dignita-

1254 1505 1321 1531 tem
1348 1520 1359 1538 ‚
1384 1496 1420 1531 δε
1445 1498 1638 1542 qualitatem
1658 1526 1666 1533 .
1696 1511 1773 1549 305·
1797 1512 1826 1538 1.
1852 1500 1900 1537 est
1919 1501 2090 1546 antiquior

1253 1546 1284 1580 S.
1308 1546 1479 1592 Dionysio
1498 1548 1731 1586 Alexandrino
1751 1575 1758 1583 .
1784 1550 1866 1587 ibid.
1903 1552 2091 1597 1⁸1qu

1252 1596 1355 1637 utitut
1363 1597 1609 1634 Tertullianus.
1637 1599 1722 1636 lbid.
1743 1600 1778 1634 δε
1794 1610 1874 1649 305.
1894 1601 1983 1640 200st
2004 1601 2090 1639 nnti-

1253 1646 1404 1691 quiffima
1427 1649 1513 1693 apud
1537 1649 1717 1687 Ecclefias.
1744 1650 1830 1687 lbid.
1850 1650 2024 1698 quomodo
2040 1649 2090 1689 ὥ

1250 1697 1436 1744 stinguatut
1448 1699 1468 1733 a
1479 1699 1610 1736 Natura
1621 1727 1630 1735 .
2001 1710 2053 1750 ¹9·
2063 1712 2091 1741 2

1201 1745 1282 1782 Vox
1293 1747 1479 1791 Subfistentta
1486 1748 1612 1786 dudum
1635 1763 1708 1788 non
1719 1752 1783 1787 fuit
1805 1751 1892 1797 apud
1904 1751 1973 1787 Ecc
1986 1751 2064 1788 estas
2075 1774 2090 1793 ,

1249 1798 1283 1832 δι
1292 1799 1373 1834 dum
1383 1801 1448 1835 esse
1459 1801 1560 1846 coepit
1569 1826 1582 1844 ‚
1606 1801 1732 1838 dudum
1743 1803 1808 1839 fuit
1819 1802 1981 1848 ambigua
1989 1800 2088 1848 figni-

1249 1849 1413 1886 ficationis
1427 1874 1438 1885 .
1554 1877 1570 1892 .
1971 1851 2050 1909 306.
2062 1860 2084 1888 1

1200 1900 1305 1941 Vox,
1329 1900 1496 1940 Substantia
1507 1923 1520 1941 ,
1545 1911 1588 1936 an
1600 1900 1636 1936 in
1648 1901 1747 1938 saeris
1763 1900 1878 1935 litteris
1888 1900 2085 1944 reperiatur.

1250 1961 1330 2045 3225.
1343 1961 1376 1988 2-
1398 1949 1432 1985 ἀ
1449 1949 1527 1998 326.
1543 1961 1627 1987 1.an
1636 1950 1778 1987 (itidem
1788 1960 1865 1985 cum
1886 1948 2086 1995 verbonpo·

1243 2001 1294 2044 sta
1338 2001 1352 2034 ἓ
1573 2017 1579 2021 ·
1676 2022 1678 2024 r
2042 2026 2050 2033 ·
2064 2012 2083 2039 1

1189 2052 1282 2090 vox
1295 2077 1307 2094 ‚
1333 2053 1470 2085 Trtnttas
1492 2072 1504 2092 ,
1532 2049 1663 2088 indust'a
1684 2049 1853 2089 adversum
1870 2009 2086 2087 Maceggiia-

1248 2113 1311 2139 nos
1323 2126 1332 2135 .
1358 2109 1438 2149 307.
1453 2112 1485 2139 2.
1506 2101 1643 2146 probata
1652 2101 1825 2152 &synodo
1846 2099 2060 2139 Antiochen·
2073 2127 2083 2136 .

1249 2150 1392 2201 ibid-est
1407 2149 1710 2188 Sabellianahaerefi
1723 2151 1907 2196 antiquior.
1935 2150 2018 2190 Ibid-
2044 2163 2085 2187 ea

1247 2203 1417 2241 adversum
1439 2200 1695 2237 Valentinianos
1717 2196 1737 2243 ,¹⁹
1753 2202 1790 2237 δε
1810 2201 1998 2237 Ρηκαιιος
2022 2203 2084 2238 fre-

1248 2262 1383 2300 quenter
1402 2251 1506 2288 utitur
1522 2251 1768 2290 Tertullianus·
1798 2261 1875 2301 307·
1886 2263 1918 2290 2.
1933 2263 2008 2288 eam
2017 2250 2087 2287 Va*

1255 2304 1404 2341 teatinus
1425 2300 1595 2340 &Platone
1614 2303 1764 2348 accepit.
1786 2301 1871 2340 Ibin.
1883 2302 1929 2339 est
1940 2301 2087 2348 Evange-

1256 2354 1295 2393 lii
1304 2351 1505 2399 temporibus
1512 2353 1680 2400 antiquior
1691 2377 1702 2387 .
1974 2350 2050 2401 308.
2064 2363 2083 2390 ι

1602 2451 1689 2539 Χ

1206 2603 1375 2694 XEnia
1387 2603 1553 2650 Episcopo
1561 2601 1634 2639 dari
1644 2600 1740 2637 ibliea
1748 2599 2088 2649 constamnes-appet-

1313 2656 1380 2691 lata
1391 2678 1403 2695 ‚
1429 2665 1487 2690 cur
1499 2649 1516 2690 ἓ
1995 2649 2051 2702 38.
2063 2662 2090 2690 2

1204 2707 1313 2743 Xenia
1325 2707 1456 2741 fuerunt
1468 2704 1558 2740 varia
1567 2728 1576 2739 .
1884 2699 1938 2752 38.
1950 2713 1984 2740 2.
1997 2712 2053 2751 39.
2065 2711 2086 2738 1

310 2770 348 2794 ut
360 2758 584 2794 damnaretur.
615 2770 691 2807 322,
706 2770 738 2795 2.
750 2767 819 2794 erat
832 2760 941 2794 teffera
957 2758 1143 2793 discernens
1204 2757 1313 2794 Xenia
1334 2757 1371 2791 in
1391 2752 1553 2790 Paschae
1571 2754 1656 2791 olim
1677 2752 1720 2791 ab
1733 2753 1902 2801 Episcopo
1923 2751 2090 2790 Edeffino

313 2811 399 2850 inter
411 2806 623 2848 eathoucum
641 2809 677 2843 ὅ(
695 2808 879 2846 mianum.
906 2819 1027 2862 323-2·
1051 2807 1141 2844 inst·
1181 2844 1186 2850 .

1181 2852 1194 2960 l

1255 2806 1392 2848 Clericis
1410 2813 1545 2852 erogata
1557 2829 1566 2840 .
1995 2811 2051 2854 34.
2062 2813 2088 2843 ι

459 3136 975 3270 Flle
1089 3154 2085 3268 INDICIsf
