2340 3736
130 759 209 790 Lx.

172 872 218 910 (a)
247 874 284 903 ΗΞ

132 910 280 947 sunt‚cou

126 960 170 982 tra
212 963 283 990 quos

134 993 158 1021 S.
195 993 265 1022 Ssde

134 1031 281 1080 Apostoli

128 1080 163 1101 ca
189 1082 282 1103 <ntere-

127 1119 157 1140 ta
202 1122 263 1148 pro>

125 1151 278 1188 mulgaviti

127 1192 236 1222 Adnue.

133 1229 281 1268 Norfians

389 102 485 146 282

973 103 1429 145 Appeunxx

310 185 399 227 juxta
414 185 525 221 tuam',
551 179 601 213 sed
614 181 703 223 juxta
716 205 726 220 ‚
737 180 803 223 ejus
814 182 864 215 cui
877 171 960 225 juras
973 184 1005 215 &
1019 182 1158 223 loqueris
1173 205 1182 219 ‚
1199 186 1204 215 1
1225 187 1229 214 ἰ
1245 180 1298 217 De
1312 180 1375 213 sola
1389 180 1594 224 subreptione
1606 184 1766 227 cognovit
1787 185 1940 228 Synodus
1953 210 1961 225 ,
1991 186 2121 229 ipsaque

310 235 436 269 sensum
458 230 690 274 intelligenda:
719 232 816 264 Hanc
830 234 892 265 este
919 233 982 264 Dei
998 233 1124 274 legem,
1149 231 1181 262 &

309 283 454 317 lucidum
475 283 524 326 jus
547 280 698 314 humanae
718 282 896 315 societatis.
923 281 1062 313 Perozas
1075 244 1203 312 Persa-l

306 346 380 367 rum
403 333 475 367 Rex
488 331 528 365 ab
552 329 750 372 Euthalitis,
777 333 829 364 seu
841 332 921 364 albis
948 330 1106 366 Hunnis‚
1132 339 1182 371 pa-

306 395 376 418 cem
389 382 531 417 nancisci
555 381 697 424 nequiit,
727 382 783 413 nisi
799 382 966 423 stipulatus
990 390 1104 414 eorum
1121 379 1180 411 Re—

306 446 384 479 gem
409 431 653 466 utiDominum
678 430 827 465 adorare.
856 429 984 463 Acerba
1006 428 1179 464 conditio.

305 485 400 518 Hinc
411 482 548 516 consulti
562 486 645 525 Magi
656 480 863 524 responderunt
881 479 1034 523 sapientia
1044 479 1178 521 quadam
1197 500 1202 532 ff

306 538 518 568 circumvenire
529 538 678 565 inimicum
687 538 816 571 oportere
828 555 835 562 .
865 534 950 563 Nam
964 528 1057 570 Perfis
1074 530 1180 560 adora-
1197 534 1203 559 l

304 595 336 617 re
349 585 469 616 tantiam
474 581 563 626 solem
574 582 623 625 csse
644 583 733 624 legem
746 604 756 619 ,
778 583 937 621 propterea
948 587 1064 621 tempus
1085 583 1117 609 in
1128 577 1181 610 hac

303 644 335 667 re
356 632 571 676 observandum
593 654 603 669 ‚
629 640 662 663 ut
688 632 775 661 mane
809 634 918 672 Regem
952 628 1178 662 Euthalitarum

303 689 485 724 conveniat,
513 685 546 717 ζῆ·
558 682 603 714 ad
619 690 714 712 ortum
721 677 792 722 solis
804 678 961 722 conversus
973 691 1040 713 eum
1053 680 1174 711 adoret.

305 739 364 768 Hoc
374 734 457 767 modo
465 738 565 775 patrio
573 741 648 763 more
655 727 776 772 servato
787 752 797 767 ‚
817 730 899 771 fac‘li
910 735 1102 774 ignominium
1115 740 1179 761 eum

304 790 487 818 vitaturum.
520 780 566 814 At
580 781 673 814 istam
696 780 886 822 sapientiam
899 780 1017 814 merito
1043 778 1179 812 inlibris

302 834 343 868 de
374 833 462 867 bello
484 831 608 865 Persico
643 828 723 865 ridet
747 829 927 874 Procopius
959 829 1178 863 Caesareenfis.

302 883 421 928 Longe
434 882 538 927 magis
551 880 956 923 ridendi,qui(a)lndorum
968 891 1021 912 aut
1032 878 1176 911 Chinen·

300 934 380 967 fium
393 932 580 976 neophytos
602 930 731 970 fideles,
757 930 796 963 ad
812 932 990 972 patriorum
1013 928 1176 963 idolorum

300 984 525 1020 adorationem
549 980 654 1025 Regia
678 979 834 1013 violentia
860 980 1046 1023 compulsos
1070 991 1123 1021 per
1146 980 1178 1010 ii-

299 1035 498 1067 multanenm
532 1031 640 1064 nescio
678 1029 732 1062 ubi
767 1028 961 1065 absconditae
994 1028 1178 1063 Dominicae

299 1083 412 1117 (Itucis
433 1081 659 1115 adorationem
694 1080 766 1112 sunt
787 1081 897 1114 conati
922 1080 963 1114 ab
990 1080 1174 1113 idololatria

296 1136 446 1166 excusate
471 1157 476 1164 .
517 1129 619 1165 Vides
643 1129 774 1164 interim
796 1129 954 1171 ejusmodi
985 1129 1175 1173 Theologa-

296 1184 378 1217 seros
392 1181 475 1215 nihil
489 1180 569 1214 novi
597 1180 790 1220 somniasse,
817 1178 870 1213 sed
886 1179 1054 1214 ambulare
1082 1181 1114 1212 in
1130 1191 1176 1212 ve·

296 1234 355 1267 teri
367 1233 504 1267 circuitu
518 1229 691 1276 gentilium
719 1241 862 1264 errorum
875 1251 884 1259 -
914 1231 957 1264 Et
970 1228 1050 1264 hinc
1063 1228 1176 1263 Theo·

297 1284 413 1318 doreto
425 1284 541 1316 restam
563 1281 648 1315 suam
661 1279 759 1314 fidem
773 1291 812 1314 ex
830 1280 943 1314 multis
967 1280 1101 1324 probare
1113 1291 1178 1322 per-

297 1335 411 1378 genti,
434 1331 644 1366 reddiderunt
670 1331 788 1364 iterum
812 1330 964 1373 Episcopi
980 1345 991 1364 .·
1018 1332 1107 1364 Clare*
1129 1331 1176 1362 dic

297 1384 460 1416 anathema
483 1380 615 1420 Nestorio
634 1381 667 1413 i&
680 1379 865 1423 dogmatibus
890 1383 979 1422 eius,
1007 1379 1175 1413 Anathema

1243 238 1375 273 purgata
1389 230 1434 262 est
1445 230 1735 274 justumjudicium
1757 236 1945 280 amplissime·
1967 247 2122 270 executa.

1244 279 1313 312 Hic
1324 278 1369 312 est
1384 278 1495 318 locus,
1521 281 1556 312 in
1568 291 1633 323 quo
1644 282 1684 316 ad
1695 286 1794 320 distas
1815 287 1849 321 δε
1863 288 1992 330 scriptas
2013 288 2123 320 advet-

1242 328 1313 361 sum
1325 328 1560 375 SanfflCyrilii
1584 331 1736 373 capitula
1757 336 1936 371 calumnias
1958 348 2124 371 recantan-

1243 379 1297 412 das
1310 388 1456 422 potuerat
1469 379 1620 422 Synodus
1633 379 1880 420 Theodoretum
1892 399 2009 431 cogere
2022 400 2028 419 ε
2053 387 2123 421 Cur

1245 440 1310 463 non
1331 430 1497 473 coegerit,
1523 429 1613 473 supra
1637 429 1709 464 dixi
1732 443 1773 464 ex
1797 434 1953 470 Facundo
1976 438 2125 472 Hermia-

1245 479 1329 512 nenfi
1345 478 1509 522 Episcopo
1522 492 1560 513 ac
1582 480 1728 514 Leontio
1750 480 1948 518 Scholastico
1972 487 2125 530 Byzanti-

1246 539 1309 562 no.
1336 528 1565 564 Nihilominus
1576 528 1735 573 Acephali
1759 543 1826 565 non
1852 534 2010 568 desierunt
2029 537 2124 572 illum

1244 577 1322 611 hinc
1335 579 1489 612 infamare
1500 581 1615 614 retenti
1629 581 1663 614 in
1676 582 1773 615 corde
1785 583 2034 618 Nestorianismi
2054 609 2065 625 ,
2090 587 2125 621 &

1244 628 1346 670 spretae
1357 628 1483 671 Synodi
1496 653 1507 669 ,
1533 630 1648 672 utpOte
1659 631 1697 664 ad
1713 643 1810 675 quam
1823 645 1897 667 cum
1910 635 2065 669 sarcasmo
2074 636 2122 670 di-

1244 678 1355 711 xiffet:
1382 678 1520 712 salz-ete.
1547 681 1753 716 Accusarunt
1774 682 1807 716 &
1834 684 2028 726 Synodum,
2056 676 2127 728 qu'ae

1245 726 1414 761 hominem
1437 729 1667 764 Nestorianurri
1688 755 1699 771 ,
1726 744 1793 766 non
1812 733 1906 776 plene
1930 734 2102 768 discussum
2116 758 2129 775 ‚

1245 789 1303 811 nec
1314 776 1354 811 ad
1365 776 1492 812 laudata
1516 779 1689 823 Capitula‚
1717 783 1845 817 unicam
1871 783 2127 818 Nestorianismi

1243 828 1425 867 medelam,
1465 829 1645 872 profitenda
1678 833 1906 875 compulsum,
1933 834 1974 868 ad
2000 837 2129 878 plenam

1242 879 1512 912 communionem
1524 891 1562 913 ac
1574 881 1620 914 sui
1633 879 1900 925 subscriptionem
1928 885 2109 927 suscepisset
2118 908 2127 917 .

1243 927 1289 961 At
1303 940 1499 972 nugamenta
1513 931 1606 970 sunt,
1633 930 1762 965 abunde
1785 933 1818 965 in
1844 934 2058 976 superioribus
2082 945 2130 968 rc-

1243 979 1345 1012 sutata
1356 977 1546 1013 exlaudatis
1556 981 1713 1015 Facundo
1735 981 1947 1023 &Leontio,
1975 996 2035 1018 nec
2058 997 2128 1019 non

1241 1029 1273 1061 ὃ(
1295 1039 1336 1061 ex
1359 1029 1509 1072 Hypatio
1546 1029 1758 1072 Ephesiorum
1782 1031 1944 1076 Episcopo
1963 1034 2128 1067 addente.-

1241 1077 1474 1119 Chalaedonense
1503 1082 1665 1113 Concilium
1694 1088 1770 1113 circa
1802 1081 2011 1116 Theodoretum
2036 1083 2129 1124 distri-

1241 1128 1314 1160 titas
1327 1134 1385 1170 egit
1397 1152 1406 1167 ,
1432 1140 1521 1170 quam
1533 1131 1647 1163 Beatus
1671 1133 1794 1169 cyrillus
1807 1157 1814 1164 .
1842 1135 1955 1165 Beatus
1975 1140 2053 1166 enim
2074 1136 2130 1172 CJ-

1242 1178 1326 1210 rillus
1339 1189 1491 1213 contentus
1506 1179 1577 1221 fuit
1598 1186 1630 1212 in
1642 1180 1834 1215 damnatione
1854 1183 2013 1225 Nestorii-,J
2033 1184 2066 1218 Θ
2086 1195 2130 1215 or-

1241 1229 1390 1263 dinatione
1413 1230 1504 1262 Beati
1518 1234 1724 1270 Maximiani,
1749 1238 1801 1275 qui
1808 1241 1865 1274 pro
1874 1234 1921 1266 illo
1944 1239 1975 1264 in
1988 1237 2081 1278 Regia
2091 1238 2131 1266 ci·

1241 1285 1340 1311 vitate
1367 1277 1532 1321 Episcopus
1547 1279 1652 1320 facqus
1674 1281 1712 1320 est
1723 1293 1732 1323 3
1778 1281 2010 1326 chalcedonense
2029 1293 2130 1317 autem

1236 1326 1375 1371 sanllum
1388 1330 1568 1369 Concilium,
1595 1330 1719 1372 nifisub
1738 1330 1906 1374 praefi’mia
1923 1332 1981 1375 sua
2002 1332 2131 1366 anathe-

1241 1378 1406 1421 matizaffet
1417 1379 1584 1418 Nestorium
1598 1382 1632 1414 o·
1644 1388 1742 1413 omnin
1753 1383 1893 1426 dogmata
1905 1385 1968 1423 ejus
1979 1407 1990 1423 ‚
2014 1381 2131 1426 &scri-

298 1434 433 1473 Nestorio
458 1435 492 1466 (J
511 1431 683 1464 amantibus
704 1441 788 1463 eum.
820 1431 861 1463 Et
887 1431 1006 1464 iterum
1029 1429 1177 1463 adversus
1238 1433 1301 1469 pm
1318 1433 1396 1460 inter
1407 1427 1601 1471 Ac‘lainserta
1617 1430 1742 1473 futffent
1768 1443 1852 1466 voces
1875 1434 1939 1473 ejus
1954 1457 1964 1472 ,
1992 1431 2131 1475 nonfuit

297 1483 403 1518 adhuc
416 1483 679 1526 tergiversantem
695 1493 701 1511 :
728 1480 781 1519 Iste
800 1479 953 1512 haereticus
964 1480 1001 1519 est
1012 1502 1022 1517 ‚
1044 1478 1098 1518 Iste
1110 1483 1174 1512 Ne-

290 1534 438 1575 flom'anus
460 1532 514 1571 est,
542 1535 718 1563 Haereticum
723 1529 812 1569 foras
835 1535 939 1561 mitte.
971 1529 1106 1563 Etenim
1119 1529 1176 1571 qui

295 1584 463 1617 vei-itatem
488 1605 498 1621 ‚
527 1592 594 1614 non
619 1579 740 1612 nudam
764 1577 939 1622 producere
960 1603 970 1618 ‚
997 1579 1049 1612 sed
1070 1580 1175 1612 verbo-

294 1644 368 1667 rum
394 1631 533 1676 phaleris
553 1631 586 1664 &
607 1630 688 1662 fucis
701 1628 876 1663 incrustare
900 1629 1004 1674 pergit
1030 1639 1176 1662 mentem

295 1685 386 1717 suam
407 1708 417 1723 ‚
447 1682 564 1715 merito
590 1679 733 1713 mendax
764 1679 967 1713 existimatur
991 1703 998 1710 .
1030 1679 1074 1713 Et
1101 1677 1179 1713 hinc

294 1733 429 1766 tandem
451 1730 687 1765 Theodoretus
719 1728 822 1772 palam
845 1729 949 1763 edixit
961 1743 983 1771 x¹:
1011 1728 1180 1763 Anatbema

295 1788 330 1817 N
333 1783 430 1824 estorio
442 1807 452 1823 ,
478 1783 511 1814 (9⁶
524 1787 548 1815 ei
560 1787 680 1822 quinon
691 1781 763 1812 dicit
783 1783 840 1813 Dei
844 1785 1015 1823 genitricem
1029 1784 1179 1823 Virginem

296 1838 430 1867 Mariam
441 1858 451 1873 ,
479 1834 512 1866 (θ’
529 1838 580 1874 qui
602 1837 635 1865 in
647 1832 719 1864 duos
735 1829 812 1871 filios
822 1836 960 1872 partitur
981 1840 1072 1862 unum
1082 1829 1179 1871 filium

295 1890 496 1927 unigenitum.
523 1885 588 1925 Ego
600 1889 697 1914 autem
708 1881 742 1913 (9⁹
753 1878 820 1917 fidei
831 1879 999 1921 definitioni
1004 1878 1165 1922 subscripfi
1169 1901 1180 1917 ,

295 1933 482 1975 &Epistolae
503 1931 674 1975 sanc‘lifflmi
697 1929 940 1973 Archi-Episcopi
963 1933 1086 1963 Domini
1107 1932 1177 1962 Leo-

296 1991 345 2019 m‘s
359 2009 367 2016 .
398 1987 443 2015 Et
447 1981 486 2023 stc
491 1980 598 2025 sapio.
626 1981 764 2013 salvete.

346 2033 472 2067 Lucida
486 2031 550 2065 haec
563 2042 637 2064 cum
651 2029 814 2072 postulato
829 2027 1038 2063 anathemate
1063 2027 1183 2071 profes-

292 2083 339 2117 fio
377 2081 529 2116 satisfecit
577 2080 724 2124 gloriofis
758 2077 919 2121 judicibus
954 2077 1182 2112 interlocutis:

295 2138 401 2167 Omm's
417 2135 487 2173 jam
511 2130 657 2163 dubitatio
681 2131 717 2162 de
740 2127 915 2162 Theodoreto
946 2129 1180 2168 reverendiffimo

295 2180 439 2226 Episcopo
463 2181 500 2221 est
506 2179 617 2225 soluta.
645 2181 768 2222 ‚Quippe
791 2178 1004 2218 &Nestorium
1024 2190 1121 2212 coram
1134 2189 1183 2210 no-

295 2234 341 2268 bis
366 2232 662 2268 anathematizavit,
688 2231 751 2263 &a
767 2227 941 2271 sandhffimo
963 2226 1183 2271 Archi-Episco-

293 2292 333 2327 po
347 2282 470 2326 senioris
489 2285 592 2315 Romae
614 2284 708 2313 Leone
725 2277 876 2322 fitsceptus
902 2278 958 2320 est,
983 2281 1017 2313 <y
1041 2279 1185 2321 definitio-

297 2345 365 2367 nem
374 2331 445 2374 fidei
466 2328 686 2374 &Religiofieate
707 2329 803 2369 vestra
819 2331 973 2371 prolatam
994 2328 1117 2363 libenter
1135 2326 1185 2370 su-

295 2382 414 2427 scepit,
439 2380 601 2423 &insuper
612 2379 752 2421 Epistola
763 2385 918 2413 memorati
934 2378 1103 2422 sanfflffimi
1130 2383 1184 2410 Ar-

297 2431 498 2475 chi-Episcopi
511 2435 615 2464 Leonis
621 2427 804 2472 subsnipfit.
833 2428 915 2469 Deest
926 2434 1038 2472 igitur,
1065 2438 1098 2462 ut
1115 2426 1185 2472 sen·

297 2489 394 2518 tentia
404 2481 605 2525 proferatur-ix
617 2483 801 2513 Reverentia
823 2479 944 2519 vestra,
970 2488 1005 2512 ut
1027 2477 1186 2519 Ecclefiam

293 2533 384 2579 suam
397 2537 520 2574 recipias
533 2556 543 2572 ,
561 2528 632 2572 ficut
642 2528 875 2572 &sanliiffimus
889 2532 946 2561 Leo
969 2526 1185 2569 Archi-Episto-

296 2593 354 2629 pus
359 2584 515 2625 judicavit
525 2606 532 2613 .
558 2579 811 2614 Theodoretum
823 2578 914 2612 enim
925 2577 966 2613 ad
979 2579 1010 2612 se
1019 2576 1060 2611 ab
1080 2576 1186 2621 Ephe·

298 2635 359 2668 fini
381 2630 546 2667 latrocinii
570 2629 727 2665 sententia
747 2627 966 2672 appellantem
985 2628 1185 2671 susceperat,

299 2696 338 2718 ac
349 2683 416 2718 sedi
436 2680 634 2716 reddendum
645 2679 771 2723 jusserat
784 2680 919 2713 Sanstus
941 2679 1035 2720 Leo;
1062 2678 1108 2711 ast
1132 2689 1185 2711 va-

300 2735 340 2769 rii
354 2735 388 2768 in
408 2733 469 2767 hac
482 2730 620 2774 synodo
642 2730 795 2773 Episcopi
806 2729 975 2763 oecultum
996 2727 1045 2761 illi
1065 2727 1185 2762 Nesto-

299 2784 491 2818 rianismum
514 2806 525 2823 ,
560 2779 707 2824 adeoque
743 2779 973 2822 obreptionem
994 2778 1186 2822 impropera-

301 2842 398 2872 runt,
422 2839 664 2876 coegeruntque
677 2829 718 2863 ad
740 2829 943 2873 purgativam
954 2839 1029 2861 cum
1050 2827 1116 2870 jam
1139 2827 1186 2861 di-

303 2885 356 2918 &o
377 2882 584 2917 anathemate
603 2879 833 2924 professionem
848 2903 856 2911 .
883 2879 927 2912 Et
949 2876 1027 2911 hinc
1050 2879 1117 2921 ipsa
1143 2878 1187 2912 fa·

307 2934 356 2967 &a
368 2957 378 2973 ,
404 2933 456 2968 isti
467 2933 567 2966 iidem
581 2929 734 2973 Episcopi
746 2927 895 2972 gloriofis
905 2927 1068 2971 judicibus
1088 2927 1187 2961 accla-

305 2990 455 3017 marunt:
482 2982 677 3015 Theodoretus
687 2981 795 3023 dignus
816 2977 853 3018 est
873 2976 960 3021 sede:
988 2976 1122 3018 Ecclefiae
1143 2988 1185 3009 or-

306 3031 484 3067 thodoxum.
512 3030 635 3075 Ecclesia
658 3030 805 3070 Pastorem
823 3033 949 3070 recipiat
975 3052 982 3060 .
1010 3026 1188 3068 Archi-Epi-

302 3081 387 3126 scopo
399 3084 490 3114 Leoni
501 3082 604 3114 multos
615 3092 710 3114 annos
720 3105 728 3112 .
756 3077 822 3119 Post
836 3081 935 3112 Deum
947 3081 1007 3111 Leo
1010 3077 1168 3118 ‚iudicavit
1180 3088 1187 3109 :

310 3132 485 3165 Theodoreto
496 3130 630 3163 catholico
641 3130 758 3163 Dot¹lori
768 3129 915 3162 reddatur
927 3126 1052 3169 Ecclefia
1065 3151 1072 3157 .
1084 3126 1188 3173 Qod

309 3181 470 3226 judicium
483 3179 630 3215 Romani
642 3180 804 3224 Legati&
815 3178 924 3213 omnis
937 3177 1089 3221 Synodus
1100 3187 1186 3211 com·

1242 1485 1408 1510 contentum
1412 1475 1556 1520 fiesctpere
1566 1490 1648 1512 eum.
1676 1483 1708 1512 Si
1718 1481 1866 1521 Nestorius
1879 1482 2069 1521 &Eutyches
2087 1481 2129 1524 fi-

1242 1528 1304 1559 mili
1314 1528 1397 1560 modo
1415 1534 1555 1570 proprias
1581 1528 1706 1570 haereses
1728 1531 2044 1575 anathematizarffi'nt,
2071 1544 2131 1565 om·

1242 1578 1327 1609 nibus
1339 1578 1436 1610 modi:
1447 1583 1536 1610 etiam
1547 1579 1592 1610 illev
1595 1577 1714 1621 sucepti
1727 1581 1851 1623 ficissent
1872 1585 1893 1614 ἃ
1911 1581 2029 1625 fandis
2051 1585 2131 1615 Con-

1242 1627 1319 1660 ciliis
1332 1651 1339 1659 .
1366 1624 1464 1660 Adeo
1474 1628 1559 1662 male
1573 1629 1679 1663 nostra
1696 1629 1749 1665 hic
1760 1630 1912 1673 Synodus
1933 1632 2127 1667 insufficien-

1243 1677 1284 1711 tis
1295 1675 1499 1711 discuffionis
1509 1679 1690 1713 accusatur.

1294 1727 1372 1760 Post
1386 1738 1552 1770 receptum
1564 1726 1818 1765 Theodoretum
1832 1731 1951 1775 praefati
1962 1726 2127 1775 'Episcopi

1244 1777 1369 1810 rursum
1383 1777 1523 1811 clamatu
1531 1788 1585 1811 nt:
1616 1779 1858 1815 Anathematizet
1878 1783 1913 1815 <5
1954 1781 2128 1823 aphtonius.

1245 1828 1287 1860 Et
1301 1826 1419 1860 iterum
1431 1840 1442 1859 .·
1468 1830 1499 1859 E
1501 1838 1515 1861 t
1517 1831 1550 1872 J
1552 1839 1658 1860 oannes
1672 1831 1756 1862 moda
1766 1830 2003 1864 anathematizet
2014 1856 2023 1862 .
2045 1829 2129 1865 Asta

1245 1876 1414 1920 synodalia
1449 1875 1538 1918 ajunt
1562 1877 1785 1921 Sophronium
1812 1881 1904 1914 fuisse
1932 1881 2131 1923 Episcopum

1245 1925 1530 1960 Constantiensem
1552 1952 1562 1967 ‚
1599 1930 1776 1962 annotatio
1811 1931 2001 1974 marginalis
2040 1930 2131 1965 Con-

1246 1976 1453 2009 stantinesern
1479 2001 1486 2007 .
1535 1977 1663 2012 Eodem
1687 1979 1790 2013 modo
1825 1979 1995 2014 civitatem
2037 1980 2131 2014 istam

1246 2035 1342 2060 vocat
1356 2026 1545 2070 marginalis
1560 2028 1738 2061 annotatio
1758 2028 1799 2062 ad
1823 2030 1963 2073 primum
1976 2030 2132 2073 Procopii

1246 2075 1365 2109 librum
1383 2073 1425 2109 de
1447 2075 1533 2110 bello
1552 2075 1696 2111 Persico.
1725 2078 1859 2113 Textus
1882 2079 2010 2124 pessime
2034 2089 2133 2115 vocat

1247 2125 1598 2170 Constantinopolim.
1640 2127 1678 2162 ln
1707 2129 1850 2163 secundo
1884 2131 1925 2164 de
1957 2129 2132 2172 Iustiniani

1248 2173 1391 2220 Augusti
1406 2174 1550 2209 aedificiis
1561 2176 1645 2214 libro
1665 2177 1731 2221 ipse
1742 2178 1923 2223 Procopius
1932 2183 2027 2214 v'ocat
2040 2179 2132 2214 Con-

1248 2225 1444 2267 stantinam,
1471 2225 1724 2270 Mesopotamia:
1736 2229 1849 2263 urbem
1866 2254 1876 2270 ‚
1904 2231 1921 2263 a
1934 2229 2066 2264 laudato
2078 2229 2132 2273 Ju-

1248 2276 1392 2309 stiniano
1423 2275 1590 2320 insigniter
1610 2278 1780 2312 adversum
1804 2280 1915 2314 Perias
1948 2281 2130 2320 munitam,

1249 2337 1345 2369 atque
1356 2334 1504 2359 ornatam
1517 2351 1525 2359 .
1554 2327 1637 2361 Eam
1650 2327 1898 2363 provinciarum
1910 2341 1947 2363 ac
1959 2330 2132 2373 Episcopa-

1249 2386 1340 2409 tuum
1354 2376 1498 2415 notitia,
1525 2387 1567 2410 ex
1581 2378 1764 2414 Guiiielmo
1786 2380 1872 2421 Tyri
1896 2380 2063 2422 Episcopo
2085 2379 2133 2412 su-

1250 2425 1353 2469 perius
1363 2424 1519 2465 adducta,
1546 2427 1684 2469 ponitin
1709 2426 1878 2462 Osrhoena
1890 2428 2063 2463 Provincia
2075 2427 2134 2463 sub

1250 2474 1467 2518 Metropolita
1480 2475 1663 2511 Edeffeno.
1690 2475 1844 2521 Plerique
1864 2478 2136 2522 Mesopotamiae,

1251 2524 1452 2564 Eufratefite,
1478 2536 1515 2558 ac
1541 2525 1677 2560 aliarum
1700 2527 1923 2562 Orientalium
1946 2529 2135 2564 Provincia-

1251 2585 1322 2609 rum
1337 2574 1490 2617 Episcopi
1507 2598 1517 2614 ‚
1542 2575 1631 2616 quod
1648 2587 1703 2610 aut
1722 2578 1776 2621 ipsi
1798 2589 1854 2612 aut
1877 2579 2019 2622 ipsorum
2045 2589 2135 2613 aute-

1248 2624 1384 2659 cessores
1395 2624 1512 2667 Joanni
1536 2625 1752 2660 Antiocheno
1772 2627 1967 2662 Patriarchae
1984 2627 2134 2663 adversus

1255 2673 1453 2718 Ephefinam
1463 2675 1636 2717 Synodum
1647 2677 1680 2711 &
1693 2677 1800 2712 Sancti
1814 2678 1933 2721 Cyrilli
1945 2678 2134 2713 anathema-

1249 2725 1363 2759 tismos
1376 2723 1531 2759 adsociati
1544 2726 1642 2770 longa
1664 2726 1746 2761 bella
1760 2730 1957 2769 movissent,
1982 2740 2071 2763 erant
2091 2727 2136 2763 de
2185 2743 2195 2747 -

1249 2774 1405 2808 Nestorio
1424 2774 1573 2818 suspecti.
1601 2777 1693 2811 Hinc
1715 2777 1815 2822 igitur
1835 2779 1891 2813 ille
1907 2776 2135 2822 Sophronias,

1248 2825 1304 2869 qui
1318 2825 1446 2859 Domni
1466 2823 1658 2860 Patriarchae
1677 2826 1858 2868 Synodoin
1873 2828 2042 2863 Athanafii
2063 2827 2138 2862 Par·
2162 2852 2164 2855 ψ

1249 2873 1369 2909 rhenfis
1387 2874 1541 2917 Episcopi
1553 2877 1646 2912 causa
1657 2876 1785 2918 adfuit,
1813 2890 1874 2912 nec
1895 2890 1963 2912 non
1985 2880 2019 2913 &
2039 2879 2137 2923 Joan-

1250 2935 1306 2958 nes
1316 2923 1587 2960 Germanicienfis
1599 2924 1639 2960 ad
1651 2926 1817 2961 Eufratern
1831 2928 2031 2972 Episcopus,
2042 2926 2134 2972 quod

1252 2986 1314 3018 prae
1339 2975 1462 3008 caeteris
1489 2976 1594 3010 notati
1631 2975 1751 3016 essent,
1777 2979 1956 3020 specialiter
1992 2977 2136 3020 abjurato

1250 3024 1349 3059 coacti
1365 3025 1460 3065 sunt,
1484 3025 1517 3058 &
1530 3025 1735 3068 abjurarunt.
1762 3027 1855 3062 Hinc
1876 3028 2003 3063 rursum
2025 3026 2133 3062 nestio

1251 3074 1307 3117 qui
1320 3073 1486 3117 Episcopi:
1520 3075 1735 3117 Amphilochius
1759 3077 1896 3112 Sidenfis
1909 3079 1945 3112 in
1967 3074 2134 3122 Pamphy·

1249 3124 1292 3157 lia
1317 3121 1478 3166 Episcopus
1489 3126 1571 3158 moda
1586 3126 1772 3166 Eutychctem
1784 3152 1793 3170 ‚
1820 3128 1862 3163 de
1882 3130 1948 3171 'quo
1974 3138 2015 3161 ex
2033 3125 2132 3160 caufis

1249 3185 1381 3218 gravem
1400 3174 1615 3218 suspicionem
1635 3177 1835 3218 incurrerat,
1871 3176 2128 3212 anathematizet.

308 3231 508 3275 probarunt,
545 3238 645 3274 atque
665 3230 712 3262 ita
733 3227 969 3262 Theodoretus
988 3227 1034 3262 est
1054 3227 1090 3260 in
1112 3227 1190 3261 inte-
1253 3226 1296 3258 Et
1319 3223 1429 3258 statim
1451 3224 1528 3258 ille:
1566 3225 1735 3260 Anathema
1755 3228 1909 3261 maledidio
1926 3223 2070 3264 Eutychi,
2097 3225 2133 3257 er

309 3291 405 3325 grum
423 3281 458 3314 ἀ
478 3279 679 3314 canonicum
701 3277 903 3320 Episcopum
924 3278 1019 3319 plene
1038 3277 1190 3311 reforma-

311 3340 384 3363 tus.
413 3330 480 3375 Qui
501 3325 626 3364 Leonis
642 3328 683 3363 de
707 3327 776 3371 ipso
798 3326 958 3369 judicium
980 3327 1073 3360 fuiffe
1093 3324 1147 3360 hic
1169 3326 1187 3360 a

304 3379 451 3425 ‚Synodo
474 3382 677 3415 rettastatum
696 3378 852 3419 censent,
877 3376 983 3421 palam
1013 3377 1187 3412 falluntur.

1253 3279 1347 3317 quiea
1362 3298 1373 3314 ,
1399 3285 1467 3316 quae
1486 3276 1550 3316 ejus
1557 3273 1631 3318 sant
1643 3298 1652 3314 ‚
1672 3275 1815 3319 sapiunt.
1843 3277 1886 3311 Et
1908 3284 1985 3311 tunc
1998 3272 2131 3318 gloriosi

1252 3324 1374 3369 judices
1394 3323 1571 3360 Affionem
1587 3326 1813 3365 concluserunt
1825 3350 1833 3362 .

1926 3420 2081 3459 ACTIO
