2340 3736
49 1030 112 1062 Li.
126 1040 181 1065 c.7.

47 1185 203 1220 L3.Conc.

47 1225 121 1266 ssph.
130 1233 202 1260 c.35.

47 1415 119 1453 Cas.
133 1418 181 1452 38.

549 142 655 186 De

718 139 1193 184 ‘Co'Nc'sLlo
1263 133 1753 186 Ei’ntero.

1923 157 1980 199 23

236 225 425 270 firte13cdie
446 220 531 261 datis
551 223 593 259 ad
612 222 799 266 Principem
825 220 1112 256 &Maximianum
1178 219 1328 261 scopum.
1356 217 1486 251 Exinde
1509 220 1628 261 prodiit
1640 221 1766 255 occafio
1791 221 1936 265 plurimis
1960 223 2052 267 supra

234 277 378 362 Nestlorii
392 276 601 313 successorem
613 273 769 318 Epistolis
792 271 971 316 apponitur
992 273 1026 305 in
1039 271 1114 315 Epi—

230 339 311 373 grap
337 341 355 362 e

380 341 387 360 :
406 338 412 344 ’
429 325 495 369 Post
529 325 673 365 synodum
693 349 699 356 .
741 322 796 357 Ad
818 322 991 366 synodum
1012 321 1113 364 igitur
1175 319 1305 352 tionum
1326 344 1333 351 .

1178 267 1323 302 adduffis
1342 268 1516 303 calumniis
1529 293 1540 308 ‚
1566 271 1722 315 radixque
1746 283 1905 305 novarum
1917 285 2052 309 couten-

229 379 301 421 post
324 377 495 421 Synodum
518 377 633 420 scripta
656 374 700 409 est
720 372 866 417 Epistola
889 397 901 412 ‚
923 369 1013 414 quod
1036 370 1111 404 dlffi
1175 367 1322 402 cinavere
1345 368 1683 412 admissamaCyrillo
1696 372 1912 405 Orientalium
1938 375 2054 415 profes-

229 427 431 467 Maximiani
445 451 456 467 ,
479 429 596 461 ostavo
610 425 772 459 Kalendas
783 420 986 456 Novembres
1005 422 1113 454 conse·

229 479 335 519 crati,
362 478 594 521 Episcopatum
617 474 788 510 confirmet
812 470 852 505 ad
872 470 941 513 ejus
966 470 1114 504 Relatio-

228 538 305 562 nem
318 551 328 567 ‚
353 540 453 573 quam
473 527 574 562 etiam
595 525 732 560 solutam
755 520 863 555 noluit
877 520 1034 555 Pontifex
1046 513 1109 563 pii-

229 589 306 612 vare
318 577 444 612 honore
457 576 594 620 respons!
607 598 614 606 ·

279 628 421 671 Ioannes
432 622 640 663 Patriarcha‚
667 622 782 657 Aeacii
801 620 1005 656 Berrheenfis
1032 619 1108 664 Epi-

228 678 318 721 scopi
332 680 421 713 suasu
433 700 445 717 ,
470 673 565 710 duxit
583 672 805 707 obediendum
817 698 825 705 .
852 671 1085 708 Nicomediam
1099 695 1110 711 ,

227 729 262 762 ὅ(
283 728 417 772 quidem
428 725 495 759 fine
505 722 719 757 patriarchali
741 723 924 764 comitatu,
949 721 1040 756 adire
1052 733 1109 755 no-

228 778 298 812 lens
317 801 329 818 ‚
353 776 516 811 advocatae
540 775 603 808 suae
627 773 766 816 synodo
788 772 938 816 persuasit
959 771 1108 807 damnari

227 837 305 862 cum
323 826 387 861 suis
399 823 606 867 blasphemiis
617 823 808 858 Nestorium
820 848 830 864 ‚
857 823 1049 866 probarique
1060 831 1109 855 or-

227 874 428 913 dinationem
439 874 641 908 Maximiani
652 898 660 906 .
688 872 795 924 Qod
809 884 950 916 namque
966 870 1110 915 blasphe-

227 936 318 960 mum
338 923 643 970 &incorrigibilem
658 923 818 958 Erronem
842 923 941 957 fuerit
962 922 1027 966 jam
1051 922 1111 964 pri-

225 975 301 1010 dem
323 976 491 1019 pertaesus,
518 974 690 1019 palamque
707 974 828 1009 dixerit
849 972 1106 1017 deportandum,

225 1024 360 1059 testatur
372 1027 530 1070 Evagrius
541 1024 789 1068 Epipnaniensis
800 1048 807 1056 .
833 1021 1002 1057 Faciendae
1015 1023 1111 1056 unio·

226 1075 278 1109 nis
288 1076 451 1120 Legatum
474 1075 708 1110 Alexandriam
718 1075 802 1108 misit
825 1072 967 1107 Paulum
988 1074 1110 1107 Emise-

227 1136 307 1159 num
331 1126 531 1170 Episcopum
545 1149 555 1164 ‚
582 1124 696 1158 volens
718 1124 807 1167 ipse,
834 1123 944 1158 scribit
964 1123 1006 1158 ad
1029 1123 1110 1157 Aca-

224 1174 314 1209 cium
334 1175 583 1211 Melitinensem
596 1175 730 1209 Sanstus
741 1173 905 1218 Cyrinus,
935 1171 1111 1216 Praescribe-

223 1237 256 1258 re
261 1230 348 1267 pacis
357 1226 457 1269 leges,
483 1224 637 1260 &aboleri
647 1230 768 1265 omnia,
794 1235 862 1266 quae
876 1223 928 1257 vel
934 1223 1072 1265 Epistola
1098 1250 1109 1265 ,

227 1275 280 1308 vel
289 1279 398 1316 tomis,
424 1276 478 1309 vel
497 1275 584 1308 libris
604 1276 846 1318 evussaveram‚
872 1274 1040 1316 tenerique
1062 1275 1110 1307 so·

221 1324 289 1359 lam
312 1324 410 1359 fidem
429 1325 623 1360 Nicaenam.
654 1325 863 1367 Responsum
885 1325 978 1359 suum
1001 1323 1109 1357 scribit

223 1374 313 1408 idem
334 1375 482 1419 Cyrinus
502 1374 544 1409 ad
557 1376 730 1409 Donatum
742 1373 1019 1417 Nicopolitanum
1034 1373 1108 1416 Epi-

221 1424 358 1467 scopum
379 1449 391 1465 ,
418 1426 532 1461 veteris
547 1424 638 1469 Epiri
658 1423 913 1467 Metropolitam
936 1448 943 1455 .
971 1427 1108 1456 Meminit

220 1474 374 1508 SanHitas
385 1478 451 1508 Tua
462 1483 556 1517 nuper
579 1474 694 1517 prefi
701 1485 812 1517 quoque
837 1471 986 1515 ejusmodi
997 1473 1106 1507 abillis

215 1523 379 1566 propositas
404 1527 585 1559 conditiones
615 1551 622 1557 .
650 1528 717 1568 Ego
740 1525 785 1556 ad
804 1523 866 1557 baec
892 1523 1027 1566 rescripsi
1043 1535 1107 1557 rem

219 1575 288 1607 illos
296 1575 463 1617 postulare,
489 1587 557 1618 quae
575 1576 644 1619 fieri
664 1576 759 1616 plane*
771 1585 827 1607 non
842 1575 924 1615 pofflt
936 1598 946 1614 ,
973 1577 1005 1607 eo
1027 1575 1108 1616 quod

219 1634 411 1666 quacumque
417 1624 589 1668 scripsimus
599 1649 610 1665 ,
637 1623 720 1659 reite
733 1625 961 1667 scripserimus,
975 1623 1106 1666 nihilque

220 1685 259 1706 ex
282 1679 326 1706 eis
346 1685 451 1717 negare
470 1686 523 1708 nos
543 1676 623 1718 poffe
640 1699 647 1706 .
675 1673 752 1707 Post
780 1675 885 1716 plures
905 1672 1038 1708 tandem
1059 1674 1106 1706 ul·

220 1722 275 1756 tre)
306 1725 455 1766 citroque
484 1724 607 1758 litteras
626 1723 791 1757 sublatum
822 1724 866 1757 est
893 1723 1106 1762 scandalum,

218 1769 360 1805 stabilita
385 1772 601 1807 Ecclesiarum
619 1777 705 1816 pax,
731 1771 852 1805 Paulus
877 1773 1054 1809 Emisenus
1068 1782 1104 1806 ut

217 1830 330 1865 gratus
350 1819 468 1866 hospes
489 1823 643 1858 admissus
663 1822 703 1856 ad
718 1820 912 1855 celebranda
935 1822 1104 1866 &populo

220 1871 436 1914 impartienda
457 1873 582 1907 Divina
604 1894 615 1912 ‚
641 1872 790 1916 Cyrillus
811 1872 989 1906 solemnem
1013 1872 1103 1911 illam

225 1921 315 1964 pacis
337 1921 519 1965 Epistolam
540 1923 681 1967 scripsit,
708 1921 798 1966 cujus
818 1922 995 1956 exordium
1017 1923 1104 1963 „lae-
1128 1939 1131 1962 7

216 1980 319 2004 rentur
341 1974 405 2005 coeli
429 1974 463 2006 (5
479 1975 592 2007 exultet
616 1982 700 2007 terra
721 1996 731 2012 ,
758 1973 892 2006 unionis
912 1972 1041 2008 decreto
1066 1974 1099 2007 in

217 2020 358 2062 synodo
368 2022 561 2057 Florentina
573 2024 708 2067 praefixit
718 2023 817 2056 etiarn
832 2023 1002 2067 Eugenius
1012 2035 1103 2068 quar-

219 2079 291 2101 tus.
318 2071 401 2115 Qae
419 2073 534 2106 omnia
555 2074 680 2107 Xixtus
701 2072 814 2107 tertius
826 2072 912 2116 Papa
934 2084 1010 2107 cum
1022 2085 1101 2118 gau-

221 2117 280 2152 dio
291 2119 500 2154 confirmavit
511 2145 518 2152 .

266 2166 378 2212 Pergit
389 2167 536 2213 Cyrillus
557 2171 592 2203 in
618 2170 735 2205 litteris
759 2170 799 2205 ad
811 2171 986 2204 Donatum
996 2172 1099 2206 Nico·
1128 2184 1130 2186 ·

217 2216 400 2261 politanum
415 2242 422 2249 .
449 2220 529 2251 sciat
549 2222 584 2253 (9·
595 2219 646 2252 hoc
661 2232 773 2262 quoque
785 2224 850 2253 Tua
859 2220 1015 2253 saneim:
1035 2223 1101 2254 reli-

212 2266 390 2311 giofiffimum
411 2266 591 2312 Episcopum
613 2272 743 2303 Paulum
766 2275 853 2302 initio
872 2271 1037 2312 plurimum
1058 2276 1100 2303 in-

209 2316 311 2361 flitffe
344 2318 476 2351 Helladii
499 2317 693 2354 Tharsensis
713 2343 724 2360 ‚
748 2319 890 2361 Eutherii
916 2318 1102 2362 Thyanen-

216 2367 277 2408 fis,
303 2371 430 2401 Himera·
449 2369 710 2404 Nicomediensis
723 2394 734 2409 ,
760 2371 794 2404 ἴς
807 2369 948 2403 Dorothei
974 2370 1099 2404 Metro·

216 2417 327 2460 politae
336 2418 648 2462 Marcianopolitani
673 2419 786 2464 causa,
813 2420 975 2462 obnixeque
1001 2419 1098 2463 rogas:

211 2465 246 2511 fir
257 2489 268 2506 ‚
293 2477 327 2501 ut
341 2479 408 2510 quae
430 2478 534 2502 contra
544 2468 621 2512 ipsos
645 2471 764 2503 decreta
784 2479 872 2503 erant
885 2495 896 2511 ‚
917 2470 1094 2513 abrogaren-

215 2526 267 2549 tur
280 2541 288 2550 .
314 2518 490 2560 Affirmabat
500 2525 578 2552 enim
594 2529 698 2562 pacem
712 2519 904 2561 Ecclefiarum
927 2522 1017 2552 aliter
1027 2529 1097 2562 per-

212 2566 263 2609 fici
281 2568 440 2610 nonpoffi·‚
469 2568 524 2610 nisi
540 2571 575 2602 id
585 2582 700 2613 quoque
714 2570 818 2613 fuz’ffiaet
830 2569 1000 2610 adjec‘ium.
1029 2574 1094 2613 Ego

217 2618 290 2649 verb
310 2615 522 2660 respondebam
540 2631 604 2652 rem
615 2619 712 2663 ipsum
734 2621 830 2653 modis
843 2620 976 2652 omnibus
987 2618 1094 2663 impos-

211 2665 324 2707 fibilem
344 2672 467 2708 conari,
493 2671 525 2702 eo
535 2670 617 2712 quod
635 2682 686 2703 nos
707 2670 786 2711 istud
806 2681 956 2712 nunquam
975 2671 1094 2712 effi’mus

215 2715 394 2759 permtffuri.
421 2714 600 2761 Manserunt
620 2724 721 2762 itaque
741 2726 776 2753 in
795 2721 894 2754 eodem
912 2718 1072 2764 schismate
1084 2744 1094 2759 ‚

212 2773 250 2798 rin
272 2777 328 2808 quo
348 2778 424 2802 nunc
443 2773 535 2803 etiam
551 2767 749 2812 perseverant
761 2794 772 2810 ‚
798 2778 891 2812 neque
911 2770 973 2803 ulla
996 2782 1095 2803 eorum

215 2821 248 2848 in
269 2817 483 2851 conditionibus
505 2820 542 2852 de
547 2827 623 2861 pace
633 2819 829 2861 Ecclefiaerum
842 2818 995 2862 propositis
1007 2819 1096 2862 falla

214 2864 393 2905 estmentio.
419 2868 582 2903 Dorothei
605 2871 730 2904 crimen
753 2880 871 2904 notum
884 2869 929 2904 est
943 2893 954 2908 ‚
979 2868 1093 2913 reliqui

216 2915 304 2950 haud
322 2915 422 2950 dubie
440 2918 474 2951 δε
487 2918 542 2962 ipfi
561 2919 596 2953 &
609 2920 767 2955 Nestorio
789 2921 969 2964 pertinaces
990 2918 1091 2954 adhae-

214 2966 324 2999 serunt
337 2991 344 2998 .
374 2964 496 3001 Eadem
514 2968 555 3003 de
581 2971 675 3004 causa
698 2968 908 3004 Theodosius
927 2968 1094 3014 Augustus

213 3015 232 3049 e*
243 3014 499 3059 Metropolitana
510 3018 695 3062 Tyriorum
713 3019 866 3054 cathedra
889 3019 1021 3054 extrusit
1034 3019 1094 3054 Ire·

214 3076 321 3099 naeum
345 3089 356 3105 ,
381 3066 464 3109 Cyri
487 3079 587 3112 nuper
609 3069 754 3104 defuncti
778 3070 1009 3109 successorem,
1035 3081 1093 3113 pro

213 3125 281 3159 quo
292 3113 526 3151 Theodoretus
537 3119 658 3162 scripsit
669 3131 786 3154 vanam
798 3119 1003 3164 Apologiam
1015 3145 1022 3152 .

266 3165 419 3208 Capitula
432 3176 541 3201 tamen
551 3171 705 3212 acceptari
720 3170 868 3213 Cyrillus
879 3181 947 3203 non
961 3172 1070 3215 exegit
1084 3196 1090 3203 .

214 3215 269 3249 De
290 3215 502 3250 MaximIano
515 3217 888 3264 Constantinopolitano
901 3220 1066 3264 Episcopo
1081 3245 1091 3260 ,

206 3276 251 3298 .ac
270 3265 338 3308 ejus
361 3265 498 3309 Synodo
522 3268 591 3301 falli
621 3269 721 3304 credo
744 3269 935 3304 Liberatum
958 3270 1094 3305 Cartha-

214 3315 385 3360 ginensem
406 3341 414 3348 .
444 3317 528 3351 Eam
549 3318 639 3352 enim
662 3318 705 3352 rei
729 3319 932 3363 impoffibilis
954 3320 1094 3363 postula-

213 3365 341 3399 tionem
363 3365 423 3400 fibi
438 3366 463 3399 -ὲ
483 3366 554 3402 solo
582 3368 708 3411 Joanne
732 3367 945 3404 Antiocheno
967 3381 1004 3404 ac
1026 3370 1094 3412 ejus

214 3404 351 3456 Sfiiodo
372 3417 490 3451 fastam
513 3417 623 3452 scribit
647 3417 760 3452 diserte
781 3418 927 3462 Cyrillus
949 3419 989 3453 ad
1012 3419 1092 3453 Aca-

215 3463 304 3499 cium
326 3466 513 3509 Melitinae‚
537 3468 572 3503 ἀ
595 3468 769 3504 Donatum
793 3468 995 3513 Nicopoleos
1020 3468 1092 3514 Epi-

1175 419 1295 453 sionem
1318 421 1380 453 effe
1403 418 1694 462 suumipfiffimum
1715 422 1854 466 dogma,
1882 423 2055 465 secumque

1172 468 1238 511 jam
1259 469 1475 513 &Cyrillurn
1500 468 1637 503 sentire.
1666 469 1731 502 Sub
1751 472 1817 513 ejus
1839 473 1974 506 nomine
1995 474 2053 505 fin-

1176 530 1291 554 xerunt
1302 520 1487 563 Epistolam
1498 519 1700 563 poenitentiae
1712 520 1752 552 de
1767 522 1828 554 suis
1851 523 1934 566 apud
1948 522 2053 566 Ephe-

1102 572 1118 592 s
1175 570 1244 603 sum
1270 569 1361 604 Astis
1380 595 1391 611 ‚
1417 571 1498 614 quin
1520 570 1555 604 ὃς
1575 570 1726 613 scriptam
1750 572 1834 612 quasi
1858 573 1874 605 a
1895 571 2054 616 Philippo

1173 619 1334 654 Romanae
1348 620 1496 654 Ecclesiae
1504 618 1720 662 Presbytero,
1747 631 1783 653 ac
1804 621 1843 653 ad
1860 621 2055 664 Ephesinam

1173 669 1346 712 Synodum
1367 671 1496 715 Legato
1508 694 1520 711 ,
1547 669 1730 712 Epistolam
1757 682 1797 703 ex
1811 673 1945 704 nomine
1957 673 2054 707 Xixti

1172 718 1260 753 tertii
1288 719 1462 754 Pontificis
1483 745 1495 761 ‚
1529 719 1672 755 dolentis
1706 719 1851 754 Nestorii
1879 719 2056 764 depositio-

1174 780 1248 803 nem
1261 793 1272 809 ‚
1297 770 1394 813 eique
1409 771 1573 804 auxilium
1584 771 1753 815 quaerentis
1763 795 1770 802 .
1801 770 1872 804 Esse
1886 769 2054 807 mendacia

1171 819 1315 854 ostendit
1340 819 1372 852 in
1398 820 1537 855 laudatis
1558 820 1599 854 ad
1622 820 1785 854 Acacium
1807 821 2055 855 Melitinensem

1172 869 1286 904 litteris
1299 869 1447 913 Cyrillus
1456 896 1466 911 ,
1479 872 1513 905 ἀ
1525 871 1615 905 addit
1629 883 1635 902 :
1649 869 1965 914 XixtussanHffmus
1978 873 2055 913 Epi-

1166 917 1271 962 scopus
1277 918 1392 963 firipfit
1401 919 1643 964 confinafhnc'lae
1657 922 1775 961 synodo,
1793 929 1892 954 omnia
1903 923 1985 954 illius
1998 933 2054 964 ge-

1167 969 1215 1011 sta
1225 969 1436 1012 confirmavit,
1466 971 1656 1015 &nobiscum
1672 970 1785 1014 sentit.
1812 971 1971 1006 Attamen
1989 972 2053 1005 Ca-

1172 1019 1351 1062 pitulorum
1375 1033 1431 1064 per
1440 1021 1627 1056 Orientales
1647 1022 1829 1065 acceptatio
1853 1021 1938 1056 hisce
1961 1021 2053 1055 maiis

1175 1069 1298 1103 nullam
1311 1071 1471 1113 irrependi
1483 1072 1597 1106 rimam
1610 1070 1698 1106 hiare
1709 1072 1895 1115 permisisset
1909 1097 1916 1104 .

1222 1119 1266 1152 Et
1287 1118 1355 1153 haec
1367 1121 1412 1153 est
1438 1122 1530 1154 causa
1543 1146 1554 1160 ‚
1580 1133 1638 1155 cur
1649 1134 1689 1155 ex
1713 1121 1930 1156 Antiocheno
1950 1121 2056 1156 Sansti

1174 1169 1326 1212 Euprepii
1341 1169 1544 1204 Monasterio
1555 1170 1689 1212 ejectum
1702 1171 1902 1213 Nestorium,
1916 1172 2057 1206 nudum·-

1171 1219 1277 1262 que&
1287 1219 1421 1262 inopem
1434 1244 1445 1259 ‚
1456 1219 1618 1263 deportari
1628 1220 1750 1263 jusserit
1762 1220 1930 1264 Augustus
1943 1222 2063 1256 Theo-r

1171 1270 1276 1303 dosius
1286 1294 1297 1309 ,
1323 1268 1390 1310 ejus
1399 1269 1486 1304 bona
1498 1270 1644 1304 Ecclesiae
1654 1270 2030 1313 Constantinopolitanae
2046 1296 2058 1311 ‚

1170 1319 1270 1353 libros
1282 1320 1515 1364 igni,sequaces
1525 1318 1677 1355 addicens
1688 1322 1812 1354 cunetis
1832 1320 2056 1354 haereticorum

1171 1368 1274 1412 poenis
1287 1394 1294 1401 .
1332 1370 1464 1404 Sacrum
1478 1370 1631 1404 Edictum
1642 1393 1654 1410 ,
1690 1368 1810 1404 Isidoro
1831 1370 2057 1404 Praetoriorum

1170 1420 1323 1454 Praefedto
1348 1421 1527 1461 dimdium,
1547 1421 1681 1454 mandat
1701 1419 1872 1454 hominem
1893 1420 2058 1464 deportari

1171 1469 1298 1512 Petras3
1327 1470 1487 1514 Evagrius
1499 1481 1609 1505 autem
1622 1469 1872 1516 Epiphanienfis
1891 1471 1936 1504 ait
1947 1471 2060 1514 depor-

1170 1530 1275 1555 tatum
1288 1522 1387 1555 Oafin
1402 1520 1515 1564 Lybiae
1528 1546 1538 1561 ,
1565 1532 1673 1555 veram
1684 1521 1878 1556 calamitatis
1897 1522 2032 1554 domum
2046 1545 2059 1560 ‚

1171 1570 1211 1609 ad
1226 1581 1324 1612 quam
1345 1571 1363 1604 a
1391 1570 1590 1605 Constantio
1613 1570 1768 1616 Augusto
1780 1571 1933 1615 proscribi
1956 1571 2058 1605 etiam

1157 1620 1321 1653 ‹Sanstum
1335 1618 1551 1654 Athanasium
1564 1623 1688 1656 curavit
1718 1633 1856 1664 nequam
1870 1621 1980 1655 Fadio
1991 1622 2057 1654 Eu-

1172 1669 1310 1704 sebiana.
1328 1669 1458 1714 Nempe
1469 1670 1560 1704 exilii
1574 1671 1686 1705 locum
1698 1670 1743 1705 ob
1754 1682 1874 1705 novam
1887 1673 2007 1714 semper
2019 1671 2055 1703 in

1171 1718 1369 1762 blasphemia
1382 1720 1593 1763 pertinaciam
1615 1720 1691 1764 saepe
1703 1720 1875 1755 Nestorius
1897 1721 2034 1754 mutavit
2047 1744 2056 1752 .

1170 1770 1284 1804 Exstat
1307 1769 1360 1804 lex
1382 1780 1514 1810 vetans,
1543 1782 1584 1805 ne
1607 1773 1680 1814 quis
1701 1781 1814 1815 praeter
1837 1770 2055 1815 Aug-:statem

1168 1818 1356 1853 Praefestum
1367 1845 1377 1860 ,
1399 1831 1456 1854 aut
1470 1821 1616 1865 AEgypti
1639 1822 1768 1855 Ducem
1780 1821 1928 1865 deportet
1943 1822 1976 1854 in
1990 1822 2057 1854 Oa-

1168 1870 1213 1904 sln
1228 1895 1238 1910 ,
1265 1882 1324 1903 nec
1346 1871 1428 1904 ultra
1453 1872 1507 1905 sex
1532 1873 1656 1905 menses
1669 1883 1723 1905 aur
1734 1871 1821 1905 certe
1847 1882 1971 1904 annum
1985 1870 2056 1903 istic

1167 1919 1239 1963 quis
1250 1918 1456 1954 detineatur:
1483 1921 1692 1964 Obinsignes
1703 1921 1769 1955 loci
1793 1921 1956 1954 miserias.
1986 1919 2058 1953 An-

1156 1968 1290 2009 =tiochia
1309 1971 1532 2013 exportandus
1558 1970 1674 2005 dixisse
1700 1972 1800 2004 fertur
1816 1982 1826 2001 :
1851 1973 1942 2003 Sacra
1968 1974 2056 2014 Virgo
2093 1966 2118 1994 «ῑῖ

1166 2021 1284 2053 dicatur
1297 2020 1510 2054 DElPARA
1525 2047 1535 2061 ‚
1564 2023 1599 2055 (ν
1608 2033 1657 2060 ea,
1669 2020 1883 2063 quaefecerunt
1891 2019 2055 2060 tristitiam,
2079 2015 2101 2034 C*

1166 2069 1386 2113 conquiescant.
1408 2070 1562 2104 Atfidem
1577 2070 1693 2104 nullibi
1705 2072 1829 2104 invenit
1844 2096 1850 2102 .
1880 2071 1958 2113 Ejus
1970 2068 2055 2113 apud

1166 2121 1267 2154 Oasin
1290 2120 1487 2154 afflictiones
1514 2122 1608 2153 refert
1622 2120 1773 2153 laudatus
1798 2120 1973 2164 Evagrius.
2007 2119 2055 2153 At

1165 2181 1268 2202 earum
1278 2171 1439 2207 utilitatem
1449 2170 1500 2202 ille
1506 2171 1642 2211 perdidit
1655 2194 1665 2209 ‚
1693 2170 1806 2212 utpote
1818 2182 1931 2203 corum
1944 2182 1962 2202 u
1970 2181 2029 2202 nus
2043 2194 2053 2208 ,

1166 2217 1206 2251 ad
1218 2230 1300 2262 quos
1310 2221 1343 2251 in
1359 2219 1447 2251 libris
1469 2219 1510 2252 de
1521 2220 1585 2252 Dei
1598 2219 1732 2252 civitate
1744 2222 1875 2255 Sani‘tus
1901 2221 1997 2263 Augu
2005 2219 2055 2252 sti-

1170 2280 1246 2301 nus:
1276 2266 1525 2310 Misi‘rrimifac‘li
1547 2268 1614 2308 estis
1626 2294 1636 2309 ,
1664 2271 1813 2311 &peffimi
1833 2269 2031 2311 permansistis
2043 2295 2050 2302 .

1165 2318 1296 2362 Lingua
1308 2317 1343 2350 in
1357 2318 1478 2352 saniem
1492 2319 1577 2352 versa
1591 2329 1740 2353 mortuus
1767 2320 1811 2353 est
1824 2343 1835 2358 ‚
1860 2319 1939 2353 teste
1950 2320 2052 2353 Geor-

1163 2367 1222 2412 gio
1234 2366 1388 2402 Cedreno
1401 2392 1412 2407 ,
1438 2367 1684 2411 blasphemans:
1714 2370 1866 2405 Hac‘lenus
1891 2370 1974 2402 nobis
1983 2378 2053 2411 per-

1157 2416 1284 2460 suasum
1305 2429 1361 2450 non
1373 2417 1411 2458 est
1432 2421 1565 2452 Mariam
1574 2420 1627 2463 effe
1652 2423 1710 2452 Dei
1723 2426 1916 2464 genitricem.
1946 2420 1992 2453 lta
2006 2431 2052 2452 ra-

1164 2478 1236 2510 ptus
1247 2469 1282 2502 in
1306 2468 1538 2512 sempiternum
1550 2480 1711 2504 carcerem
1738 2470 1941 2514 blasphemiae·
1954 2471 1987 2503 &
1999 2482 2052 2514 ge-

1162 2516 1280 2552 hennae
1294 2542 1302 2550 .

1210 2568 1322 2602 Etiam
1342 2568 1515 2604 damnatos
1527 2569 1724 2616 Pelagianos
1750 2580 1828 2604 tunc
1842 2571 1860 2604 a
1875 2572 1906 2604 se
1925 2570 2056 2614 ablega-

1160 2617 1357 2661 vitJoannes
1381 2619 1632 2655 Antiochenus.
1661 2621 1855 2663 Desperatus
1866 2632 1903 2654 ac
1922 2619 2052 2654 consilii

1158 2668 1254 2712 inops
1275 2668 1422 2711 Julianus
1449 2669 1594 2704 Romam
1613 2672 1701 2704 venit
1722 2671 1759 2704 ad
1775 2670 1873 2704 Xixti
1898 2671 1985 2704 tertii
2001 2682 2053 2713 pe-

1158 2717 1234 2757 des,
1260 2718 1442 2762 implorans
1455 2720 1562 2754 Sancii
1589 2720 1843 2764 ApostoliPetri
1873 2719 2051 2754 misericor-

1158 2769 1245 2802 diam
1266 2768 1354 2812 quafi
1377 2770 1553 2812 poenitens.
1583 2771 1708 2806 Verum
1732 2771 1862 2804 Sanctus
1886 2770 1955 2804 Leo
1982 2781 2054 2803 ma-

1156 2830 1242 2863 gnus
1266 2841 1277 2859 ,
1303 2819 1452 2853 Ecclefiae
1474 2819 1634 2855 Romanae
1656 2830 1736 2855 tunc
1759 2819 2051 2854 Archi-Diaconus

1160 2870 1228 2902 sista
1240 2867 1398 2912 judicavit
1423 2871 1537 2905 omnia
1551 2894 1562 2911 ,
1590 2870 1727 2913 ideoque
1741 2870 1860 2904 divinae
1876 2881 1930 2914 per
1942 2871 2049 2913 ipsum

1159 2918 1320 2953 hostiliter
1345 2919 1486 2954 nimium
1513 2922 1667 2966 impetitae
1688 2920 1939 2965 gratiaejinuam
1965 2920 2052 2954 clau-

1156 2968 1297 3004 dendam
1323 2994 1333 3010 ,
1361 2970 1554 3015 penitusque
1578 2969 1800 3014 abjiciendum
1826 2970 2050 3004 turbulentum

1158 3019 1328 3054 hominem
1351 3022 1525 3063 persuasit,
1552 3023 1645 3056 utiin
1660 3021 1830 3056 Chronico
1845 3020 1953 3055 scribit
1976 3021 2051 3054 San-

1158 3072 1225 3104 ‹stus
1239 3069 1375 3113 Prosper
1389 3095 1400 3110 ,
1427 3082 1464 3104 ac
1475 3072 1589 3106 exilio
1602 3072 1816 3105 Hermannus
1830 3071 2026 3105 Contrastus
2041 3094 2049 3101 .

1160 3118 1282 3163 Abjiffe
1292 3119 1332 3154 ad
1355 3120 1484 3154 Siculos
1494 3119 1753 3155 diciturinfoelix
1776 3121 2022 3163 Ex-Episcopus
2039 3143 2049 3158 ,

1157 3171 1190 3204 δε
1202 3170 1243 3204 ad
1255 3169 1494 3203 sustentandam
1507 3171 1720 3206 miserabilem
1732 3172 1831 3205 vitam
1848 3171 1948 3214 prima
1961 3169 2049 3203 litte·

1158 3231 1263 3253 rarum
1283 3218 1467 3254 rudimenta
1489 3233 1603 3263 pueros
1614 3221 1757 3255 docuisse
1785 3219 1935 3262 usquead
1963 3229 2048 3253 mor-

1158 3281 1222 3305 tem
1233 3294 1244 3311 ‚
1271 3270 1357 3314 quasi
1370 3270 1450 3305 alter
1462 3271 1640 3316 Dionysius
1656 3269 1814 3308 ,Corinthi
1829 3294 1835 3300 .

1917 3516 1998 3553 CA-

1361 318 1563 367 Qiinimmd
1592 319 1780 355 Nestoriani
1817 321 1938 365 ubique
1958 323 2055 356 ebuc⁴
2119 338 2121 340 ¹

2076 2351 2099 2377 1³.
2126 2361 2139 2378 2
2147 2360 2190 2385 79.
