2340 3736
325 101 422 147 286

263 181 399 225 Synodo
414 182 578 225 Berytensi
591 179 748 225 objectis,
773 181 808 216 &
832 191 887 226 per
909 181 1000 215 Ibam
1022 180 1144 224 ejeratis

262 233 347 266 dixit
361 232 452 266 fuisse
463 232 562 266 etiam
572 234 728 266 famosam
740 230 920 275 Epistolam
937 257 943 263 .
966 233 1012 264 At
1024 229 1143 264 veroin

265 282 636 327 constantinopolitana
657 293 732 317 curn
760 281 940 316 Severianis
964 279 1144 313 conatione

266 333 437 377 Hypatius
448 333 661 377 Ephesiorum
672 333 798 367 Primas
824 332 865 366 de
886 330 950 363 Ibae
961 330 1146 372 receptione

268 384 354 418 dixit
383 383 466 418 istud
495 383 598 428 ipsum
615 407 626 424 ,
652 383 741 426 quod
768 381 858 425 supra
885 381 926 414 de
963 379 1147 422 receptione

270 433 497 469 Theodoreti.
525 433 612 468 Rem
637 433 816 477 scabrosam
844 429 1066 463 dimittamus.
1095 429 1150 462 Li·

270 495 348 529 quet
362 484 491 517 interim
505 483 684 529 Epistolam
697 485 713 517 a
727 484 822 530 plena
834 480 972 527 Synodo
996 490 1064 514 non
1079 479 1151 513 fuis-

262 539 304 574 se
324 543 504 578 receptam.

220 872 230 884 ‚
267 805 327 862 A
358 803 408 859 C
436 801 534 858 TI
561 803 615 856 o
666 798 1151 862 APPEND1X‚

301 985 364 1026 vDe
400 975 595 1025 Alimentis
633 977 770 1021 Domni
795 970 1120 1021 Ex-Patriarchae

589 1040 804 1091 Antioche-ai
815 1079 828 1091 .

386 1234 527 1269 Aximus
540 1230 731 1267 Antiochiae
742 1229 930 1266 Patriarcha
942 1230 1000 1265 sub
1010 1231 1150 1265 Domno

410 1284 623 1319 Anteceffore
649 1285 707 1316 suo
745 1307 755 1324 ,
791 1292 845 1327 per
872 1281 1073 1325 Ephefinum
1109 1280 1151 1313 la-

269 1336 449 1370 trocinium
461 1360 472 1376 ,
498 1344 555 1369 aut
592 1333 699 1378 potius
735 1343 789 1376 per
825 1334 975 1367 Sanstum
1003 1332 1150 1365 Leonem

268 1386 469 1420 Pontificem
520 1383 696 1427 degradato
734 1406 745 1423 ,
783 1383 885 1416 fuerat
933 1392 1037 1425 nuper
1074 1380 1152 1413 Dia-

267 1446 373 1471 conus
408 1436 442 1469 &
478 1433 582 1468 Archi
595 1450 606 1458 -
619 1431 786 1467 Mandrita
812 1457 822 1473 ,
859 1433 965 1476 ipsum
992 1455 1002 1470 ,
1037 1429 1151 1472 utpote

267 1487 376 1521 virum
389 1483 552 1519 eruditum
577 1495 614 1517 ac
626 1483 825 1517 eminentem
836 1507 847 1522 ‚
872 1482 1030 1515 dilexerat
1043 1490 1080 1513 ac
1094 1479 1146 1512 ho·

267 1546 399 1571 norarat
411 1559 422 1575 ‚
452 1533 592 1575 ideoque
605 1533 685 1566 fasta
697 1531 784 1564 illius
798 1541 852 1573 per
862 1532 987 1575 legatos
1009 1527 1150 1574 Aposto-

262 1587 350 1620 licos
362 1586 453 1629 supra
464 1581 599 1617 adducta
611 1581 782 1615 mentione
797 1580 870 1614 usus
888 1582 923 1614 in
935 1578 1072 1623 ejusdem
1083 1589 1151 1623 gra<

264 1638 350 1671 tiam
364 1658 374 1674 ‚
400 1632 440 1668 ad
452 1633 639 1677 praesentem
652 1631 826 1665 Actionem
847 1630 1078 1666 abiturientem
1103 1629 1147 1663 ess

265 1686 507 1720 interlocutus:
536 1685 678 1724 Deprecor
700 1680 989 1725 magnificentiffimos
1007 1681 1125 1722 judices
1140 1703 1151 1719 ,

267 1739 303 1770 Θ
314 1735 447 1774 santiam
461 1733 536 1766 hanc
562 1734 596 1766 (9⁸
635 1730 835 1774 universalem
857 1733 997 1769 synodum
1010 1755 1020 1770 ,
1046 1738 1080 1763 ut
1100 1729 1148 1762 hu-

264 1792 445 1820 manitatem
464 1794 597 1818 exercere
628 1788 660 1815 in
671 1785 782 1814 Domno
795 1805 805 1822 ,
830 1786 882 1823 qui
899 1780 966 1822 fuit
989 1778 1150 1813 Antiochiae

265 1834 433 1879 Episcopus
444 1860 454 1875 ‚
484 1835 645 1877 dignemini
661 1856 671 1872 ‚
697 1834 731 1866 (⁹⁸
733 1831 862 1872 statuere
875 1836 902 1864 ei
912 1839 1002 1864 certos
1011 1828 1148 1873 fiimptus

266 1888 304 1919 cle
317 1884 464 1927 Ecclesia,
489 1895 555 1925 quae
576 1881 631 1926 sub
644 1894 690 1915 me
711 1882 766 1922 esr’.
794 1880 995 1924 Apostolicis
1018 1880 1151 1925 Legatis

266 1936 372 1980 pietas
384 1935 529 1978 placuit,
556 1931 844 1975 respondentibus:
872 1930 996 1963 sandius
1023 1932 1058 1964 (⁰5
1084 1929 1151 1962 bea-

262 1986 386 2026 ·aiffimus
400 1986 511 2026 Papa,
539 1987 588 2024 qui
600 1980 811 2024 Episcopatum
818 1978 915 2022 sanlli
941 1991 975 2012 ac
997 1979 1151 2013 venerabi·-

266 2038 307 2070 Iis
320 2038 448 2067 Maximi
457 2031 596 2074 Episcopi
608 2030 794 2064 Antiochenae
806 2036 943 2063 civitatis
956 2028 1150 2070 confirmavit,

263 2085 337 2129 justo
353 2083 433 2127 satis
456 2083 569 2124 judicio
591 2083 653 2122 ejus
663 2087 802 2114 meritum
820 2079 990 2122 approbasse
1002 2080 1126 2112 videtur
1141 2101 1151 2117 ,

261 2136 407 2179 fiquidem
417 2141 594 2166 memoratus
604 2132 853 2171 reverendiffimus
867 2128 1030 2172 Episcopus
1044 2132 1149 2162 Maxi-

266 2198 335 2219 mus
351 2183 404 2228 suo
427 2183 551 2216 arbitrio
570 2184 681 2215 Domno
694 2182 818 2214 voluerit
839 2179 890 2222 effe
908 2178 1067 2222 consultum
1082 2203 1092 2219 ‚
1118 2187 1151 2211 ut

263 2235 403 2280 sumptus
430 2238 456 2267 ei
481 2234 517 2265 de
539 2231 595 2276 sua
616 2230 739 2273 Ecclefia
752 2255 763 2271 ‚
792 2228 989 2273 miserationis
1015 2235 1124 2262 intuitu
1140 2252 1150 2267 ,

265 2290 355 2329 prout
364 2283 555 2325 aestimaverit
569 2307 579 2323 ,
589 2283 736 2326 largiatur
749 2306 759 2321 ,
785 2290 818 2313 ut
834 2288 987 2314 contentus
1003 2281 1150 2312 alimoniis

266 2333 400 2378 quiescat
412 2338 443 2365 in
449 2332 592 2375 posterum
605 2358 613 2364 .
637 2330 741 2379 Qod
753 2331 858 2374 ipsum
873 2329 1051 2364 Anatolius
1063 2330 1151 2363 Con-

266 2383 582 2427 stantinopolitanus
607 2382 640 2414 &
653 2380 815 2424 Juvenalis
825 2379 1064 2422 Hierosolymae
1078 2378 1152 2422 Epi·

267 2437 385 2477 scopus
397 2432 571 2475 probarunt
585 2455 595 2471 ‚
622 2431 655 2463 &
668 2430 761 2473 plena
776 2428 927 2472 synodus
938 2429 1150 2463 acclamavit:

270 2482 448 2518 Laudabiles
463 2483 566 2515 merito
574 2479 646 2524 fient
668 2480 877 2513 benevolentiae
903 2483 1031 2513 Maximi
1052 2477 1154 2511 Archi-

271 2533 434 2577 Episcopi‚
460 2543 557 2565 omnes
570 2537 726 2573 cogitatum
735 2532 799 2570 eius
819 2529 998 2562 laudamus.
1028 2529 1151 2562 Roma-

265 2585 308 2618 ni
335 2582 452 2627 Legati
479 2579 557 2615 rede
586 2581 761 2619 dixerunt,
787 2577 986 2621 Miserationis
1017 2583 1152 2611 intuitu:

273 2634 410 2669 Etenim
421 2631 616 2676 degradatus
629 2631 807 2675 Episcopus
819 2653 830 2668 ‚
856 2638 1062 2672 nequaquam
1079 2638 1154 2671 pen-

274 2684 362 2717 sione
375 2681 533 2716 honorari
544 2680 640 2714 debet
656 2680 697 2713 ab
707 2677 848 2713 Ecclesia
863 2704 873 2719 ,
899 2677 952 2712 sed
963 2678 1003 2713 ad
1017 2687 1151 2712 centum

275 2732 423 2767 milliaria
437 2731 588 2775 relegari.
614 2729 706 2763 Hinc
736 2729 851 2773 Legati
877 2727 1091 2763 addiderunt?
1118 2730 1155 2760 Ut

275 2790 425 2827 contentus
436 2779 562 2824 quiescat
572 2779 752 2821 inposterum
765 2803 772 2810 .
798 2778 852 2812 Ne
866 2777 972 2812 turbas
983 2779 1064 2812 cieat
1079 2800 1090 2816 ‚
1100 2787 1155 2811 aut

274 2843 419 2875 unquam
442 2831 571 2875 respiret
591 2829 632 2864 ad
656 2829 898 2871 Episcopatum.
925 2828 1027 2875 Qod
1050 2829 1155 2870 ipsum

275 2881 346 2914 vult
356 2880 480 2915 additio
493 2879 665 2914 Anatolii:
690 2881 801 2911 Domno
821 2877 898 2910 nihil
911 2886 1024 2919 praeter
1047 2878 1097 2912 hoc
1114 2889 1157 2911 re-

246 2971 249 2973 ,
275 2936 425 2972 quirente.
452 2930 621 2977 Pensxonis
632 2929 795 2974 quantitas
808 2927 953 2962 Maximi
967 2927 1099 2964 arbitrio
1111 2927 1156 2963 est

234 2993 236 2996 ·
275 2979 385 3017 relicta
406 3005 413 3012 .

479 3257 483 3260 -
555 3164 900 3295 aaa

415 3457 418 3460 s
556 3297 902 3432 aaa
1003 3409 1007 3414 ,

944 97 1404 162 Aprennlx

1383 244 1740 313 ACTIO·
1809 269 1912 317 XI.

1754 398 1768 413 a
1880 392 1885 418 Σ
2039 400 2042 406 ·

1212 430 1473 516 MEmnoni
1493 431 1577 476 apud
1601 431 1738 476 primam
1760 433 1954 478 Ephe-finam
1981 440 2087 485 Syno-

1350 483 1428 516 dum
1442 483 1587 528 glorioso
1598 483 1762 526 Episcopo
1773 485 1808 517 in
1822 484 2011 528 Ephefinam
2024 492 2085 535 pri-

1213 532 1377 566 matialem
1399 532 1585 567 cathedram
1611 533 1754 567 succeffit
1780 533 1914 583 Basiliis-5
1933 561 1944 577 ,
1970 538 2086 574 Basilio

1213 582 1376 616 Baffianus
1393 608 1404 624 ‚
1429 583 1537 626 postea
1557 594 1612 627 per
1638 581 1840 626 Stephanum
1863 585 2029 622 violenter·
2048 601 2088 624 ac

1213 631 1399 666 scandalose
1411 632 1542 675 ejecitis.
1571 631 1663 666 Hinc
1689 632 1744 668 ille
1758 634 1901 669 nostram
1918 636 2088 679 Synodum

1213 682 1369 716 indistatn
1384 683 1498 717 videns
1508 706 1519 722 ,
1542 683 1715 718 Marciano
1727 685 1879 729 Augusto
1890 686 2012 721 obtulit
2024 698 2091 731 pre·

1213 743 1264 766 ces
1284 755 1294 771 ‚
1319 731 1475 767 habentes
1494 734 1601 777 capita
1625 734 1730 768 varia.
1757 733 1870 769 Primo
1892 760 1903 776 ,
1927 736 2090 772 violenter

1213 784 1375 827 oppressos
1388 808 1399 823 ,
1427 783 1606 827 Epist-opos
1615 784 1804 827 pra-sertim,
1831 786 1964 821 liberare
1973 787 2013 820 de
2024 799 2090 821 ma⁴

1215 845 1259 866 nu
1282 833 1424 876 potentis
1443 834 1522 867 dicit
1553 835 1689 877 spectare
1698 835 1739 869 ad
1748 835 1894 870 officium
1907 836 2088 871 Christiani

1214 883 1393 926 Principis,
1419 881 1558 927 ideoque
1585 883 1687 918 &fibi
1697 895 1791 930 rogat
1804 887 1947 929 impendi
1970 888 2090 921 miseri-

1212 931 1379 974 cordiam,
1406 935 1495 978 passo
1515 932 1693 968 miseranda
1720 957 1730 973 ‚
1754 936 1896 971 crudelia
1921 961 1932 977 ,
1959 931 2087 982 legibus

1212 983 1365 1018 damnata
1378 1009 1388 1024 ,
1415 985 1449 1021 δι
1461 996 1522 1018 nec
1535 993 1679 1027 unquam
1690 995 1744 1027 per
1756 981 1904 1021 barbaros
1915 997 2087 1023 attentata.

1213 1034 1322 1078 Pergit
1345 1035 1385 1068 de
1411 1037 1474 1068 suo'
1498 1035 1613 1078 partim
1641 1034 1743 1069 Clero
1763 1059 1773 1075 ‚
1802 1037 1919 1079 partim
1947 1039 2086 1082 populo:

1212 1086 1383 1126 spernentes
1395 1086 1450 1117 Dei
1464 1091 1595 1118 timorem
1606 1109 1615 1124 ‚
1643 1087 1677 1119 Θ
1687 1087 1935 1119 immaculatorum
1947 1093 2088 1121 virtutem

1214 1133 1400 1174 mysteriorum
1413 1159 1423 1174 ‚
1447 1146 1537 1177 quam
1553 1146 1589 1167 ex
1603 1134 1772 1168 humillimis
1795 1142 1867 1169 meis
1877 1137 2012 1169 manibus
2033 1139 2088 1170 Dei

1213 1183 1599 1228 mifiricordiasufteperunt
1610 1209 1619 1225 ,
1642 1185 1792 1228 postquam
1810 1187 1830 1218 ἃ
1861 1186 1943 1219 nobis
1956 1187 2091 1228 mysterio·

1212 1246 1276 1267 rum
1295 1235 1434 1277 perfedlio
1455 1235 1599 1269 celebrata
1607 1235 1646 1276 est
1659 1260 1669 1275 ‚
1696 1235 2096 1285 repentexapprehendentes.

1211 1296 1276 1325 me,
1300 1285 1521 1327 &abripientes
1533 1287 1570 1318 de
1577 1283 1682 1327 sam‘Ia
1697 1285 1821 1327 Ecclesia
1833 1310 1844 1327 ,
1866 1288 1966 1330 plagis
1990 1288 2093 1329 afficie-

1211 1335 1287 1367 bant
1300 1359 1309 1375 ‚
1334 1337 1465 1368 ducentes
1489 1337 1684 1377 &portantes
1697 1334 1821 1376 inforo,
1847 1338 2009 1379 aliquando
2020 1339 2091 1370 vero

1216 1386 1434 1418 &recludentes
1448 1408 1458 1424 ‚
1478 1382 1592 1429 gladiis
1603 1397 1649 1418 me
1652 1383 1852 1429 subiecerunt.
1879 1392 1918 1419 In
1930 1392 1968 1419 tis
1980 1392 2091 1430 itaque,

1212 1434 1386 1477 dum·ipsrus
1406 1441 1482 1469 vitae
1503 1436 1660 1478 periculum
1679 1434 1845 1479 sustinerem
1866 1461 1877 1477 ‚
1897 1434 2030 1477 furentes
2056 1438 2092 1471 Θ

1212 1483 1388 1526 abripientes
1401 1485 1531 1520 Panium
1541 1487 1698 1529 sacerdotii
1709 1492 1764 1518 mei
1780 1510 1791 1526 ‚
1820 1484 1926 1529 insede
1931 1484 2091 1530 posuerunt

1211 1535 1367 1576 quemdam
1378 1546 1416 1568 ex
1432 1538 1469 1568 iis
1480 1558 1490 1573 ,
1514 1540 1565 1577 qui
1589 1536 1623 1568 er
1634 1533 1693 1577 ipse
1701 1533 1929 1580 prasumpserat
1939 1548 1975 1569 ea
1988 1561 1998 1577 ‚
2023 1547 2091 1579 quae

1211 1590 1242 1617 in
1253 1595 1298 1617 me
1311 1586 1432 1628 indigne
1438 1583 1528 1626 facia
1532 1582 1612 1627 sunt.
1639 1583 1677 1618 In
1692 1585 1916 1628 Episcopalem
1930 1585 2091 1620 thronum

1214 1635 1416 1668 intruserunt
1443 1632 1646 1677 Stephanum
1683 1633 1909 1677 Presbyterum
1946 1635 2095 1670 Eccieiiae

1212 1683 1404 1727 ,Ephefinae.
1433 1686 1476 1715 Et
1495 1683 1558 1726 post
1581 1684 1641 1717 baec
1651 1683 1839 1728 quascumque
1862 1697 1907 1719 res
1933 1680 2094 1719 habueram

1211 1733 1328 1767 mobiles
1355 1734 1407 1768 vel
1428 1734 1585 1768 immobiles
1598 1758 1609 1773 ,
1632 1734 1829 1774 abstulerunt,
1853 1736 1888 1768 Θ
1904 1733 1971 1777 ficut
1995 1736 2094 1770 volue-

1210 1793 1278 1817 runt
1282 1782 1337 1826 fibi
1343 1790 1454 1827 partiti
1463 1782 1551 1827 sunt.
1577 1787 1671 1825 super
1692 1785 1754 1818 haec
1781 1790 1871 1818 etiam
1891 1786 1998 1819 multos
2018 1782 2095 1819 meo-

1210 1847 1276 1867 rum
1286 1834 1433 1867 hominum
1444 1831 1565 1875 diverfis
1573 1834 1673 1876 plagis
1701 1840 1789 1866 morti
1810 1836 1997 1867 tradiderunt
2011 1857 2021 1873 ,
2045 1839 2092 1867 ita

1210 1883 1353 1926 utfunera
1363 1892 1433 1917 ante
1436 1886 1550 1924 januas
1561 1882 1674 1927 sanda·
1684 1885 1738 1915 Dei
1750 1883 1882 1926 Ecclesr‘ae
1906 1884 2027 1926 quidam
2041 1895 2092 1916 ex-

1206 1943 1368 1976 ponerent.
1393 1932 1545 1968 Secundo
1557 1958 1566 1974 ‚
1594 1933 1763 1977 profitetur
1782 1934 1847 1967 sese
1866 1934 1884 1966 a
1896 1935 2015 1977 quovis
2030 1933 2091 1968 cri·

1211 1985 1300 2018 mine
1311 1985 1487 2018 innoxium
1501 2007 1512 2024 ‚
1539 1981 1678 2026 ideoque
1691 1983 1818 2016 causam
1835 1984 1924 2017 suam
1948 1983 2090 2028 delegari

1211 2044 1303 2079 rogat
1334 2034 1471 2077 Synodo
1497 2033 1660 2077 praesenti.
1688 2031 1828 2072 Tertio,
1855 2033 2015 2076 supplicat
2034 2031 2091 2070 fibi

1209 2095 1277 2118 -non
1292 2082 1398 2117 obesse
1410 2083 1592 2117 violentum
1607 2081 1709 2115 hocce
1720 2083 1858 2125 spolium
1871 2107 1882 2123 ‚
1902 2081 1955 2116 sed
1969 2083 2032 2116 sese
2041 2083 2091 2116 uti

1211 2134 1395 2178 legitimum
1414 2133 1610 2177 Episcopum
1638 2133 1672 2166 δε
1685 2132 1811 2166 intra&
1822 2143 1910 2166 extra
1920 2132 2092 2174 synodum

1211 2186 1313 2226 usque
1335 2182 1376 2217 ad
1388 2184 1487 2217 causae
1508 2182 1738 2217 definitionem
1759 2181 1886 2216 traciari
1901 2207 1908 2214 .
1935 2181 1979 2216 Et
2003 2181 2090 2226 leges

1211 2235 1301 2268 enim
1328 2234 1362 2268 &
1386 2234 1542 2268 Canones
1566 2232 1739 2276 spoliatum
1771 2232 1929 2266 mandant
1965 2227 2091 2266 restitui

1212 2294 1287 2320 ante
1297 2284 1608 2328 caufaeingreffum,
1634 2293 1703 2316 non
1727 2282 1785 2316 nifi
1808 2281 2003 2317 adefinitiva
2023 2283 2093 2316 sen-

1213 2331 1315 2369 tentia
1337 2333 1595 2368 destituendum.
2082 2359 2084 2361 ,

1260 2381 1464 2430 Videbantur
1476 2385 1538 2419 effe
1554 2394 1659 2427 preces
1670 2384 1869 2426 justiffimae,‘
1884 2381 2023 2425 idedque
2042 2382 2091 2425 ip-

1211 2436 1256 2467 sas
1268 2433 1396 2468 admisit
1410 2433 1597 2467 Marcianus
1610 2456 1621 2472 ,
1646 2431 1785 2466 scribens
1810 2431 1851 2466 ad
1873 2432 2012 2465 nostram
2033 2432 2094 2475 Sy·

1213 2482 1338 2518 nodum
1355 2496 1362 2515 :
1389 2483 1542 2522 Baffianus
1551 2483 1791 2522 reverendrfflmus
1803 2482 1927 2525 ‚mdia
1935 2487 2091 2524 incongrua

1208 2533 1328 2576 paffics,
1354 2540 1488 2566 contenta
1513 2538 1545 2565 in
1567 2531 1699 2573 precibus
1721 2533 1806 2572 ejus,
1831 2542 1897 2573 quae
1921 2530 1968 2563 his
1990 2530 2095 2570 nostris*
2149 2538 2153 2543 '

1213 2586 1334 2616 Divinis
1344 2582 1451 2615 litteris
1458 2580 1588 2625 subdita·
1595 2578 1667 2624 sunt
1677 2605 1687 2621 ‚
1707 2587 1788 2623 petit
1804 2581 1824 2612 ἃ
1835 2581 1933 2620 vestra
1942 2580 2091 2613 sanctita-

1212 2643 1240 2667 te
1252 2632 1315 2666 haec
1326 2630 1377 2675 dis
1371 2639 1428 2665 cuti
1440 2657 1446 2664 .
1474 2631 1601 2672 Festinet
1610 2637 1701 2674 igitm
1713 2630 1809 2671 vestra
1827 2634 2004 2663 Reverentia
2014 2653 2025 2669 ,
2034 2629 2091 2663 bas

1214 2682 1323 2724 nostras
1329 2680 1486 2725 suscipiens
1498 2682 1615 2715 litteras
1630 2705 1641 2722 ,
1662 2678 1780 2724 causam
1798 2678 1959 2724 discutere,
1983 2681 2016 2713 Θ
2030 2679 2093 2721 for-

1212 2744 1294 2766 mam
1304 2755 1313 2771 ,
1323 2743 1389 2774 quae
1400 2730 1482 2765 vobis
1492 2729 1559 2775 visa
1567 2730 1663 2772 suerit
1674 2754 1686 2770 ,
1705 2729 1836 2772 proferre
1846 2755 1853 2762 .
1880 2729 2095 2774 eognoscen-

1214 2782 1262 2817 dis
1287 2793 1343 2817 aut
1353 2780 1534 2825 judicandis
1547 2781 1782 2824 Episcoporum
1796 2779 1896 2814 caufis
1919 2781 1992 2823 pius
2002 2778 2095 2812 Prin-

1214 2844 1289 2876 ceps
1315 2833 1410 2866 nullo
1434 2832 1528 2875 pasto
1548 2830 1654 2865 voluit
1676 2830 1802 2864 misceri
1821 2855 1828 2862 .
1856 2830 1951 2878 Qin
1975 2839 2036 2863 nec
2053 2828 2096 2863 de

1215 2882 1400 2927 possessorio
1421 2882 1624 2922 discernere,
1648 2891 1704 2915 aut
1727 2880 1911 2914 Baffianum
1931 2879 2096 2913 restituere

1215 2933 1321 2967 voluit
1333 2945 1341 2964 :
1370 2930 1505 2966 Etenim
1516 2932 1640 2965 cunetis
1660 2929 1726 2964 huc
1737 2931 1836 2973 usque
1846 2929 2030 2963 actionibus
2042 2928 2098 2963 ad-

1216 2984 1279 3017 fuit
1300 2983 1334 3017 &
1357 2980 1533 3024 subscripsit
1555 2979 1734 3024 Stephanus
1752 2992 1768 3020 ,·
1793 2979 1883 3013 nulla
1902 2979 1947 3013 est
1970 2979 2104 3013 mentio.

1217 3032 1358 3066 Baffiani
1383 3056 1392 3064 .
1418 3031 1625 3077 Qapropter
1656 3029 1770 3063 nostrae
1800 3029 1927 3071 Synodi
1961 3029 2098 3073 praesens

1219 3082 1338 3122 Astio,
1365 3080 1405 3114 ad
1431 3079 1598 3114 Baffiania
1612 3080 1764 3115 Cassiano
1782 3078 1976 3122 Presbytero
1996 3077 2095 3112 corni-
2149 3088 2154 3092 ·

1216 3132 1275 3165 tati
1300 3141 1407 3175 preces
1421 3153 1432 3169 ‚
1458 3130 1623 3164 discutere
1638 3130 1736 3173 coepit
1755 3127 1840 3163 hanc
1862 3128 2092 3172 quaestionem‚

1218 3191 1313 3224 atque
1324 3190 1402 3215 ante
1421 3180 1533 3226 omnia
1546 3180 1603 3214 fibi
1624 3180 1689 3224 legi
1707 3180 1810 3214 sacras
1829 3178 1989 3221 Principis
2008 3175 2093 3209 dele·

1218 3233 1356 3276 gatrices
1370 3231 1493 3264 litteras
1512 3229 1575 3271 jam
1588 3228 1759 3270 adduam,
1783 3238 1921 3262 necnon
1940 3227 2090 3267 &preces

1218 3280 1357 3315 Bassiani
1378 3303 1387 3312 .
1414 3279 1452 3313 ln
1477 3278 1594 3322 quibus
1616 3290 1697 3314 nota
1718 3278 1918 3313 sacrosandtae
1934 3272 2091 3307 Euchari-

1219 3331 1283 3364 stiae
1308 3330 1497 3373 mysterium
1523 3330 1629 3363 vocari
1655 3327 1845 3368 Mffleriorum
1863 3322 2096 3366 perfidianemz

1219 3380 1303 3426 Qae
1314 3379 1436 3425 phrasis
1446 3381 1504 3414 suo
1518 3380 1594 3415 loco
1615 3378 1660 3414 est
1670 3375 1880 3421 explicanda.
1910 3378 2000 3469 ‘'L-b

1791 3452 1794 3454 .
1945 3434 1978 3456 ur
2003 3433 2040 3456 us
