2340 3736
664 64 750 106 AD
783 56 1140 104 ΕΡΗεεῐΝ-υΜ
1174 52 1651 107 LATR001N1UM.'

246 145 463 191 fustinianum
497 132 691 189 Augustum
717 142 957 186 proficiscentes
984 165 995 182 ,
1031 148 1126 184 rogat

243 199 346 233 ltaliae
369 199 508 231 Clerusa
534 193 644 228 Sam‘lo
664 191 965 227 Mediolanenfium
985 187 1130 234 Episcopo

244 243 603 290 Dario-adeffefestinare,
625 241 807 285 postulantes
828 251 863 276 ut
872 240 975 276 diuus
990 242 1129 284 Impera-

243 309 298 332 tor
307 308 374 332 eum
391 294 456 338 post
466 294 633 337 quindecim
643 295 695 327 vel
709 293 840 337 sedecim
860 304 955 325 annos
983 293 1028 324 ad
1042 288 1129 333 suam

245 344 403 388 Ecclefiam
426 346 525 379 redire
546 345 699 377 concedat.
729 345 814 388 ‚Quia
835 343 900 376 ciem
915 342 1005 384 poenei
1029 351 1129 373 omnes

245 394 408 441 Episcopi,
435 405 507 437 quos
518 395 657 427 ordinare
661 392 735 437 solet
748 418 759 435 ‚
781 392 843 435 fim
853 398 983 431 mortui,
1008 396 1132 423 immen-

242 446 281 492 sa
296 446 403 489 populi
424 445 580 478 multitudo
594 443 657 485 fine
679 442 836 486 Baptismo
854 446 995 475 moritur.
1026 440 1068 473 Et
1087 439 1131 473 de

245 496 317 540 ejus
331 496 542 531 Antecessore
552 494 670 528 Sancto
681 492 858 528 Ambrosio
870 490 982 524 scribit
995 489 1131 533 Presby-

242 557 292 582 ter
304 546 466 580 Paulinus
480 556 487 577 ε
516 549 593 579 Erat
607 549 641 577 in
652 542 739 578 rebus
751 546 875 575 Divinis
899 541 1061 583 implendis
1064 539 1129 581 for-

243 597 386 638 ttfflmus,
414 595 579 629 intamitm
597 601 630 627 ut
641 594 720 636 quod
732 589 838 634 solitus
858 600 924 624 erat
937 597 1013 623 circa
1034 590 1128 633 bapti-

243 648 355 680 zandos
373 645 453 690 solus
478 645 599 687 implere
620 666 632 682 ,
657 649 786 685 quinque
804 641 900 683 postea
914 639 1051 684 Episcopi
1071 646 1128 674 vix

245 698 421 739 implerent.
454 693 498 728 Et
519 694 560 727 ad
581 693 774 727 Romanurn
796 691 897 726 Italiae
920 689 1105 724 Exarchum
1118 714 1129 730 ,

244 748 302 791 qui
313 744 476 780 Blandum
502 742 651 777 Ecclefiae
663 742 834 775 Hortenfis
854 740 1051 785 Episcopum
1066 741 1126 774 Ra-

249 806 362 830 vennae
384 787 573 833 detinebat,
596 791 705 826 scribit
716 793 849 827 Sanctus
868 791 1047 836 Gregorius
1059 790 1131 824 Ma-

70 836 91 864 Ῑ·
114 835 224 871 ¹·EP‘32
250 857 356 891 gnus:
381 842 508 885 Ecclefia
523 840 585 883 fine
607 841 750 882 Redime,
777 843 812 876 (9⁶
826 841 955 884 populus
974 839 1129 883 quafifine

246 895 365 936 Pastore
383 904 463 939 grex
484 893 622 936 deperit,
649 894 684 926 Θ
705 891 817 925 ibidem
837 891 973 933 infantes
989 889 1052 932 fine
1068 892 1128 922 Ba-

239 943 385 988 ptismate
407 949 592 978 moriuntur.
621 941 665 976 Et
687 941 839 976 adversus
861 942 1054 976 Odoacrum
1068 941 1130 975 Ec-

243 994 341 1030 clesxae
353 993 555 1028 Beluacensis
582 992 702 1027 laicum
723 993 906 1027 invasorem
925 1003 963 1026 ac
979 988 1128 1025 detento-

244 1049 314 1080 rem
335 1045 448 1079 scribit
471 1043 676 1078 Hincmarus
695 1042 913 1086 Metropolira
938 1041 1131 1076 Remensis:

246 1098 368 1140 ,Quanti
373 1092 434 1137 fine
444 1098 593 1127 canonico
605 1091 763 1136 Baptismo
775 1092 870 1128 reli&
872 1091 1015 1134 fuerunt?
1029 1089 1132 1138 Qod

245 1157 363 1190 nempe
373 1145 456 1179 olim
467 1144 503 1178 in
515 1145 649 1178 civitate
661 1143 749 1178 solus
769 1142 934 1187 baptizare
944 1142 1046 1186 posset
1058 1141 1131 1184 Epi-

245 1197 363 1240 scopus
385 1207 393 1227 :
422 1194 527 1242 Qod
550 1194 632 1229 item
657 1193 693 1227 in
719 1192 916 1237 quibusdam
942 1191 1131 1236 regionibus

244 1246 315 1280 sola
326 1243 533 1279 Cathedralis
543 1243 686 1278 Ecclesia
708 1240 844 1278 haberet
864 1243 993 1277 fontem
1012 1240 1130 1286 baptis·

242 1295 363 1330 malem
376 1319 384 1326 .
412 1294 459 1328 Et
480 1292 615 1338 quidem
636 1293 790 1328 Edeffeni
809 1292 900 1327 Cleri
922 1302 1031 1335 preces
1061 1302 1130 1324 non

242 1354 420 1389 potuerunt
442 1341 593 1378 exaudiri
624 1356 633 1375 ε
668 1342 819 1378 Narnin
839 1341 1018 1376 Februario
1044 1339 1131 1384 apud

241 1396 379 1439 Tyrum
396 1393 478 1428 satta
503 1390 657 1436 synodus
681 1393 748 1427 fuit
769 1390 924 1427 translata
945 1391 1128 1434 Berytum‚

240 1444 276 1479 ὃ(
289 1442 533 1488 Septembribus
540 1440 699 1477 Kalendis
722 1442 864 1487 primum
877 1440 1032 1476 inchoata
1048 1467 1055 1474 .

292 1494 372 1529 Erat
383 1494 478 1529 causa
489 1492 635 1529 difficilis
644 1518 653 1526 .
681 1491 819 1528 Etenim
842 1493 1044 1528 accusatores
1058 1491 1134 1526 Cle·

241 1544 304 1579 rici
315 1555 377 1580 nec
400 1542 496 1588 plene
515 1541 716 1588 probarunt,
743 1554 804 1578 nec
826 1552 863 1578 ut
876 1540 1068 1578 calumniosi

243 1595 409 1629 talionem
434 1593 591 1637 postulari
611 1602 802 1628 meruerunt
827 1618 834 1625 .
861 1591 957 1626 Hine
982 1591 1133 1637 gloriosis

73 1029 225 1068 Ἐμμαοῖ,

102 1675 113 1694 l
245 1643 421 1688 Judicibus
443 1642 684 1687 postulantibus
705 1666 716 1682 ,
741 1642 813 1677 ibas
833 1642 991 1677 reverendi·
1009 1653 1086 1675 imus
1112 1642 1134 1673 ἃ

69 1675 136 1730 Af‘t‘
166 1687 209 1709 ¹⁰⁴
237 1694 304 1740 suis
317 1692 601 1736 accufirt'oriburfuit
612 1693 762 1726 convillus
776 1717 788 1734 ‚
808 1691 975 1736 respondit
990 1692 1025 1741 in
1036 1689 1134 1726 Chal-

245 1743 422 1779 cedonensi
434 1741 574 1787 Synodo
586 1741 730 1776 Photius
739 1742 827 1786 Tyri
841 1742 1021 1786 Episcopus
1030 1766 1042 1782 ‚
1068 1742 1134 1785 pri-

245 1804 319 1828 mus
329 1792 478 1836 judicum
489 1792 715 1836 delegatorum
729 1805 737 1825 ε
763 1797 837 1825 Non
849 1816 856 1824 .
884 1791 1026 1826 Addidit
1040 1789 1134 1825 testes

243 1843 342 1878 fuisse
352 1841 577 1878 accusantium
597 1840 798 1876 domesticos
809 1866 820 1882 ‚
846 1841 954 1885 palam
964 1840 1131 1875 obnoxios

243 1892 522 1938 exceptionibus,
547 1903 585 1927 ac
597 1891 847 1926 insufficientes.
875 1892 988 1939 Qare
1000 1900 1064 1926 tres
1083 1890 1134 1925 de-

247 1944 351 1990 legati
373 1943 529 1989 Episcopi
550 1943 613 1977 sese
634 1954 674 1977 ex
694 1941 857 1986 judicibus
880 1942 915 1976 in
941 1941 1135 1978 mediatores

247 2003 413 2030 verterunt
426 2018 436 2034 ,
463 2005 500 2027 ac
512 1993 596 2026 inter
606 1994 775 2028 accusatos
787 1993 820 2027 ἀ
833 1993 1021 2027 accusantes
1032 1994 1136 2027 fecere

248 2055 364 2089 pacem
385 2041 442 2076 sub
467 2043 673 2085 sequentibus
698 2042 972 2078 condicionibus.
999 2041 1136 2082 Primo,

249 2102 289 2128 ut
307 2093 380 2126 lbas
400 2090 598 2135 Epheflnam
620 2092 795 2135 Synodum
818 2093 972 2135 reciperet
997 2104 1006 2134 3
1031 2093 1064 2126 δε
1087 2091 1137 2125 uti

182 2156 185 2160 ’
249 2153 381 2187 magnae
402 2142 545 2176 Nicaenae
557 2153 667 2185 parem
690 2143 723 2175 in
737 2141 894 2176 omnibus
914 2152 1137 2176 veneraretur.

250 2190 425 2231 secundo,
453 2203 490 2225 ut
515 2192 792 2227 initamaSansto
815 2192 946 2235 Cyrillo
967 2192 1001 2226 δε
1015 2193 1139 2235 Joanne

251 2240 445 2277 Antiochiae
455 2241 646 2276 patriarcha
656 2253 770 2286 pacem
782 2243 918 2276 servaret
931 2254 972 2276 ex
984 2245 1116 2286 integro
1129 2265 1139 2281 ,

253 2302 351 2336 atque
362 2292 403 2326 de
414 2293 533 2327 Sandio
548 2292 680 2336 Cyrillo
697 2303 864 2337 tamquam
876 2290 1065 2326 orthodoxo
1080 2292 1139 2325 Ec-

251 2343 352 2378 clefiae
374 2342 473 2376 Patre
495 2344 626 2376 sentiret
647 2343 681 2376 ὅτ.
701 2343 905 2386 loqueretur.
933 2342 1077 2383 Tertio,
1102 2350 1138 2375 ut

253 2392 406 2426 Edessam
428 2391 531 2426 redux
550 2391 742 2426 Nestorium
755 2417 766 2433 ,
789 2392 860 2436 ejus
882 2393 1037 2438 dogmata
1050 2417 1061 2433 ,
1087 2393 1140 2426 Se·

253 2452 392 2486 quaem,
419 2442 521 2476 libros
542 2466 553 2482 ,
581 2442 788 2487 ipsorumque
810 2442 943 2477 lectores
968 2442 1075 2486 palam
1096 2453 1137 2476 ex

255 2493 399 2526 ambone
422 2491 731 2526 anathematizaret.
753 2492 904 2539 Qarto‚
930 2502 965 2527 ut
977 2492 1024 2526 sui
1047 2503 1141 2526 accu-

255 2541 416 2576 satoribus
442 2541 580 2576 Clericis
599 2566 610 2582 ,
637 2550 733 2584 atque
763 2541 931 2576 adversum
962 2542 994 2577 se
1020 2541 1140 2576 testaris

256 2590 428 2626 monachis
451 2590 589 2624 &laicis
610 2590 788 2625 remitteret
808 2602 944 2626 omnem
964 2592 1117 2635 injuriam
1131 2617 1141 2634 ,

256 2642 371 2675 omnia
388 2640 452 2673 huc
463 2642 564 2683 usque
577 2640 660 2675 Aeta
673 2641 810 2675 traderet
822 2648 981 2685 perpetuae
1001 2641 1140 2677 oblivio·

257 2691 294 2725 ni
308 2714 318 2731 ,
344 2691 465 2732 eosque
476 2691 630 2734 deinceps
650 2701 685 2725 ut
698 2690 784 2726 filios
803 2691 979 2725 cariffimos
990 2689 1140 2733 haberet,

256 2741 385 2775 nullum
397 2740 499 2785 gradu
511 2740 642 2783 privans
653 2765 664 2781 ,
689 2750 747 2775 aut
757 2740 914 2785 majorem
926 2742 1047 2776 minori
1060 2741 1141 2785 post-

252 2800 385 2835 ponens
407 2815 414 2821 .
442 2789 598 2837 Quoto,
625 2800 662 2825 ut
683 2789 770 2826 hanc
792 2790 916 2834 injuriae
938 2791 1141 2827 oblivionem

256 2842 400 2876 firmaret
410 2839 613 2882 juramento.
641 2841 742 2876 Sexto
755 2866 765 2883 ‚
792 2853 829 2875 ut
842 2851 982 2886 quatuor
994 2843 1039 2875 sui
1052 2854 1142 2876 accu-

259 2892 380 2926 satores
394 2889 605 2933 Presbyteros
627 2902 687 2925 nec
699 2891 745 2926 ob
764 2892 878 2926 delista
891 2892 1023 2927 forsitan
1037 2893 1142 2927 futura

252 2941 429 2985 castigaret
441 2941 506 2982 ipse
516 2964 526 2981 ‚
556 2939 608 2974 sed
618 2941 834 2976 Antiocheno
847 2941 1038 2977 Patriarchae
1050 2943 1145 2977 casti-

256 2989 384 3035 gandos
406 2989 658 3032 transmitteret,
683 3003 781 3036 atque
804 2992 849 3025 ita
869 2993 900 3026 se
923 3002 1045 3027 teneret
1067 2992 1143 3027 libe-

257 3053 329 3075 rum
342 3033 488 3074 abbmni
503 3039 681 3082 suspicione
695 3042 750 3075 laesi
760 3041 954 3084 juramenti.
981 3043 1144 3087 Septimo,

258 3100 295 3125 ut
317 3090 466 3124 Ecclesiae
490 3090 552 3123 suae
573 3090 781 3126 substantiam
804 3091 957 3136 deinceps
981 3104 1035 3137 per
1050 3094 1141 3128 (Dico-

258 3151 379 3174 nomos
402 3149 549 3184 regeret,
575 3139 624 3173 uti
638 3141 734 3175 fiebat
758 3142 793 3175 in
807 3141 1018 3177 patriarchali
1031 3143 1144 3178 Eccle-

258 3190 303 3224 sla
314 3189 546 3224 Antiochena.
575 3189 620 3222 Et
631 3200 671 3223 ex
692 3190 757 3226 hoc
778 3192 918 3227 articulo
931 3192 1141 3238 postmodum

259 3241 381 3283 prodiit
393 3239 511 3273 Canon
526 3237 806 3275 Chalcedonensis
818 3267 828 3282 ,
853 3242 1010 3277 mandans
1025 3243 1058 3276 in
1072 3254 1140 3277 om·

261 3290 356 3324 nibus
379 3291 528 3324 Ecclefiis
549 3290 706 3324 constitui
720 3291 938 3327 OEiconomos.
968 3293 1080 3326 Etiam
1101 3294 1142 3328 de

260 3340 380 3373 caeteris
390 3339 454 3374 Ibae
468 3340 598 3383 objeffis
612 3340 765 3383 capitulis
778 3341 903 3375 statutae
921 3344 993 3376 sunt
1007 3342 1143 3386 regulae,

257 3388 425 3433 &aparte
447 3401 584 3432 utraque
609 3401 800 3434 acceptatae.
829 3391 878 3427 Ita
900 3391 1002 3437 igitur
1025 3391 1082 3427 ille
1102 3392 1144 3428 ab

355 3438 462 3481 christ.
477 3444 652 3485 Lupiopcr.
666 3443 743 3474 Tom.
757 3445 794 3474 Π.

1897 75 1925 105 2
1936 76 1959 105 2
1971 74 1994 105 '⁸1'

1191 142 1282 175 omni
1295 140 1503 185 impetitione
1524 142 1688 179 absolutus
1698 143 1742 179 est
1755 169 1766 186 ,
1791 144 1996 182 &innocens
2013 144 2069 184 de-

1192 192 1349 229 claratus.
1377 191 1427 225 Ita
1448 191 1524 225 sane
1543 194 1576 226 δε
1597 193 1662 229 haec
1684 195 1871 237 Berytensis
1891 198 2046 239 Synodus
2059 226 2071 242 ‚

1194 254 1254 277 nec
1276 254 1346 277 non
1367 242 1536 286 &magna
1548 242 1824 289 Chalcedonensis
1844 245 1940 280 istam
1962 250 2071 291 pacifi-

1193 292 1357 327 cationem
1378 291 1626 326 intellexerunt.
1654 295 1788 330 Etenim
1804 295 1922 329 Sansto
1935 295 2072 333 Pascha-

1194 344 1285 384 sino,
1313 341 1462 386 Lylibeti
1489 341 1574 386 apud
1601 341 1728 377 Siculos
1757 345 1932 389 Episcopo,
1961 347 2070 382 Sansti

1193 394 1319 428 Leonis
1343 391 1438 436 Papa:
1463 391 1600 426 Vicario
1627 391 1661 424 δε
1685 393 1813 438 Legato
1839 420 1852 436 ,
1877 394 2072 438 mandanti,

1193 443 1365 483 Sami‘tffimi
1382 441 1540 486 Epist-opt,
1569 446 1622 484 qui
1635 445 1753 474 Decreta
1770 449 1889 486 proprio
1910 445 2072 488 inculpabi-

1192 495 1248 526 lem
1273 495 1307 527 (9·
1319 493 1358 526 ab
1369 498 1447 525 omm'
1455 490 1637 536 accusatione
1658 491 1782 525 liberum
1796 493 1878 528 Ibam
1889 495 2072 540 reverendis

1184 541 1290 584 fimum
1303 545 1516 582 declararunt,
1534 541 1565 584 fi
1564 548 1721 584 propriam
1738 541 1918 585 sententiam
1941 558 2072 591 recogno-

1184 591 1272 635 scant
1293 617 1304 633 ,
1330 594 1449 627 edicant
1473 618 1483 633 ,
1508 593 1675 636 respondit
1698 591 1910 627 Chalcedone
1929 594 2072 631 Photius

1194 642 1377 686 Tyriorum
1390 642 1602 686 Metropolita
1616 657 1627 676 .·
1652 645 1759 676 Etiam
1771 667 1781 683 ‚
1810 642 1935 683 nostrum
1946 645 2073 687 estjudi-

1190 698 1265 726 cium
1280 717 1287 724 .
1316 693 1361 726 Et
1387 693 1554 728 Eustatius
1573 692 1756 736 Berytensis
1776 693 1974 736 Episcopus:
2002 699 2072 729 Mea

1191 742 1228 784 est
1248 742 1389 776 amano.
1418 744 1461 777 Et
1472 741 1595 777 rursum
1609 743 1741 777 Sanstus
1753 741 1964 777 paschasinus
1980 756 1986 775 :
2015 745 2074 779 Re-

1191 794 1274 827 leblis
1284 792 1398 826 chartis
1423 798 1601 837 agnovimus
1619 804 1658 826 ex
1665 792 1814 836 sententia
1835 794 2077 834 reverendiffimo·

1192 855 1260 877 rum
1282 842 1495 886 Episcoporum
1521 843 1606 876 Ibam
1631 845 1899 884 reverendiffimum
1923 849 2076 878 innoxium

1191 894 1374 937 approbari.
1401 893 1505 928 Porro
1527 893 1569 928 de
1589 892 1651 927 Ibae
1662 892 1809 935 Epistola
1837 893 1964 929 videtur
1976 895 2080 940 Bery-

1193 945 1290 980 tensis
1301 943 1458 989 Synodus
1479 942 1566 979 nihil
1577 941 1730 988 judicasse
1740 968 1747 977 .

1275 1130 1530 1180 CAPUT
1579 1134 1991 1200 QJARTUM.

1193 1252 1412 1319 Exponitur
1436 1249 1670 1299 Antiochena
1696 1259 1727 1300 S
1713 1253 1862 1318 ynodus
1895 1258 1933 1302 in
1961 1257 2080 1323 causa

1298 1318 1502 1386 Athanafii
1527 1321 1705 1391 Epfiopi
1733 1323 1973 1390 Parrhensts.

1288 1439 1474 1475 Thanasius
1495 1439 1681 1477 Parrhensis
1702 1444 1738 1478 in
1752 1443 1929 1479 Eufratefia
1944 1444 2081 1480 Provin-

1314 1490 1366 1525 cia
1393 1492 1572 1535 Episcopus
1596 1492 1638 1526 de
1658 1503 1885 1538 argentearum
1911 1494 2083 1529 columna-

1196 1551 1268 1575 rum
1278 1541 1366 1576 furto
1375 1566 1386 1582 ,
1414 1542 1449 1575 ἀ
1460 1542 1570 1576 nescio
1581 1540 1698 1585 quibus
1721 1543 1795 1577 aliis
1808 1544 2002 1579 criminibus
2016 1546 2081 1579 fuit

1196 1591 1361 1626 accusatus
1372 1589 1413 1626 ab
1424 1591 1574 1626 Ecclefiae
1583 1592 1642 1626 suae
1655 1592 1794 1628 ClerIcis
1804 1593 1889 1638 apud
1904 1594 2081 1629 Domnurn

1196 1640 1418 1677 patriarcham
1438 1640 1691 1677 Antiochenum
1705 1667 1716 1684 ,
1742 1647 1799 1687 qui
1810 1644 1939 1678 causam
1950 1644 2084 1689 delega-

1197 1691 1244 1726 vit
1255 1690 1419 1727 Panolbio
1439 1691 1696 1736 Hierapolitano
1708 1693 1892 1737 Episcopo,
1918 1694 1986 1737 ejus
2008 1694 2084 1729 Me-

1196 1742 1357 1786 tropolirae
1370 1765 1381 1783 ,
1405 1750 1504 1786 atque
1529 1742 1656 1777 amico.
1686 1743 1738 1776 Ex
1750 1755 1818 1786 quo
1839 1744 1930 1778 vides
1944 1746 2083 1788 primam

1197 1792 1375 1827 criminalis
1396 1802 1508 1827 contra
1521 1791 1759 1828 Provincialem
1773 1794 1975 1839 Episcopum
1985 1797 2086 1829 astio-

1198 1843 1248 1877 nis
1269 1842 1461 1877 instantiam
1473 1842 1627 1886 privative
1650 1854 1721 1878 non
1744 1845 1882 1888 spectare
1903 1845 1944 1879 ad
1957 1846 2083 1881 Metro·

1198 1892 1336 1936 politam
1349 1916 1359 1932 ,
1386 1893 1440 1927 sed
1453 1893 1522 1926 fieri
1536 1893 1623 1936 posse
1635 1894 1733 1928 etiam
1745 1893 1831 1936 apud
1844 1894 2064 1929 patriarcham
2073 1920 2081 1928 .

1197 1942 1380 1977 Panolbius
1400 1966 1411 1983 ,
1439 1941 1646 1983 Alexandri,
1673 1943 1729 1985 qui
1750 1942 1921 1986 Ephefinae
1942 1944 2084 1988 Synodo

1199 1992 1303 2027 adfuit
1318 2018 1330 2035 ,
1356 1992 1526 2037 proximus
1546 1994 1724 2034 successor,
1751 1994 1792 2028 ad
1806 1995 1896 2028 suam
1908 1995 2084 2038 Synodum

1199 2042 1297 2077 tertio
1315 2043 1463 2077 evocavit
1476 2042 1710 2086 Athanasium5
1738 2052 1771 2076 at
1787 2044 1842 2078 ille
1854 2046 1985 2088 propria
2007 2056 2085 2080 con-

1200 2093 1334 2127 scientia
1356 2093 1485 2127 territus
1505 2092 1602 2127 tertio
1625 2104 1691 2126 non
1711 2095 1917 2135 comparuit,
1944 2096 2026 2138 quin
2049 2095 2085 2129 &

1201 2143 1291 2177 nolle
1307 2153 1493 2186 comparere
1505 2144 1658 2185 professus
1681 2142 1779 2177 tertio
1791 2143 2026 2187 Episcopatum
2039 2156 2086 2178 re-

1202 2193 1371 2227 nunciavit
1397 2215 1407 2231 ,
1431 2193 1464 2226 δε
1492 2191 1532 2226 ad
1557 2204 1673 2227 manus
1699 2193 1925 2237 Metropolitae
1951 2195 2084 2238 posuit,

1200 2243 1376 2286 conjurans
1386 2241 1486 2276 alium
1499 2253 1558 2286 pro
1582 2244 1614 2277 se
1627 2243 1825 2287 Episcopum
1840 2243 2003 2279 ordinari.
2034 2246 2085 2280 lta

1201 2294 1235 2327 in
1272 2290 1486 2327 Antiochena
1513 2292 1651 2335 Synodo
1685 2292 1888 2337 Jamblichus
1913 2293 2086 2330 Chalcidis

1203 2343 1384 2387 Episcopus
1397 2342 1440 2376 est
1455 2341 1604 2377 testatus.
1627 2341 1829 2378 Theodorus
1839 2344 1994 2380 Damasci
2007 2346 2088 2389 Epi-

1202 2395 1340 2438 scopus,
1369 2392 1544 2427 Libanesiae
1567 2391 1738 2427 Phaeniciae
1756 2394 1973 2439 Metropolita
1997 2395 2086 2430 addi-

1202 2443 1250 2478 dit
1265 2456 1276 2477 .·
1303 2440 1478 2484 Athanafius
1490 2444 1574 2484 apud
1594 2443 1713 2477 beatum
1724 2443 1899 2478 Panolbium
1911 2470 1921 2486 ,
1948 2451 2002 2488 qui
2019 2445 2088 2488 fuit

1201 2496 1264 2535 eJ‘us
1289 2494 1478 2535 Metropolim
1498 2494 1650 2527 &amicus
1665 2519 1675 2534 ‚
1697 2492 1769 2535 ficut
1791 2493 1850 2538 ipse
1862 2501 1895 2528 in
1914 2497 2048 2538 repudiis
2065 2497 2087 2528 ἃ

1197 2543 1231 2588 se
1241 2545 1324 2576 datis
1344 2543 1467 2583 ostendit
1481 2567 1492 2583 ‚
1517 2545 1695 2585 repudiavn
1707 2543 1834 2577 Parrbae
1849 2544 2064 2588 Episcopatum
2074 2571 2086 2587 ,

1204 2595 1335 2628 &tertio
1359 2593 1398 2626 ab
1418 2594 1517 2627 eodem
1530 2593 1669 2626 Panolblo
1689 2604 1830 2628 evocatus
1850 2595 2037 2629 audientiam
2046 2597 2089 2629 il-

1202 2645 1331 2678 latorum
1348 2641 1404 2685 fibi
1423 2647 1579 2676 criminum
1598 2642 1769 2686 refutavit,
1795 2645 1990 2688 &propriam
2012 2650 2088 2680 civi-

1203 2700 1296 2728 tatem
1317 2694 1460 2736 reliquit,
1485 2693 1627 2727 adiiciens
1652 2693 1746 2729 &boc
1759 2699 1792 2726 in
1812 2697 1927 2739 repudii
1937 2694 1985 2739 fin·
2010 2698 2086 2730 litte-

1203 2750 1247 2778 ris
1260 2769 1270 2786 ,
1296 2748 1435 2787 quoniam
1452 2752 1523 2778 ante
1534 2745 1608 2779 duos
1618 2755 1671 2780 aut
1691 2753 1755 2780 tres
1765 2757 1858 2780 annos
1879 2746 1930 2779 hoe
1952 2748 2037 2789 apud
2051 2745 2089 2790 se

1203 2794 1400 2829 deliberatum
1411 2793 1536 2839 fuisset,
1559 2803 1593 2829 ut
1602 2796 1641 2829 ab
1654 2795 1835 2840 Episcopatu
1850 2797 1994 2831 recederet
2005 2821 2013 2830 .
2041 2797 2087 2831 Et

1205 2844 1341 2879 iterum:
1370 2846 1534 2880 Dixttase
1554 2846 1742 2881 monasticae
1763 2846 1984 2891 Philosophiae
2000 2846 2089 2890 fflen·

1203 2902 1280 2929 tium
1293 2894 1547 2938 amplec‘lendum,
1559 2896 1823 2940 imitandumque
1840 2897 1994 2931 Sanstum
2008 2898 2089 2932 Gre-

1204 2944 1336 2991 gorium
1362 2946 1614 2981 Nazianzenum
1645 2972 1657 2988 ,
1692 2947 1734 2981 de
1759 2958 1825 2991 quo
1850 2947 2087 2991 Episcopatum

1205 2995 1619 3039 Constantinopolitanum
1643 2997 1810 3032 deserente
1821 2997 1934 3032 scribit
1956 2999 1992 3032 in
2003 2997 2089 3032 viro·

1204 3057 1276 3079 rum
1302 3045 1474 3079 illustrium
1500 3047 1652 3091 catalogo
1676 3049 1809 3081 Sanstus
1835 3048 2086 3092 Hieronymus:

1204 3099 1282 3129 Vivo
1301 3094 1357 3137 se,
1382 3094 1561 3138 Episcopum
1585 3102 1619 3129 in
1628 3098 1686 3129 loco
1697 3095 1753 3139 suo
1775 3099 1942 3138 ordinans,
1967 3103 2030 3132 ruri
2042 3102 2090 3130 vl-

1204 3156 1268 3179 tam
1287 3144 1420 3177 monach1
1440 3151 1568 3178 exercuit
1581 3170 1588 3177 .
1617 3146 1710 3180 Hinc
1730 3147 1772 3182 de
1794 3146 1976 3183 Athanasio
2002 3146 2087 3180 dixit

1206 3195 1246 3230 ad
1260 3195 1442 3237 praesentem
1454 3195 1629 3237 Synodum
1639 3197 1777 3232 lsaacius
1790 3197 1964 3233 Lestorum
1976 3197 2008 3230 in
2025 3196 2088 3229 Ec-

1205 3243 1298 3279 clefia
1318 3241 1485 3278 Parrhensi
1500 3244 1728 3281 Primicerius:
1756 3249 1893 3291 Egreffus
1916 3245 1953 3288 ist
1967 3247 2003 3279 de
2014 3251 2088 3280 civi-

1205 3303 1289 3334 tate,
1313 3294 1389 3327 &in
1410 3300 1526 3339 regione
1543 3295 1762 3339 Samosatorum
1785 3297 1910 3340 degebat
1931 3294 2090 3338 solitarius

1206 3352 1239 3377 in
1245 3349 1366 3386 proprio
1378 3347 1497 3386 praedio
1508 3370 1518 3386 ‚
1544 3348 1579 3380 (⁷5
1590 3347 1688 3379 denuo
1711 3345 1864 3388 defiendn
1888 3350 1921 3379 in
1931 3351 2089 3380 civltatem

1205 3392 1422 3437 samosatorum
1433 3420 1441 3428 .
1470 3394 1636 3439 AdJunxit
1648 3395 1851 3431 Theodorus
1872 3396 2091 3440 Metropolita

1635 3445 1663 3479 F
1687 3445 1706 3480 f
1750 3457 1775 3484 2
1974 3446 2045 3481 Da·

2085 178 2160 218 Cap.
2181 189 2191 209 ι
2198 183 2224 210 6.
