2340 3736
63 550 140 587 Cap.
160 560 171 579 ι
176 557 205 586 3.

65 590 132 621 Ast.
154 600 183 627 4.

630 124 945 176 Scironis,
982 134 1043 162 ET
1077 132 1253 167 Nous
1290 131 1671 165 ILLusTRAT1.

237 209 348 245 cuncti
368 232 380 248 ‚
406 207 460 242 sed
491 205 587 250 pauci
612 204 783 239 dumtaxat
804 201 849 239 de
875 200 1063 250 Eutychete
1084 200 1119 234 ἀ

239 260 405 296 Dioscoro
424 256 557 300 suspeffi
581 254 824 299 AEgyptiorum
846 252 1001 300 Episcopi
1020 248 1121 285 addu-

235 320 316 345 xere
334 307 430 343 istam
449 305 722 342 ,consuetudinem
737 330 749 346 ‚
772 305 808 339 δε
826 313 995 346 tamquam
1016 300 1121 339 dubiae

237 370 278 394 ac
299 358 471 402 parodoxae
480 355 647 401 potestatis
664 355 842 393 adsertores
864 355 952 387 fuere
964 353 1000 390 in
1011 350 1120 394 Regia

236 408 372 447 civitate
391 406 539 442 detenti.
566 405 736 440 AdduCtus
749 404 921 442 Liberatus
943 401 1024 435 dicit
1045 399 1120 440 fuis-

237 459 271 493 se
292 458 381 498 solos
401 457 581 501 Episcopos
600 454 774 490 duodecim
787 477 799 494 ,
824 453 1006 486 Lucentius
1017 450 1121 495 Lega-

236 518 291 544 tus
300 507 470 546 dumtaxat
489 506 624 549 decern3
651 516 685 540 at
697 503 774 540 vero
793 514 909 537 eorum
923 500 1053 540 libellus
1063 500 1120 543 Sy-

237 557 331 593 nodo
364 557 531 593 exhibitus
567 555 666 591 habet
701 553 895 596 subscriptos
939 550 1094 586 tredecim
1112 574 1119 580 .

240 608 373 653 Nempe
385 607 557 643 Liberatus
566 617 603 641 ac
614 603 796 639 Lucentius
816 602 997 646 loquuntur
1008 612 1119 649 nume-

235 670 277 697 ro
297 658 459 698 rotundo,

288 708 357 744 Pro
375 718 466 753 parte
488 715 600 744 autem
622 703 827 739 adfirmativa
848 702 928 737 facit
949 700 1120 739 au&oritas

236 759 395 796 tredecim
415 757 551 792 istorum
574 755 814 803 Episcoporum
836 777 847 793 ,
880 765 918 787 ac
945 752 1117 796 praesertim

237 809 392 846 Anatolii
413 805 776 852 Constantinopolitani
788 830 795 837 .
820 804 912 851 Qis
931 814 988 839 eos
1007 813 1119 836 coram

238 861 336 904 plena
346 855 484 901 synodo
493 855 607 893 credat
631 864 698 888 tam
709 852 875 899 splendide
894 851 1120 893 &adseveran-

236 919 287 944 ter
307 909 402 942 ausos
424 905 579 945 mentiri?
605 904 738 939 Deinde
759 903 903 938 Ecclefia
925 901 1119 937 Alexandri-

237 970 282 994 na
304 957 436 992 eosdem
457 955 558 991 ferme
578 966 654 990 cum
679 955 833 989 Romana
855 964 962 988 mores
981 950 1120 987 habuit.-

236 1007 287 1043 Α(
313 1005 391 1042 vero
420 1007 454 1041 in
477 1007 632 1046 Romana
653 1005 791 1050 viguisse
812 1005 934 1047 semper
961 1000 1121 1046 ejusmodi

237 1056 495 1093 patriarchicam
512 1055 704 1101 potestatem
717 1053 887 1091 adfirmare
911 1052 1037 1090 videtur
1048 1053 1122 1087 San-

237 1111 309 1143 aus
330 1109 445 1143 Petrus
465 1105 712 1152 Chrysologus‚
736 1106 903 1140 Ravennae
926 1101 1125 1146 Archi-Epi-

238 1161 357 1202 scopus
379 1184 391 1200 ,
427 1158 464 1197 jin
486 1157 602 1192 litteris
623 1157 665 1192 ad
685 1153 934 1190 Haerefiarcham
958 1151 1123 1196 Eutyche-

238 1219 326 1245 tem.
353 1213 422 1242 Nos
436 1215 495 1249 pro
498 1206 595 1252 fludio
609 1212 695 1249 pacis
718 1205 833 1248 &filei
851 1214 941 1244 extra
959 1200 1123 1246 consensum

238 1260 546 1293 RomanaeCiv1tatis
566 1253 705 1299 Episcopi
723 1254 829 1299 causas
846 1255 920 1297 fidei
938 1255 1043 1287 audire
1065 1265 1123 1286 non

234 1308 403 1353 poffitmus.
431 1306 477 1344 Et
487 1306 582 1344 Felix
591 1305 681 1350 Papa
703 1306 818 1340 tertius
837 1305 874 1339 in
887 1303 1003 1339 litteris
1026 1304 1123 1347 syno-

238 1358 368 1394 dalibus
392 1356 434 1393 ad
472 1355 610 1392 Clerum
633 1354 862 1392 orthodoxum
888 1353 1057 1398 Bythiniae
1086 1354 1121 1389 δε

239 1408 382 1445 civitatis
402 1406 802 1451 Constantinopolitanae.
829 1408 958 1451 ,Quoties
966 1410 1051 1442 intra
1061 1409 1120 1438 Ita-

238 1461 317 1494 liam
332 1464 456 1501 propter
474 1457 688 1500 Ecclest‘asticas
708 1455 812 1501 causas
825 1482 835 1499 ‚
857 1456 1012 1498 praecipuc?
1026 1455 1120 1497 fidei,

237 1509 541 1552 colligunturDomini
552 1509 721 1542 Sacerdotes
733 1532 746 1549 ‚
768 1506 939 1550 consuetudo
951 1507 1093 1540 retinetur
1109 1530 1120 1546 ‚

239 1567 275 1593 ut
293 1558 430 1602 succeffor
450 1558 619 1602 Praesulum
637 1560 724 1596 Sedis
747 1557 912 1600 Apostolicae
932 1568 971 1590 ex
989 1555 1121 1600 perfima

238 1613 331 1643 totius
358 1609 457 1641 Italiae
475 1610 682 1648 sacerdotum,
709 1610 808 1650 juxta
825 1606 1043 1650 solicitudinem
1063 1618 1122 1641 om-

237 1663 324 1693 nium
341 1656 535 1699 Ecclefiarum
549 1656 606 1705 fibi
628 1666 839 1701 competentem
859 1682 870 1698 ,
895 1656 1001 1691 cunc‘la
1021 1656 1123 1697 consti-

238 1716 331 1742 tuat.
358 1708 403 1741 Et
414 1707 569 1746 Romana
591 1708 674 1743 Sede
687 1719 742 1752 per
764 1709 874 1755 Sancti
884 1706 1023 1742 Fabiani
1033 1707 1122 1742 Mar-

238 1757 365 1799 tyrium
385 1766 543 1799 vacante,
569 1756 745 1795 Romanus
766 1757 880 1792 Clerus
902 1757 945 1792 de
965 1757 1122 1801 urgentis-

238 1808 319 1842 fima
335 1806 518 1851 Lapsomm
539 1808 635 1846 causa
653 1807 870 1842 interlocutus
895 1807 941 1841 est
961 1808 1120 1851 quaepiam

238 1867 315 1897 non
325 1857 462 1896 ferentia
471 1868 598 1897 moram
609 1870 621 1904 ς
646 1857 759 1899 nullus
769 1855 843 1895 vero
862 1858 936 1894 istic
946 1856 1120 1902 Presbyter

1184 209 1241 234 aut
1263 200 1455 239 Diaconus,
1474 200 1583 238 nullus
1606 205 1640 236 in
1661 205 1758 239 omni
1779 205 1963 242 Occidente
1988 210 2064 254 Epi-

1185 251 1299 294 scopus
1311 275 1321 290 ,
1349 261 1390 284 ne
1402 249 1536 294 quidem
1559 253 1624 294 ipse
1635 255 1738 289 totius
1751 254 1917 291 Africanae
1935 259 2063 295 Dioece-

1183 300 1253 339 scos
1272 300 1399 334 Primas
1414 301 1547 334 Sanctus
1566 301 1775 347 Cyprianus,
1799 305 1847 340 est
1865 307 1963 344 ausus
1983 308 2065 355 quid

1181 350 1340 389 definire.
1369 350 1414 385 Et
1440 348 1520 385 hinc
1544 350 1772 390 Romanarum
1795 355 2068 395 Patriarchalium

1182 400 1395 444 Synodorum
1424 401 1553 436 decreta
1575 402 1742 438 consuesse
1767 405 1802 442 ,in
1826 407 1933 441 solum
1955 407 2068 446 Ponti=

1183 451 1254 485 ficis
1276 461 1398 485 nomen
1418 451 1552 495 concipi
1570 451 1815 498 &promulgari
1833 455 1929 491 docet
1952 467 2067 501 quarta

1181 500 1335 544 Synodus
1355 499 1543 546 Symmachi
1555 501 1672 546 Papae..
1700 503 1850 540 Eandem
1874 509 2066 549 potestatem

1181 551 1274 585 fuisse
1286 551 1480 586 Patriarchae
1501 551 1720 592 ,Antiocheno
1741 554 1831 588 vides
1859 567 1901 589 ex
1925 557 2065 592 Pseudo-

1179 601 1319 644 Synodo
1347 601 1508 646 Ephefina
1533 627 1546 650 ,
1571 614 1636 647 qua
1664 604 1807 647 Joannes
1832 602 2067 645 Antiochenus

1179 653 1389 693 exauctorare
1414 653 1550 692 molitus
1574 653 1622 689 est
1647 653 1801 692 Santstum
1838 655 2008 697 Cyrillum
2032 658 2067 695 ὃς

1181 702 1401 736 Memnonem
1437 703 1642 747 Episcopum
1682 702 1897 747 Ephesiorum
1934 728 1942 737 .
1984 705 2067 746 Eam

1181 752 1281 786 etiam
1302 750 1494 790 Patriarchae
1519 753 1898 798 Constantinopolitano
1924 754 2069 791 vindicat

1181 799 1380 843 Theodorus
1392 802 1522 838 studita
1542 802 1579 843 jn
1594 803 1715 838 litteris
1725 803 1766 840 ad
1781 814 1988 843 conventum
2001 805 2070 844 Ico-

1181 852 1363 892 noclastam
1377 878 1385 889 ‚
1731 877 1733 879 ·
1827 876 1831 879 -
1845 877 1850 881 ·

1229 902 1431 947 ¹Respondeo
1455 904 1649 948 potestatem
1668 901 1755 940 hanc
1767 905 1869 940 edam
1892 907 1927 940 in
1939 916 2074 951 genera-

1181 952 1204 986 li
1217 953 1353 995 Synodo
1372 952 1495 998 semper
1521 955 1614 990 fuisse
1625 955 1784 990 Romano
1794 956 1975 996 Pontifici,
2002 968 2073 991 non

1182 1002 1393 1042 solummodo
1415 1004 1450 1045 in
1474 1004 1656 1048 Episcopos
1675 1004 1717 1042 ad
1730 1005 1798 1049 ejus
1817 1005 2073 1042 patriarchalem

1182 1053 1359 1087 Dioecefim
1382 1054 1588 1099 singulariter
1606 1056 1805 1099 spestante3‚
1831 1056 1934 1092 sedin
1956 1067 2073 1092 omnes

1185 1102 1313 1145 penitus
1333 1103 1391 1137 sub
1410 1105 1497 1138 eoelo
1522 1130 1529 1136 .
1556 1104 1693 1140 Etenim
1716 1107 1752 1141 in
1772 1107 1833 1142 suo
1855 1107 1896 1141 ad
1921 1108 2073 1151 quintam

1185 1152 1359 1196 Synodum
1380 1153 1575 1189 Constituto
1602 1154 1749 1199 Vigilius
1771 1156 1931 1192 Pontifex
1957 1158 2073 1193 ast‘eve-

1186 1212 1235 1237 rat
1254 1203 1317 1237 effe
1337 1209 1497 1246 antiquum
1518 1205 1554 1239 ὁ*
1576 1206 1744 1249 regularem
1760 1209 1915 1248 ordinem,
1942 1219 1979 1241 ne
2002 1216 2073 1240 ante

1185 1254 1271 1287 Sedis
1299 1253 1467 1296 Apostolicae
1496 1255 1766 1300 promulgationem
1795 1256 1960 1300 sententiae
1987 1257 2072 1291 ullus

1184 1303 1362 1347 Episcopus
1371 1305 1539 1347 quidquam
1543 1304 1680 1347 proferre
1703 1311 1799 1341 tentet
1811 1331 1824 1348 ‚
1850 1306 1952 1352 longe
1964 1306 2074 1341 minus

1182 1354 1345 1392 definire„
1361 1352 1465 1403 Qod
1486 1355 1595 1399 ipsum
1606 1356 1643 1391 in
1668 1356 1724 1391 sua
1735 1350 1957 1393 Patriarchica
1967 1358 2076 1401 Syno-

1181 1402 1226 1439 do
1238 1402 1385 1440 habuiffe
1406 1417 1545 1443 omnem
1554 1405 1781 1442 Patriarcham
1793 1407 1952 1448 evincunt
1975 1404 2075 1442 addu-

1181 1457 1232 1490 ἂι
1253 1454 1470 1491 fundamenta
1492 1457 1592 1500 partis
1604 1457 1828 1492 affirmativa
1847 1457 1907 1492 An
1921 1455 2075 1492 'Alexan-

1181 1504 1293 1539 drinus
1315 1506 1416 1541 etiam
1435 1507 1472 1541 in
1482 1507 1628 1552 generali
1650 1508 1754 1543 totius
1763 1507 1910 1543 Ecclefiae
1927 1518 2076 1543 conven-

1182 1566 1219 1590 tu
1244 1555 1393 1591 habuerit
1419 1581 1432 1598 ‚
1457 1557 1580 1604 ignoro
1606 1571 1618 1597 ‚-
1652 1557 1761 1595 Nullo
1785 1558 1939 1605 exemplo
1978 1557 2076 1601 poffie

1182 1605 1335 1642 ostendi.
1363 1606 1570 1642 Crediderim
1591 1606 1750 1644 tredecim
1769 1606 1844 1645 illos
1870 1608 2077 1652 Episcopus,

1184 1657 1295 1701 eisque
1316 1658 1530 1703 suffragatum
1548 1656 1746 1696 Anatolium
1760 1683 1773 1700 ,
1799 1667 2078 1703 argumentantes,-

1183 1717 1218 1742 at
1237 1719 1427 1751 perperam,
1451 1708 1619 1753 aparitate
1641 1709 1801 1750 rationis,
1826 1708 1914 1744 unde
1934 1707 1970 1741 δε
1997 1718 2077 1752 prae-

1183 1758 1254 1792 sens
1265 1758 1385 1793 Canon
1407 1769 1476 1792 non
1493 1758 1705 1793 definitivam
1716 1782 1731 1801 ,¹
1751 1759 1807 1794 sed
1830 1758 2002 1797 dumtaxat
2024 1758 2078 1797 itt-⁴.

1185 1809 1434 1849 terlocutoriam
1454 1807 1553 1849 habet
1564 1809 1810 1848 auetoritatem.
2072 1826 2077 1834 ¹

1913 3510 2024 3559 019„
