2340 3736
99 504 191 546 Epist.
216 512 259 535 10.

102 776 187 815 Epist.
214 782 247 814 63
253 799 260 806 .

102 2253 167 2290 Act.
190 2257 232 2289 18.

338 125 455 160 ἱιω
723 107 999 157 CANoNizs
1032 106 1604 160 Cauca-‘nonnitus

265 193 389 247 ⁴iiolica
414 193 623 232 Bibliotheca
649 203 808 240 repertam
833 195 962 240 publici
981 193 1060 237 juris
1085 193 1163 227 fecit

276 247 560 283 Eminentiffimus
585 259 623 281 ac
643 246 937 282 Reverendiffirnus
963 245 1007 278 D.
1033 243 1159 277 Franci-

276 300 345 333 scus
357 298 544 333 Cardinalis
557 296 769 341 Basberinus,
794 296 885 340 cujus
895 294 1054 334 memoria
1075 292 1160 337 apud

270 360 388 383 omnes
401 347 645 384 Eccclefiasticae
653 347 859 392 antiquitatis
868 345 1032 380 studiosos
1048 345 1110 378 erit
1125 343 1160 377 in

275 400 470 442 sempiterna
492 397 740 433 benedictione.
763 398 872 431 Etiam
898 395 934 428 in
949 394 1096 438 Epistola
1120 392 1160 426 ad

276 449 404 484 Rufum
434 447 761 483 Thessalonicensem
794 459 832 481 ac
868 445 949 480 alios
971 455 1026 488 per
1057 443 1162 486 lllyri-

275 511 351 541 cum
404 499 583 544 Episcopos
620 523 632 542 ,
675 499 694 542 ξι
729 496 861 538 laudato
898 494 1162 537 Eminentiffimo

276 549 428 585 Ecclefiae
455 549 611 593 Principe
637 548 734 584 nobis
761 548 840 582 item
863 544 989 580 donata
1010 568 1021 584 ‚
1048 541 1162 588 probat

272 600 390 635 multis
412 599 502 635 idem
523 599 681 646 Pontiiex
695 623 706 640 ,
728 597 823 642 quod
846 596 881 630 in
901 594 1071 633 Cathedra
1096 594 1163 628 Ro-

275 661 374 692 mana
400 650 466 695 ipse
490 650 660 692 Dominus
677 647 815 687 cbristus
832 646 995 687 Sacerdotii
1012 642 1162 688 summam

276 701 378 735 locarit
400 725 407 732 .
434 699 478 735 Et
501 700 635 735 Sanctus
659 698 730 733 Leo
749 694 899 743 Magnus
921 696 956 730 iri
982 695 1099 730 litteris
1120 693 1160 728 ad

273 750 532 786 ‘Theodoretum
556 749 639 792 Cyri
674 748 874 792 Episcopum
900 745 1011 781 scribit
1039 757 1046 777 :
1072 743 1162 787 quod

273 800 442 845 laudatam
453 800 571 836 Sedem
592 799 712 839 caeteris
735 797 893 842 ‚omnibus
916 797 981 844 ipse
993 796 1163 839 D9minus

276 851 425 886 statuerit
449 849 630 895 praesidere.
658 848 702 883 Et
716 849 751 883 in
765 848 882 883 litteris
902 845 942 880 ad
955 845 1160 880 Anastasium

253 920 259 927 ·
276 901 479 946 Episcopum
499 891 828 936 Thessalonicensem
850 912 862 932 .·
889 902 1001 930 Curam
1022 893 1162 936 univerfis

279 951 412 994 Eccleffis
423 964 459 986 ex
474 954 593 990 Divina
604 949 781 991 institutione
791 949 928 985 debemus
941 972 949 979 .
979 947 1022 980 Et
1034 946 1068 982 in
1079 945 1165 983 litte·

275 1004 321 1040 ris
342 1002 382 1037 ad
395 1003 574 1046 Episcopos
587 1000 798 1034 Mauritaniae
812 997 1015 1039 Caesareensis
1027 1010 1038 1030 .·
1065 997 1161 1036 solici-

279 1055 413 1089 tudinem
439 1048 589 1094 uni'versae
616 1048 750 1091 Ecclestae
777 1060 814 1083 ex
841 1051 961 1091 Divina
986 1045 1164 1087 institutione

277 1104 490 1145 dependimus.
517 1101 567 1135 Ita
592 1099 773 1145 loquuntur
793 1098 960 1134 &docent
983 1097 1162 1131 Pontifices

273 1152 402 1196 antiqui
414 1162 548 1193 omnes:
579 1149 677 1189 Vana
697 1161 734 1193 ac
746 1150 883 1195 profana
903 1147 948 1182 est
956 1147 1064 1188 evasio
1076 1147 1162 1181 Mar-

274 1203 305 1237 ci
330 1202 476 1243 Antonii
497 1199 539 1236 de
558 1199 739 1242 Dominis,
764 1198 935 1245 garrientis
956 1209 1013 1233 eos
1031 1196 1073 1232 de
1093 1209 1161 1242 pro-

274 1254 344 1297 pria
383 1254 479 1287 causa
514 1250 681 1296 perhibere
719 1249 948 1285 testimonium
975 1273 986 1288 ,
1026 1243 1161 1291 ideoque

273 1304 381 1348 ipsum
395 1315 465 1339 non
476 1302 540 1337 esse
552 1302 703 1341 firmum.
730 1301 851 1337 Omnis
868 1298 989 1343 quippe
1007 1296 1160 1334 orthodo-

272 1365 316 1395 xa
341 1353 518 1396 antiquitas
540 1352 606 1391 illis
626 1350 792 1390 attestatur
814 1377 823 1384 .
849 1350 918 1384 Eos
940 1361 1008 1390 non
1032 1349 1161 1390 tantum

274 1402 420 1438 secundae
431 1403 548 1437 Maefiae
559 1402 711 1446 synodus
723 1425 733 1441 ‚
761 1403 796 1435 in
815 1401 934 1435 litteris
955 1400 996 1435 ad
1012 1399 1159 1434 Leonem

275 1453 466 1499 Augustum
487 1452 558 1497 post
580 1450 755 1497 Synodum
778 1449 1083 1486 chalcedonensem
1105 1462 1161 1483 ex·

273 1504 457 1546 stantibus,
483 1503 566 1537 dicit
579 1503 642 1544 effe
652 1504 723 1543 veri?
740 1510 830 1544 caput
841 1499 1056 1543 Episcoparum
1068 1524 1080 1545 ‚
1106 1498 1160 1534 sed

273 1555 307 1597 §c
331 1564 407 1597 ante
428 1563 543 1590 omnes
567 1551 722 1593 Cariones
741 1552 774 1585 δι
794 1550 961 1595 generales
984 1547 1159 1593 Synodos,

273 1603 424 1648 adeoque
448 1603 708 1638 exinstitutione
731 1601 857 1635 Divina
882 1600 975 1634 fuisse
987 1601 1110 1644 semper
1120 1599 1160 1633 ab

274 1656 369 1689 omni
392 1654 449 1688 sub
461 1654 547 1689 coelo
567 1652 707 1689 Ecclesia
730 1661 865 1691 vocatos
886 1649 1042 1692 Pontifices
1059 1654 1160 1686 Maxi-

274 1718 339 1747 mos
361 1717 397 1741 ac
418 1703 578 1748 Episcopos
599 1702 830 1747 Episcoporum,
859 1701 1003 1740 scrIbunt
1024 1702 1159 1736 Sanctus

276 1755 464 1800 Cyprianus
479 1754 495 1796 '‚
521 1767 558 1789 ac
583 1753 729 1788 iii-libro
756 1750 796 1787 de
817 1752 978 1797 pudicitia
1005 1752 1160 1789 inimicus

181 1804 188 1811 “
207 1846 214 1853 ⁸
274 1806 526 1840 Tertullianus.
557 1805 644 1838 Etin
666 1804 804 1847 Synodo
827 1802 990 1847 Ephelina
1013 1801 1160 1845 dixitJu-

275 1858 399 1890 venalis
426 1855 666 1899 Hierosolymae
688 1854 868 1899 Episcopus
894 1867 935 1889 ex
961 1852 1158 1897 Apostolico

275 1907 392 1941 ordine
413 1907 445 1940 &
457 1905 634 1940 traditione
643 1906 705 1939 effe
717 1915 842 1939 morem
856 1930 866 1946 ,
894 1914 931 1939 ut
944 1904 1031 1939 sedes
1041 1903 1161 1938 Antio·

273 1956 381 1994 chena
406 1955 492 2000 apud
515 1956 704 1991 Romanam
726 1954 888 1999 dirigatur
914 1966 952 1991 ac
975 1953 1157 1997 judicetur.

275 2008 321 2042 Et
344 2007 408 2040 haec
433 2007 502 2050 ipsa
522 2005 630 2041 nostra
652 2003 806 2048 Synodus
828 2003 1102 2041 Chalcedonensis
1124 2005 1158 2037 in

275 2057 452 2091 Relatione
470 2053 511 2089 ad
534 2057 684 2090 Leonem
696 2055 818 2098 Papam
830 2069 841 2088 .-
868 2052 1011 2098 Episcopo
1029 2058 1160 2089 Romano

273 2113 372 2142 vineae
392 2106 519 2146 custodia
542 2107 729 2139 iSalvatore
749 2105 894 2147 commissa
916 2104 955 2143 est
970 2129 977 2136 .
1003 2103 1048 2141 Et
1070 2104 1161 2139 Con-

274 2158 438 2193 stantinus
449 2166 580 2200 quartus
595 2155 787 2200 Augustus,
813 2154 974 2198 plenaque
987 2155 1159 2198 peripsum

275 2209 364 2243 sexta
377 2205 532 2251 Synodus
544 2206 579 2239 in
592 2205 770 2240 Relatione
792 2204 832 2239 ad
846 2203 1061 2250 Agathonem
1073 2203 1161 2238 Pon·

276 2257 400 2293 tificem
413 2272 424 2291 ι
451 2261 586 2289 Romana
597 2256 686 2289 sedes
708 2254 747 2295 est
770 2266 805 2288 ea
818 2257 913 2288 Petra
926 2279 936 2294 ‚
956 2253 1050 2297 supra
1069 2265 1160 2296 quam

267 2310 420 2343 ,Dominus
433 2304 587 2347 Ecclesiam
599 2304 772 2347 fundavit.
801 2304 894 2339 Hinc
916 2299 951 2338 iri
976 2305 1033 2339 suo
1054 2304 1163 2338 suffra-

278 2360 337 2405 gio
351 2356 522 2392 Douielius
543 2355 701 2390 Prufiadis
713 2354 915 2398 Episcopus,
943 2354 1027 2388 acin
1045 2354 1160 2388 sermo-

272 2421 320 2447 ·ne
344 2408 384 2443 ad
396 2408 584 2451 Principem
607 2404 838 2442 acclamatorio
857 2405 924 2448 ipsa
944 2403 1039 2447 plena
1057 2404 1159 2446 Syno-

274 2460 338 2495 dus
360 2457 529 2493 laudatum
552 2454 768 2501 Agathonem
786 2463 881 2489 vocat
906 2456 1031 2487 Patrem
1050 2451 1160 2496 suum,

277 2509 445 2553 ,apostolica
465 2507 683 2550 &principalis
704 2506 788 2538 Sedis
802 2502 1102 2546 Archi-Episcopum,
1126 2504 1161 2536 &

277 2559 444 2599 Antistium
467 2555 756 2599 Pontificaliffmum.
784 2555 829 2590 Et
852 2555 989 2589 Sanetus
1012 2553 1159 2598 ignatius

277 2607 465 2646 Patriatcha
485 2605 874 2649 Constantinopolitanus
901 2604 937 2637 in
967 2603 1085 2638 litteris
1119 2602 1160 2636 ad

278 2661 461 2695 Nicolaum
483 2657 626 2702 primum
635 2655 836 2691 Pontificem
856 2655 946 2689 lestis
963 2654 998 2688 δε
1018 2652 1162 2697 probatis

277 2711 316 2745 in
327 2710 465 2754 Synodo
476 2710 589 2744 ostava
601 2731 612 2747 ,
639 2706 807 2750 profitetur
821 2704 1015 2739 Romanum
1032 2703 1162 2746 Episco-

280 2770 360 2804 pum
381 2761 444 2795 esse
469 2769 575 2794 unum
594 2780 606 2796 ‚
644 2756 841 2800 singularem
863 2779 874 2795 ‚
901 2753 1136 2798 ptaeceilentem
1150 2776 1160 2793 ,

279 2809 582 2844 Catholiciffimum
599 2807 711 2841 omnis
724 2805 778 2839 sub
803 2806 889 2842 coelo
902 2803 1052 2841 Ecclesiae
1062 2801 1164 2837 medi-

279 2871 381 2901 cum,
408 2860 448 2894 ab
469 2859 539 2902 ipso
561 2856 714 2892 Domino
725 2856 798 2899 Jesu
811 2854 947 2889 Christo
973 2852 1163 2897 produstum

225 2914 227 2926 ¹
282 2921 340 2954 per
360 2909 424 2943 haec
437 2909 550 2947 verba.
575 2909 619 2940 Tu
641 2918 673 2940 es
700 2908 807 2939 Petrus
820 2928 831 2944 ,
858 2906 892 2938 (θ’
911 2902 999 2947 fitpet’
1018 2902 1095 2938 hanc
1108 2906 1164 2936 Pe-

283 2969 366 2994 tram
377 2959 524 3001 aedificabo
535 2956 692 2998 Ecclefiam
712 2966 825 2988 meam.
856 2955 899 2988 Et
913 2954 1093 2998 trigesimus
1108 2963 1165 2986 no-

280 3021 347 3046 nus
368 3010 485 3043 Canon
509 3007 671 3042 Arabicus
685 3006 874 3039 Romanum
898 3003 1096 3047 Episcopum
1113 3002 1166 3036 der

281 3060 360 3095 finit
371 3059 433 3093 effe
443 3067 538 3100 caput
558 3058 592 3092 ὅ(
602 3055 788 3099 Principem
801 3055 954 3090 omniurn
967 3052 1164 3090 Patriarcha·

284 3121 358 3146 rum
373 3133 384 3149 ‚
409 3107 498 3141 Petri
524 3106 733 3142 successorem
754 3116 830 3140 cum
852 3103 967 3146 aequali
989 3103 1167 3147 potestate,

282 3156 748 3195 ChrissiDominiVicarium
764 3180 775 3196 ‚
800 3153 997 3191 cuidataest
1026 3148 1166 3196 potestas

286 3212 321 3244 in
342 3218 458 3244 omnes
478 3205 644 3246 Principes
666 3229 676 3244 ‚
701 3217 816 3239 eorum
842 3204 1003 3248 populos,
1029 3216 1067 3238 ac
1093 3203 1166 3240 uni-

287 3261 411 3293 versam
423 3254 597 3290 Ecclesiam
610 3251 831 3287 Christianam
842 3279 847 3288 ,
875 3254 919 3290 Et
931 3254 1035 3293 Sancti
1048 3253 1165 3290 Gelafii

286 3307 458 3342 Pontificis
482 3305 585 3349 prima
606 3303 762 3337 Romana
784 3302 953 3345 Synodus.
979 3303 1088 3339 sanila
1111 3307 1156 3335 Ro

288 3369 381 3392 mana
394 3381 404 3396 ‚
432 3355 588 3389 Catholica
611 3355 646 3390 (ν
669 3351 827 3395 Apostolica
837 3352 963 3394 Ecclesia
988 3353 1075 3386 nullis
1086 3354 1168 3395 Syrte:

288 3409 363 3441 dicis
390 3405 551 3445 constitutis
573 3405 706 3446 praelata
725 3401 764 3445 est
791 3407 905 3439 caeteris
925 3402 1056 3444 Ecclefiis
1069 3426 1080 3441 ,
1111 3401 1171 3446 sed

286 3455 484 3502 Evangelia
496 3465 564 3493 voce
587 3456 707 3492 Domini
719 3454 933 3492 &Saloutaria
953 3452 1038 3492 nostri
1052 3456 1168 3490 Prima-

1225 202 1289 226 tum
1298 192 1424 228 obtinuit
1433 219 1440 230 .
1468 195 1599 231 Definit
1609 197 1759 233 adversus
1769 198 1997 243 nequiffimum
2008 200 2107 237 schis-

1225 253 1277 276 ma
1290 244 1415 298 ’Aeacii
1435 245 1589 289 Episcopi
1610 248 1975 293 constantinopolitani
1989 276 2000 292 ‚
2027 263 2105 286 cum

1224 294 1379 327 factione*
1392 293 1577 330 Eusebiana
1586 307 1629 331 ex
1641 296 1874 337 ‘hocCanone
1896 301 2084 336 blaterantis
2094 327 2103 334 .

1225 342 1427 399 lt'rirnatialia
1450 344 1786 386 RomanaEec'lefiaes
1794 351 1964 396 privilegia
1976 364 2043 386 non
2062 350 2104 386 ab

1225 395 1294 437 ipso
1320 391 1452 428 Christo
1474 406 1529 438 per
1551 395 1731 437 Divinam,
1755 400 1807 434 sed
1829 401 1936 436 asolis
1959 401 2104 445 Synodis

1224 444 1257 477 &
1281 444 1477 478 Canonibus
1508 447 1570 479 else
1590 444 1750 481 donatum
1771 462 1827 492 per.
1852 453 2044 494 potestatem
2069 452 2104 486 δε

1224 494 1466 542 providentiam
1478 494 1654 536 humanam
1668 522 1674 528 .
1703 497 1853 536 Errorem
1861 502 1972 549 postea
1986 504 2106 544 resum-

1224 545 1397 587 pserunt&
1417 556 1578 581 auxerunt
1588 545 1731 581 Photius
1754 548 1787 581 &
1801 548 1946 586 Michael
1972 549 2105 589 Gerula-

1223 595 1291 628 rius
1326 595 1483 640 Episcopi
1520 597 1887 642 Constantinopolitani
1907 614 1928 641 *‚
1962 601 2106 646 ideoque

1225 644 1347 679 Graecis
1357 645 1486 689 laudata
1496 648 1667 696 privilegia
1681 660 1749 682 non
1765 649 1823 683 nisi
1836 660 1913 684 cum
1935 648 1998 685 hoc
2009 651 2104 692 addi-

1225 705 1260 729 to
1274 719 1284 735 ‚
1305 697 1336 739 J
1338 705 1414 736 uxta
1423 707 1552 731 tenorem
1571 702 1747 738 canonum,
1774 699 1947 734 admittere
1964 701 2102 740 volentia

1225 744 1283 779 bus
1306 757 1510 789 nequaquam
1530 750 1692 792 acquievit
1714 750 1869 792 Synodus
1891 750 2106 793 Florentium

1223 797 1341 840 eosque
1352 796 1485 831 tandem
1507 799 1652 841 persuasit
1663 800 1845 834 consentire
1859 801 1893 834 in
1906 800 1971 838 hoc
1984 801 2107 842 additae

1226 857 1392 880 mentum:
1420 849 1681 891 ‚Quemadmodum
1701 856 1792 884 etiam
1815 851 1940 897 ingestis
1962 848 2109 890 Concilio}

1224 908 1310 937 rum,
1335 898 1368 930 (ἓν
1393 904 1427 930 in
1446 896 1543 940 sacris
1553 901 1724 932 eunomius
1751 896 1937 935 continetur.
1966 897 2107 941 Desum}
2169 936 2174 942 ‚

1226 956 1317 991 ptum
1328 948 1374 982 est
1384 946 1696 991 exlitteris'Joannis
1709 949 1842 987 secundi
1859 949 2033 991 pontificis
2064 952 2106 991 ad
2125 935 2240 977 epm&

1224 997 1442 1041 Justinianum
1470 998 1675 1044 Augustum:
1701 1003 1866 1040 Romanam
1888 1002 2031 1044 Eclesi‘am
2052 1003 2105 1047 esse

1224 1054 1352 1081 omnium
1372 1050 1442 1082 vere?
1454 1048 1648 1091 Ecclesi'arum
1672 1046 1807 1092 caput&
1830 1053 1958 1085 Parrum
1978 1054 2102 1098 Regula

1224 1100 1258 1132 <a
1284 1101 1457 1141 Principum
1473 1099 1590 1140 statuta
1610 1100 1783 1134 declarant.
1812 1102 1981 1149 roirca
2008 1101 2104 1146 hujus

1225 1148 1386 1189 Primatus
1407 1150 1572 1194 originem
1585 1175 1596 1191 ‚
1623 1162 1691 1185 non
1706 1149 1829 1191 Christi
1851 1151 1994 1190 Domini
2011 1154 2106 1188 Divi-

1226 1199 1295 1250 nis,
1323 1195 1683 1247 sedsssplisSynodorum
1698 1199 1851 1241 humanis
1861 1201 2107 1240 constitutioni·

1224 1247 1283 1283 bus
1297 1247 1498 1289 adscribere,
1518 1249 1565 1286 cst
1578 1250 1701 1286 haerefis
1713 1252 1881 1286 manifesta
1894 1278 1901 1285 .

1233 1339 1235 1341 ¹
1273 1299 1410 1334 Tertius
1443 1300 1594 1344 Canonis
1613 1313 1703 1336 error
1724 1302 1771 1336 est
1794 1302 1829 1336 in
1854 1301 1945 1337 hisce
1977 1303 2104 1338 verbis:

1225 1352 1243 1384 5
1244 1350 1398 1392 anc‘liffimo
1406 1363 1494 1391 novae
1506 1354 1608 1391 Romae
1618 1351 1722 1385 throno
1734 1353 1864 1395 ‘aqualia
1871 1355 2038 1397 privilegia
2050 1359 2106 1388 tri-

1225 1401 1367 1434 buerunt.
1397 1401 1532 1435 Etenim
1544 1403 1657 1446 tertius
1678 1402 1798 1437 Canon
1823 1402 2106 1446 Constantinopo-

1223 1451 1346 1485 litaniis
1369 1451 1776 1497 Constantinopolitanam
1808 1451 2007 1487 Catliedtam
2036 1453 2104 1488 Ro·

1224 1513 1327 1535 mariae
1342 1513 1545 1547 nequaquam
1558 1503 1697 1547 aequavit
1712 1528 1722 1544 ,
1750 1503 1802 1537 sed
1816 1503 2051 1539 Alexandrinae
2066 1502 2104 1541 ὅς

1225 1550 1441 1586 Antiochenae
1472 1552 1682 1588 solummodo
1703 1554 1841 1596 pta-tulit
1862 1579 1872 1596 ‚
1911 1555 2036 1589 faciens
2055 1564 2104 1588 to·

1222 1602 1288 1636 tius
1308 1602 1455 1636 Ecclefiae
1485 1603 1661 1637 secundam
1685 1601 1772 1637 hisce
1805 1603 2010 1638 iucidiffimis
2036 1614 2105 1637 vei·-

1224 1651 1273 1686 bis
1283 1665 1296 1685 .·
1321 1652 1652 1695 Constantinopolitanae
1663 1658 1801 1686 civitatis
1815 1651 1980 1696 Episcopus
1995 1652 2106 1689 habeat

1219 1704 1383 1753 privilegia
1405 1702 1524 1736 honoris
1541 1702 1605 1749 post
1627 1706 1792 1740 Romanum
1815 1701 2010 1747 Episcopum.
2040 1702 2108 1738 Ve-

1223 1754 1294 1788 rum
1318 1754 1519 1791 Dioscorus,
1547 1751 1678 1789 Eusebii
1703 1753 1904 1787 Dorileensis
1927 1753 2107 1797 Episcopi,

1223 1815 1293 1838 non
1304 1815 1362 1847 pro
1373 1804 1403 1842 se
1425 1803 1554 1838 tantum
1566 1827 1577 1843 ‚
1604 1803 1657 1836 sed
1671 1803 1705 1836 &
1717 1814 1775 1846 pro
1797 1804 1874 1836 caeso
1897 1804 2016 1837 Sancto
2034 1802 2107 1837 Fla-

1225 1855 1322 1888 viano
1343 1852 1718 1896 Constantinopolitano
1733 1852 1893 1896 Episcopo
1915 1852 2106 1887 Romanam

1223 1901 1373 1938 adversus
1396 1904 1426 1936 se
1446 1902 1700 1946 appellationem
1725 1902 1875 1936 frendens
1887 1903 2064 1946 susceptam
2086 1902 2105 1936 ὲ

1226 1954 1340 1988 Leone
1359 1952 1526 1991 Pontifice
1551 1977 1561 1993 ,
1597 1953 1631 1987 in
1657 1951 1876 1991 Eusebianam
1897 1952 2020 1987 rabiem
2042 1954 2106 1986 sese

1225 2003 1360 2048 projecit
1375 2027 1386 2044 ‚
1411 2004 1586 2047 omnesque
1597 2002 1801 2038 Patriarchas
1812 2003 1944 2047 aequalis
1967 2002 2105 2046 potesta-

1223 2055 1264 2088 tis
1286 2053 1475 2094 blateravit,
1502 2065 1570 2097 quo
1581 2054 1624 2087 fic
1645 2053 1678 2087 in
1693 2052 1860 2087 laudatum
1883 2052 2106 2092 Pontificem,

1225 2114 1390 2148 tamquam
1413 2104 1471 2147 qui
1479 2103 1547 2146 ejus
1569 2103 1742 2137 damnatos
1754 2102 1933 2146 suscipieris
1952 2101 2109 2145 quintum

1226 2154 1400 2189 Nicaenum
1423 2152 1600 2193 Canonem
1622 2153 1699 2187 effet
1723 2154 1966 2196 praevaricatus,
1989 2151 2108 2189 latrare

1225 2203 1358 2248 impune
1368 2202 1499 2238 auderet
1519 2194 1757 2243 c'ifiitumeliam
1769 2213 1854 2237 vana:
1878 2201 2108 2245 excommuni-

1224 2254 1386 2295 cationis,
1412 2264 1510 2297 atque
1537 2253 1581 2286 ita
1591 2251 1746 2286 exufflare
1769 2262 1906 2286 omnem
1929 2251 2106 2285 Eusebii&

1224 2305 1379 2340 universae
1399 2302 1642 2346 Ecclesiffispem
1654 2301 1695 2337 ab
1720 2300 1840 2336 indicta
1853 2301 1989 2344 Synodo
2002 2299 2101 2336 Chal-

1224 2353 1416 2389 cedonensi.
1445 2353 1523 2396 Ejus
1536 2353 1728 2390 Diaconus,
1754 2351 1789 2388 in
1800 2351 1906 2395 Regia
1917 2351 1994 2386 urbe
2015 2350 2108 2395 Apo-

1224 2403 1395 2443 crisarius,
1421 2414 1458 2436 ac
1481 2404 1517 2437 iti
1538 2401 1703 2446 Ephefino
1730 2401 1905 2437 latrocinio
1915 2409 2038 2434 creatus
2063 2401 2105 2434 ab

1226 2454 1295 2497 ipso
1314 2454 1495 2497 Episcopus
1517 2453 1619 2486 fuerat
1645 2451 1847 2491 Autumnus,
1874 2461 1970 2493 atque
1992 2450 2034 2485 ita
2061 2450 2104 2486 ab

1226 2504 1293 2547 ipso
1313 2502 1471 2540 didicerat
1493 2501 1765 2544 Eusebianizare,
1792 2502 1977 2544 praescntem
1996 2503 2105 2544 Syno-

1225 2554 1305 2589 dum
1335 2552 1483 2589 seducere
1503 2576 1514 2591 ,
1551 2551 1961 2595 constantinopolitanum
1992 2551 2104 2586 Cano*

1227 2615 1300 2638 nem
1313 2602 1354 2639 de
1367 2602 1480 2638 eadem
1493 2601 1597 2637 scabie
1608 2602 1767 2636 infamare
1779 2626 1791 2642 ‚
1816 2602 1851 2636 &
1864 2612 1967 2636 novas
1978 2601 2103 2637 radices

1226 2655 1323 2687 serere
1334 2653 1433 2687 futuri
1446 2651 1628 2688 schismatis
1640 2651 1795 2685 photiani
1808 2676 1815 2683 .
1844 2651 1978 2685 Etenim
1991 2649 2108 2685 Theo-

1225 2704 1324 2737 dorus
1347 2703 1544 2743 Balsamon,
1570 2702 1708 2738 Alexius
1735 2701 1899 2736 Aristinus
1923 2725 1934 2741 ,
1959 2702 2106 2744 Symeon

1225 2752 1524 2789 Thessalonicensis
1559 2777 1570 2794 ,
1607 2752 1742 2789 Gabriel
1785 2749 2074 2794 Philadelphiensis
2093 2775 2105 2792 ,

1226 2802 1403 2839 Matthaeus
1425 2802 1605 2841 Blastares',
1633 2802 1733 2837 Nilus
1756 2802 1981 2844 Doxopatrius
2000 2826 2011 2843 ,
2037 2800 2107 2836 alii-

1227 2865 1289 2895 que
1300 2853 1333 2889 id
1354 2863 1459 2898 genus
1470 2864 1512 2886 ex
1525 2851 1621 2894 hujus
1643 2851 1792 2887 Canonis
1803 2852 1994 2888 austeritate
2015 2850 2107 2894 pertiv

1230 2904 1351 2941 naciter
1371 2902 1545 2939 adfirmant
1558 2902 1672 2946 Regia
1695 2901 1836 2940 civitatis
1847 2903 1963 2936 Sedem
1985 2901 2107 2938 Roma-

1229 2966 1277 2988 nas
1288 2951 1459 2987 Cathedrae
1473 2953 1490 2986 a
1502 2952 1639 2995 Synodo
1651 2952 2022 2995 Constantinopolitana
2034 2950 2109 2984 fuis*

1231 3005 1260 3038 se
1274 3003 1414 3041 omnino
1424 3014 1602 3047 aquatam.
1632 3001 1746 3042 Audi,
1773 3000 1944 3046 quomodo
1955 3002 2037 3035 circa
2053 2998 2109 3033 ha-

1228 3055 1278 3088 sce
1299 3054 1388 3089 illius
1409 3052 1537 3096 Synodi
1558 3063 1655 3088 voces
1668 3077 1679 3093 ,
1707 3050 1772 3092 Post
1794 3056 1963 3086 Romanum
1988 3048 2105 3092 Episco.

1225 3113 1300 3146 pum
1314 3128 1324 3144 ‚
1349 3101 1510 3141 deliretin
1521 3103 1675 3147 trigesimi
1688 3102 1768 3137 sexti
1791 3102 1942 3139 Canonis
1951 3098 2107 3134 Trullani

1228 3155 1434 3196 expofitione
1469 3153 1608 3187 Alexius
1653 3152 1818 3189 Aristinus
1853 3176 1862 3185 .
1901 3146 2068 3191 Praepofitio
2094 3172 2106 3188 ,

1230 3203 1355 3239 POST
1381 3228 1391 3244 ,
1417 3204 1613 3247 intellegenda
1632 3202 1671 3243 est
1692 3211 1848 3244 tamquam
1868 3210 1933 3243 quae
1966 3206 2106 3240 tempus,

1236 3265 1292 3287 non
1302 3253 1435 3287 honorem
1455 3259 1612 3295 importet.
1644 3252 1783 3292 Posterior
1793 3261 1885 3284 annos
1895 3248 2002 3281 malm
2019 3259 2107 3290 aequa

1229 3316 1295 3338 cum
1314 3307 1451 3339 Romana
1473 3301 1599 3344 Ecclefia
1616 3304 1779 3345 privilegia
1812 3297 2109 3340 Constantinopolim«

1230 3365 1288 3394 nus
1300 3353 1422 3387 thronus
1433 3353 1481 3388 hic
1494 3353 1620 3386 obtinuit
1631 3377 1638 3384 .
1659 3349 1776 3394 Longe
1786 3348 1904 3386 melius
1911 3359 1953 3384 ex
1966 3347 2109 3392 Evagrio

1231 3402 1464 3447 Epiphaniensi
1478 3427 1489 3443 ‚
1515 3402 1619 3437 homo
1644 3403 1718 3434 licet
1739 3398 1959 3432 schismaticus
1974 3422 1984 3437 ‚
2011 3397 2113 3437 Nice.-
2129 3410 2189 3437 1‚.2.
2207 3408 2266 3442 c.4.‘

1233 3453 1352 3499 phorus
1376 3452 1545 3494 (jalinum
1574 3447 1845 3493 constitutumesta
1867 3447 2005 3491 Sy⁰9d0
2023 3447 2112 3487 Con-
2128 3450 2264 3498 L·.15.c.7.

1982 3498 2065 3532 stan-
