2340 3736
683 99 767 144 An
802 86 1646 153 EsneuuuuLA‘ritocminM.

255 192 408 234 ,Quoniam
408 188 553 231 squidam
567 183 860 223 reverendissimorum
870 180 1084 226 Episcoporum
1093 186 1125 214 in

256 241 311 274 bac
331 242 423 282 Regia
442 237 515 272 urbe
534 237 699 278 degentium
721 258 732 275 ‚
760 241 811 267 aut
828 240 951 275 propter
972 232 1129 275 infirmita·

256 299 339 331 tem,
363 297 417 322 aut
426 293 594 331 ignorantes
613 290 846 319 convocationem
863 281 975 327 saniffae
1000 283 1106 321 smodi
1121 306 1132 322 ,

257 335 315 373 non
326 345 523 373 convenerunt
537 360 547 375 ,
569 343 639 377 peto
648 333 781 378 absentes
788 342 845 375 per
869 333 1024 368 reverendi
1042 343 1130 365 unum

258 387 460 426 Presbyterum
480 385 675 427 Asterium-&⁵
690 393 745 426 per
757 381 962 427 religiofiffimos
987 384 1131 414 Diaconos

258 440 446 472 &Notarios
454 441 646 478 commoneri,
671 435 816 478 quatenu-r
841 431 941 473 &ipſs
947 428 1133 475 agnoscentes

258 498 326 529 quae
336 486 404 520 πᾶα
419 484 511 529 sunt,
535 484 624 529 suam
646 482 833 526 manifestam
849 479 970 522 faciant
999 481 1135 513 volunta-

257 547 334 571 tem.
362 537 438 571 Erat
449 547 537 579 aequa
560 534 759 579 postulatio,
785 529 925 573 ideoque
945 529 1009 565 huc
1036 531 1135 574 usque

256 587 339 620 Asta
350 586 482 620 Sanetus
495 586 667 622 Flavianus
694 582 776 620 misit
788 579 976 616 absentibus
1004 580 1135 622 Episco-

255 636 305 677 pis
333 634 470 680 legenda
490 639 507 676 ,'
526 631 751 672 discutienda,
776 629 942 676 probanda
963 653 975 671 ‚
1003 629 1133 665 subscri·

257 683 363 721 benda
377 709 384 717 .
445 720 447 724 v

450 959 752 1009 ACTIO
805 963 924 1014 111.

1895 112 1988 157 213

1194 190 1298 223 neque
1321 178 1497 221 suscipere,
1522 180 1595 213 fiab
1617 180 1727 224 aliquo
1747 180 1923 226 contigerit
1945 183 1975 218 ei
1996 183 2060 219 tale

1194 229 1273 271 quid
1295 228 1384 274 legi,
1409 229 1484 271 quia
1496 227 1622 262 Divinae
1645 231 1811 274 Scriptura,
1832 231 1967 273 majores
1987 235 2065 269 sunt
2099 258 2103 261 »

1195 279 1328 315 Parrum
1339 277 1491 314 doctrinis
1506 301 1514 312 .
1541 278 1686 319 Ostavo,
1712 279 1862 315 eumdem
1874 282 2062 317 Dominum

1194 331 1256 365 else
1279 329 1452 372 perfectum
1473 329 1606 367 Deum,
1633 329 1868 373 perfectumque
1893 329 2065 366 hominem

1195 380 1359 415 confessus
1381 378 1427 412 est
1439 386 1551 412 natum
1572 388 1613 410 ex
1627 378 1731 411 Maria
1754 379 1919 424 Virgine,
1944 380 1995 414 sed
2008 381 2066 424 qui

1198 440 1264 463 non
1287 427 1435 462 habuerit
1459 439 1588 462 carnem
1613 425 1707 460 nobis
1733 430 2033 464 consubstantialem
2057 455 2065 463 .

1195 479 1278 528 Qae
1297 478 1410 512 omnia
1433 476 1579 514 Andreas
1601 476 1744 513 Ecciefiae
1764 477 2068 522 Constantinopoli-

1196 540 1280 563 tanae
1290 553 1301 569 ,
1329 540 1388 564 nec
1398 538 1465 562 non
1478 528 1510 563 ὃ(
1522 525 1715 562 Athanasius
1727 526 1929 568 Seleuciensis
1940 530 1972 562 in
1985 529 2068 563 Isau-

1195 579 1242 613 ria
1255 578 1521 621 Metropolitanae
1542 576 1706 617 Ecclefiae,
1732 577 1787 619 qui
1805 578 1934 619 praesens
1958 580 2068 613 adfue-

1194 638 1263 670 rat,
1289 629 1482 667 Diaconus,
1507 628 1541 663 ὅ(
1554 626 1662 661 Basilii
1675 625 1895 670 Metropolitae
1915 626 1947 658 in
1962 627 2067 673 Regia

1195 679 1327 713 civitate
1341 678 1445 712 socius
1457 701 1468 718 ,
1491 678 1621 712 fuerunt
1634 676 1792 712 attestati.

1245 725 1301 762 Ad
1312 727 1366 761 illa
1378 727 1489 767 audita
1500 726 1662 773 ingemuit
1674 727 1806 763 Sanctus
1819 724 1991 760 Flavianus
2001 750 2011 765 ‚
2036 725 2070 759 ὅ(

1198 776 1238 811 ad
1249 775 1378 811 Eusebii
1400 778 1592 812 accusatoris
1603 788 1711 820 preces
1722 777 1808 817 misit
1833 774 2012 818 Eutycheti
2028 776 2074 808 se·

1198 827 1338 862 ciindam
1353 827 1386 861 in
1398 827 1520 870 scriptis
1530 826 1722 863 citationem
1743 836 1797 869 per
1808 825 2016 861 Mamantem
2037 825 2072 858 δε

1199 876 1428 921 Theophilum
1451 877 1598 912 Eccleliae
1618 877 1680 911 sua:
1702 874 1912 919 Presbyteros
1939 900 1950 916 ,
1986 885 2075 910 nian-

1197 926 1278 962 dans
1288 928 1429 971 quatenus
1441 929 1485 960 ad
1488 925 1624 970 fandum
1629 932 1791 974 perveniat
1802 926 1944 965 synodum
1956 949 1966 965 ,
1987 926 2075 959 scan-

1198 977 1370 1012 dalizatam
1382 988 1447 1011 non
1473 976 1681 1012 solummodo
1692 988 1733 1010 ex
1758 975 1966 1011 accusatoriis
1978 974 2077 1010 Euse-

1200 1027 1245 1062 bii
1268 1027 1407 1069 libellis,
1434 1028 1598 1062 sedetiam
1617 1039 1659 1061 ex
1671 1026 1737 1070 jam
1752 1027 1842 1061 factis
1867 1025 2077 1060 relationibus

1201 1088 1253 1120 per
1281 1077 1441 1119 joannem
1467 1077 1696 1121 Presbyterum
1719 1101 1729 1117 ,
1765 1088 1803 1110 ac
1840 1073 2007 1109 Andr-eam
2044 1075 2081 1110 δε

351 1128 379 1163 Β
391 1127 534 1164 Αέὶῑοηε
557 1130 650 1165 tertia
660 1153 670 1168 ‚
695 1130 776 1165 fasta
790 1130 908 1173 quinto
930 1127 1061 1163 decii-no
1085 1126 1138 1161 die
1201 1123 1415 1161 Athanasium
1426 1127 1614 1161 Diaconos.
1646 1127 1731 1160 Eum
1743 1127 1847 1160 adesse
1858 1124 1942 1170 jussit
1955 1125 2002 1159 ad
2013 1125 2079 1161 resi-

376 1180 491 1214 mensis
513 1180 709 1215 Novembris
731 1203 741 1220 ‚
768 1180 848 1215 seria
878 1178 1015 1214 secunda
1047 1177 1138 1220 septi-

1201 1174 1387 1220 piscendam
1411 1177 1533 1210 atanta
1560 1176 2019 1221 impietateypoenitendum,
2044 1175 2079 1210 &

258 1241 364 1263 manae
381 1254 393 1270 ,
420 1229 597 1272 postulavit
623 1231 787 1263 accusator
814 1228 969 1264 Eusebius
990 1226 1137 1262 inchoari
1199 1227 1317 1261 Matris
1350 1225 1494 1260 Ecclefiae
1522 1226 1787 1261 misericordiam*
1813 1224 2078 1269 promerendam.

258 1277 441 1321 judicium,
468 1279 589 1312 &ante
610 1279 722 1313 omnia
745 1279 849 1312 audiri
873 1279 1032 1322 Ioannem
1052 1276 1139 1310 Pres-

1201 1277 1331 1310 Etante
1344 1276 1455 1309 omnia
1480 1275 1519 1309 ad
1537 1275 1664 1310 Eusebii
1691 1287 1799 1320 preces
1811 1276 1977 1313 citatorius
1990 1273 2080 1308 libel-

258 1326 410 1370 byterum
441 1327 475 1361 δε
499 1325 666 1362 Andrearn
692 1328 882 1363 Diaconum
905 1351 916 1367 ,
944 1324 1140 1370 Eutychetis
1203 1326 1251 1360 lus
1261 1324 1435 1359 suitleerus
1457 1324 1610 1367 synodo,
1637 1325 1671 1358 ὃ(
1686 1326 1777 1359 Astis
1800 1325 1938 1359 insertus
1958 1324 2078 1359 habens

257 1379 409 1412 citatores
422 1401 429 1409 .
457 1377 500 1411 Et
513 1378 532 1412 ὲ
543 1378 659 1412 δαηᾶο
670 1377 830 1412 Flaviano
842 1376 1018 1411 advocatus
1043 1375 1139 1420 Joan-

1201 1375 1286 1410 hanc
1296 1374 1471 1409 clausulam
1485 1388 1496 1408 .-
1523 1379 1590 1408 Nec
1599 1380 1680 1419 enim
1691 1374 1878 1408 rationabilis
1894 1374 1931 1415 est
1948 1372 2081 1417 satisfa-

258 1439 318 1462 nes
338 1427 488 1471 exposuit
512 1427 556 1462 rei
577 1428 688 1462 seriem
714 1440 720 1459 :
747 1429 824 1461 Ciam
842 1427 1070 1470 pervenissemus
1096 1427 1142 1458 ad
1200 1426 1278 1466 θέο,
1303 1426 1395 1458 dicere
1407 1434 1437 1458 te
1458 1420 1682 1468 decreviffehon
1700 1426 1858 1467 procedere
1883 1425 1919 1458 de
1943 1423 2082 1464 monaste-

260 1476 446 1516 Eutychum
459 1482 491 1510 in
501 1479 566 1518 eJus
592 1476 757 1519 monasterio
772 1503 782 1519 ,
811 1477 923 1512 libellos
946 1484 972 1511 ei
992 1479 1112 1520 legimus
1129 1500 1139 1515 ‚
1183 1482 1265 1515 'rio,
1293 1481 1343 1517 qui
1354 1477 1390 1508 de
1400 1474 1512 1508 talibus
1525 1474 1674 1518 accusatus
1684 1486 1736 1508 es.
1766 1474 1946 1508 Monastiei
1959 1473 2082 1508 silentii

257 1527 295 1561 o·
315 1529 500 1571 exemplaria
512 1533 538 1561 ei
559 1528 716 1567 dedimus,
743 1529 777 1562 (9⁴
801 1525 995 1570 accusatorem
1015 1525 1140 1567 manife-
1184 1527 1359 1570 ,secretum
1371 1524 1411 1558 ad
1420 1524 1651 1568 acquirendam
1663 1523 1856 1559 Christianae
1864 1521 2083 1566 Philosophia

253 1575 427 1618 flavimus,
456 1578 682 1611 &vocationem
704 1578 949 1611 denunciavimus
963 1602 975 1618 ,
1001 1578 1034 1611 (θ’
1053 1573 1139 1620 satis-

251 1626 417 1669 fallionem
442 1628 537 1669 apudv
555 1626 683 1667 vesiram
717 1626 916 1661 Sanffltatem
940 1651 947 1658 .
981 1627 1140 1661 Romanae

259 1675 462 1719 Reipublicae
484 1677 622 1710 formam
636 1676 669 1709 in
691 1675 986 1711 suiscriminalibus
1009 1675 1139 1718 judiciis

259 1725 386 1759 dudum
397 1726 531 1760 servavit
543 1725 681 1760 Ecclesia
698 1750 708 1765 ,
738 1725 878 1770 ideoque
889 1725 1076 1761 accusatorii
1103 1724 1137 1757 li-

259 1773 636 1818 belliexemplariadata
650 1776 721 1816 sunt
748 1774 953 1820 Eutycheti,
977 1775 1139 1817 &patefa-

258 1825 327 1857 ἕως
347 1824 513 1857 accusator
534 1849 545 1865 ‚
572 1822 639 1867 quo
666 1835 782 1868 nempe
803 1823 954 1858 adversus
976 1823 1069 1858 illum
1090 1822 1138 1858 uti

258 1873 361 1917 posset
383 1873 536 1908 facultate
548 1875 780 1918 exceptionum
792 1874 994 1908 indultarum
1007 1875 1025 1906 a
1048 1875 1137 1907 sexto

258 1923 400 1957 Canone
420 1923 815 1967 Constantinopolitano.
846 1924 971 1958 Verum
996 1934 1050 1957 rea
1071 1933 1136 1957 erat

258 1972 417 2008 monachi
440 1973 637 2007 conscientia
661 1998 672 2015 ‚
699 1973 837 2017 ideoque
873 1975 959 2008 varia
981 1973 1138 2017 reposuit.

257 2022 376 2056 Primo
390 2046 401 2062 ‚
425 2033 570 2056 occurrere
592 2024 743 2061 synodo&
759 2023 942 2068 satisfacere
950 2024 1070 2066 penitus
1088 2021 1138 2054 ab·

260 2076 385 2115 negavit
398 2097 408 2113 ,
434 2071 534 2104 dicens
542 2070 576 2114 se
588 2083 644 2104 non
656 2079 736 2105 exire
758 2073 927 2113 monasterio
939 2098 950 2114 ,
972 2071 1032 2116 sed
1038 2074 1139 2117 degere

259 2126 293 2154 in
314 2119 374 2165 ipso
397 2126 601 2163 tamquamin
620 2120 786 2165 sepulchro.
813 2122 862 2156 Ea
872 2123 961 2157 enim
985 2121 1137 2156 monachi

258 2171 388 2214 mundo
422 2171 578 2205 veraciter
598 2172 719 2206 mortui
744 2171 789 2206 est
824 2173 950 2207 summa
973 2172 1140 2216 perfectio.

259 2220 446 2265 Gyrovago
460 2232 513 2264 per
525 2221 668 2264 compita
682 2219 848 2256 monacho
860 2221 944 2256 nihil
960 2221 1005 2256 est
1018 2232 1142 2264 perver-

260 2271 321 2303 sius
341 2295 349 2302 .
377 2270 530 2308 Secundo
554 2294 564 2310 ,
592 2269 757 2313 Eutyches
783 2271 960 2306 Eusebium
994 2271 1139 2314 Dorylaei

251 2320 461 2363 ¹Episcopum
472 2320 534 2354 esse
547 2320 632 2354 dixit
648 2320 704 2354 fibi
724 2321 790 2364 jam
803 2322 925 2365 pridem
947 2322 1115 2355 inimicum
1131 2346 1142 2362 ,

260 2369 402 2413 ideoque
426 2369 693 2412 decredationem
716 2370 756 2404 ab
783 2372 877 2411 illo,
907 2383 974 2406 non
996 2372 1141 2405 Canoni-

260 2431 333 2454 cam
353 2420 590 2454 accusationem
619 2421 815 2463 processisse.
844 2421 966 2455 Tertio
987 2446 996 2461 ‚
1024 2420 1140 2464 profes-

263 2470 315 2503 sus
335 2468 379 2503 est
403 2469 542 2503 Nicaenae
566 2469 599 2502 &
625 2469 792 2513 Ephefinae
817 2470 944 2513 Synodi
968 2470 1140 2510 Decretis,

261 2516 506 2563 sanstorurnque
528 2518 661 2552 Patrum
687 2519 1009 2563 interpretationibus
1041 2522 1072 2554 se
1092 2532 1141 2554 ac·

261 2569 435 2612 quiescere,
447 2578 589 2602 attamen
602 2579 676 2602 cum
691 2567 756 2602 hoc
769 2570 988 2609 moderamine
1001 2584 1011 2603 :
1038 2572 1069 2603 52¹
1079 2582 1141 2603 con-

262 2622 330 2661 tigit
341 2629 387 2650 eos
402 2623 434 2650 in
445 2617 593 2659 aliquibus
604 2618 771 2659 diffisfalli
783 2628 835 2651 aut
848 2630 946 2652 errare
960 2644 969 2658 ‚
990 2619 1039 2652 hoc
1050 2631 1140 2662 neque

261 2665 571 2709 reprehendere,neque
578 2665 765 2710 subscribere,
769 2667 850 2711 solam
863 2678 960 2701 autem
971 2671 1140 2710 Scripturas

258 2716 707 2761 scrutari,tamquamfirmiotes
721 2721 847 2750 Parrum
860 2717 1140 2760 expofitionibus.lt:*i

262 2764 405 2810 prodidit
417 2765 571 2800 latentem
585 2767 617 2800 in
630 2767 727 2801 corde
739 2768 796 2806 suo
809 2768 1036 2812 nequissimum
1049 2767 1142 2802 haere-

262 2817 334 2850 ticae
342 2814 567 2860 perduellionis
577 2817 733 2860 spiritum,
745 2816 785 2852 de
795 2829 863 2861 quo
873 2818 912 2852 ad
922 2817 1140 2852 Timotheum

265 2865 447 2909 Apostolus
458 2878 469 2906 :-
496 2866 669 2899 Parentibus
681 2868 897 2902 inobedientes.
927 2870 1079 2916 Qarrd,
1105 2869 1138 2901 in

264 2914 399 2959 Christo
410 2915 561 2950 Domino
572 2916 639 2959 post
654 2916 915 2952 incarnationem
927 2917 1065 2954 adseruit
1077 2920 1139 2952 effe

263 2966 396 3000 unicam
407 2964 613 2999 solummodo
623 2975 771 3001 naturam
783 2992 793 3007 ,
816 2968 850 3001 &
863 2967 950 3001 hanc
962 2969 1025 3001 Dei
1038 2968 1140 3002 incar-

264 3015 332 3049 nati
345 3024 381 3048 ac
392 3014 586 3048 inumanati.
618 3015 761 3063 Qinffi,
773 3018 906 3060 protulit
921 3019 1030 3051 nescio
1042 3029 1137 3062 quem

263 3064 383 3098 librum
405 3065 638 3108 propositiones
657 3066 732 3100 istas
758 3077 1035 3112 propugnantem.
1063 3068 1139 3102 Sex-

263 3114 320 3155 to,
346 3116 475 3158 questus
488 3113 532 3148 est
556 3113 713 3149 diffamari
728 3115 809 3150 seab
833 3117 952 3151 aemulis
964 3142 975 3158 ‚
1002 3117 1136 3160 quafidi-

264 3169 342 3197 xerit
353 3188 362 3203 ‚
389 3170 459 3206 quia
472 3167 550 3198 Deus
577 3164 702 3198 verbum
720 3177 838 3199 carnem
839 3165 940 3209 ficum
957 3169 993 3200 de
1012 3169 1079 3201 coelo
1094 3179 1137 3200 re-

264 3215 373 3256 duxit3
398 3212 463 3258 Sese
473 3219 625 3246 innoxium
634 3214 672 3247 ab
684 3214 944 3260 bacderogatione.
969 3215 1114 3260 Septimo
1126 3240 1136 3255 ,

265 3262 451 3297 Dominum
462 3262 606 3297 nostrum
619 3265 681 3298 effe
703 3265 835 3299 unicam
850 3278 891 3300 ex
901 3264 1024 3301 duabus
1046 3277 1136 3300 natu-

265 3312 308 3346 ris
318 3313 417 3347 unitis
429 3311 612 3357 hypostasin
627 3313 734 3347 noluit
763 3313 954 3356 admittere,
979 3315 1134 3360 quoniam

266 3361 300 3395 id
322 3374 426 3408 neque
447 3362 606 3399 didiciffet
631 3363 667 3398 in
685 3362 820 3400 Patrum
850 3363 1107 3410 expositionibus
1122 3388 1134 3406 ,

1203 1575 1433 1618 perfectionem
1457 1574 1503 1620 est
1532 1575 1791 1616 sacrosaanurm
1818 1585 1886 1608 non
1910 1574 1949 1607 ad
1976 1573 2084 1608 crirni-

1203 1636 1282 1658 num
1297 1623 1549 1668 impunitatem.

1253 1676 1345 1708 Dum
1366 1675 1502 1708 citatum
1524 1673 1668 1714 abeunt,
1693 1673 1726 1708 ὃς
1744 1673 1877 1708 reduces
1897 1674 2079 1716 exspectan-

1203 1734 1255 1758 tur
1266 1723 1447 1767 Presbyteri
1459 1723 1587 1758 Mamas
1598 1724 1632 1758 &
1643 1721 1853 1767 Theophilus
1865 1747 1875 1763 ‚
1905 1725 2084 1757 sanctorum

1203 1773 1336 1808 Parrum
1349 1773 1538 1808 testimonia
1552 1798 1562 1814 ‚
1587 1774 1729 1817 praesenti
1745 1774 1912 1817 quaestioni
1926 1772 2089 1807 definien-

1203 1823 1250 1857 dae
1271 1834 1342 1865 apta
1356 1848 1366 1863 ‚
1394 1824 1457 1869 legi
1481 1825 1514 1858 δε
1530 1824 1679 1859 deflorari
1703 1823 1744 1859 ab
1767 1822 1986 1858 adsidentibus
2008 1822 2083 1865 Epi-

1203 1874 1307 1916 scopis
1328 1873 1555 1916 juffitSanstus
1566 1875 1758 1912 Flavianus,
1783 1873 1816 1907 ὅς
1839 1874 2008 1906 accusator
2021 1873 2085 1906 Eu<

1202 1923 1307 1957 sebius
1327 1923 1371 1957 est
1394 1924 1626 1957 interlocutus:
1654 1923 1748 1956 Nihil
1768 1929 1977 1956 intemeratum
1996 1923 2083 1955 relin-

1202 1980 1302 2016 quitur
1313 1972 1351 2005 ab
1371 1972 1484 2006 homine
1495 1978 1527 2005 in
1539 1975 1633 2006 Deum
1657 1974 1748 2014 impie
1759 1978 1859 2015 agenti
1872 1996 1882 2012 ,
1909 1973 1943 2006 Θ
1956 1973 2055 2006 aliena
2065 1972 2085 2004 ἆ

1201 2023 1280 2056 retia
1294 2022 1358 2064 fide
1376 2021 1531 2066 sapienti.
1560 2023 1705 2056 Audaller
1726 2028 1824 2065 pergit
1848 2027 1947 2054 omnia
1957 2021 2083 2063 facere.

1202 2076 1339 2113 Comperi
1358 2078 1436 2104 enim
1449 2097 1458 2112 ‚
1484 2078 1556 2115 quia
1574 2072 1717 2111 Eutyches
1751 2071 1905 2110 Presbyter
1928 2073 1962 2105 &⁴
1986 2071 2085 2104 Archi-

1203 2123 1360 2155 Mandrita
1372 2124 1506 2155 volumen
1524 2123 1639 2155 direxit
1643 2130 1700 2163 per
1711 2120 1902 2162 monasteria,
1930 2122 1964 2154 Θ
1977 2122 2022 2153 ad
2037 2118 2086 2164 se-

1203 2173 1345 2205 ditionem
1370 2177 1483 2204 excitat
1508 2170 1664 2204 monachos
1691 2197 1703 2210 .,
1733 2171 1805 2204 Has
1842 2171 1909 2214 ejus
1936 2170 2084 2204 adversus

1203 2221 1315 2255 Deum
1328 2220 1492 2255 machinas
1517 2221 1635 2264 inquiri
1650 2219 1838 2264 supplicavit
1851 2244 1862 2260 ,
1888 2222 1921 2254 ὃς
1936 2221 2085 2254 nomina-

1204 2271 1264 2304 tim
1276 2270 1705 2306 examinari-Abraharnium
1722 2295 1732 2311 ,
1759 2270 1914 2313 Martyrii
1936 2270 1969 2303 in
1982 2270 2085 2314 Septi-

1203 2332 1259 2355 mo
1271 2320 1496 2362 Presbyterum
1506 2346 1515 2362 ‚
1527 2320 1662 2364 Synodo
1674 2321 1855 2364 praesentem
1865 2345 1872 2352 .
1899 2320 2080 2363 Septimum

1201 2379 1268 2404 erat
1279 2372 1415 2414 septimo
1436 2370 1571 2414 &Regia
1593 2370 1671 2406 urbe
1694 2370 1801 2414 lapide
1824 2370 1946 2405 distans
1968 2369 2080 2410 locus,

1204 2421 1325 2464 palatio
1348 2445 1360 2461 ‚
1384 2422 1522 2456 Senatus
1538 2419 1849 2465 congregationibus
1869 2446 1879 2461 ‚
1907 2419 2081 2461 Ecclesiis,

1203 2481 1240 2504 ac
1255 2470 1459 2505 monasteriis
1479 2470 1625 2514 pluribus
1637 2471 1795 2516 insignis,
1822 2470 1934 2505 &alio
1948 2470 2083 2504 nomine

1202 2520 1304 2554 dic'tus
1325 2521 1567 2559 SecundianuS.
1597 2520 1628 2553 A
1648 2530 1851 2565 congregato
1873 2519 1958 2562 apud
1980 2521 2081 2564 Septi-

1203 2581 1294 2603 mum
1307 2571 1426 2605 senatu
1438 2570 1554 2604 electos
1568 2571 1660 2605 fuisse
1671 2571 1872 2604 Martianum
1885 2570 1920 2604 ὅ(
1930 2568 2079 2604 Phocam

1204 2619 1369 2664 Augustos
1395 2645 1406 2660 ,
1446 2619 1633 2663 ibidemque
1669 2631 1745 2654 cum
1779 2620 1841 2653 suis
1877 2618 2076 2654 trucidatum

1201 2669 1395 2704 Mauritium
1419 2670 1574 2704 testantur
1586 2671 1720 2704 Sanetus
1741 2669 1921 2714 Gregorius
1933 2669 2079 2713 Magnus

1201 2720 1234 2753 &
1247 2718 1454 2764 Nicephorus
1468 2720 1637 2754 Calixtus.
1666 2719 1741 2754 mic
1756 2718 1840 2763 leges
1851 2719 1866 2751 a
1878 2718 2030 2762 Principe
2048 2720 2081 2753 &

1201 2769 1321 2802 Senatu
1342 2769 1476 2804 revideri
1491 2769 1600 2804 solitas
1621 2769 1708 2805 lucet
1718 2781 1759 2803 ex
1778 2769 1872 2803 variis
1891 2768 2017 2814 legibus
2029 2770 2083 2813 Ju-

1202 2817 1335 2853 stiniani
1359 2844 1366 2850 .
1393 2819 1514 2854 Earum
1535 2819 1682 2863 quaedam
1704 2819 1828 2854 habent
1850 2816 1936 2852 hanc
1956 2819 2081 2853 clausu-

1201 2867 1286 2902 lam:
1313 2872 1451 2903 Recitata
1466 2867 1577 2913 septies
1592 2894 1599 2902 .
1627 2868 1823 2914 Legendum
1845 2869 1889 2902 est
1904 2882 1914 2902 .·
1942 2872 2081 2902 Recitata

1200 2920 1339 2960 Septimi.
1366 2919 1549 2963 Imperialia
1561 2930 1754 2954 ornamenta
1778 2918 1900 2953 ibidem
1914 2918 2081 2953 servaban-

1200 2976 1270 3001 tur:
1299 2968 1434 3003 Etenim
1458 2970 1593 3005 ineenso
1605 2970 1741 3012 Septimi
1765 2967 1913 3004 vestiario
1934 2970 2079 3002 amissam

1200 3018 1292 3052 fuisse
1312 3018 1484 3060 Iustiniani
1509 3019 1650 3064 Augusti
1671 3029 1826 3053 coronam
1840 3041 1850 3057 ‚
1876 3018 2078 3061 &repertam

1200 3067 1269 3110 post
1281 3071 1356 3103 osto
1378 3070 1503 3102 menses
1514 3093 1524 3108 ,
1551 3069 1700 3102 adfirmat
1713 3068 1877 3112 Georgius
1889 3067 2058 3102 Cedrenus
2068 3093 2075 3100 .

1200 3117 1304 3151 Addit
1318 3117 1442 3152 ibidem
1455 3118 1570 3151 factam
1583 3118 1754 3160 Synodurn
1767 3117 1914 3153 adversus
1926 3118 2075 3152 sanetum

1199 3168 1358 3211 Joannem
1387 3166 1655 3208 Chrysossotnum
1681 3192 1687 3200 .
1726 3168 1834 3204 Sancti
1857 3169 1990 3212 Joannis
2015 3166 2076 3201 Ba-

1198 3217 1400 3262 ptist3aecaput
1411 3215 1619 3251 Theodosius
1630 3217 1773 3262 Magnus
1783 3243 1793 3260 ,
1816 3218 1920 3254 Sancti
1935 3215 2075 3259 Prophe-

1197 3276 1235 3299 tae
1259 3265 1415 3300 Samuelis
1437 3267 1504 3302 offa
1515 3266 1638 3301 ibidem
1659 3268 1808 3302 condidit
1822 3266 1981 3301 Arcadius
2004 3264 2076 3301 Au·

1196 3315 1322 3360 gustus.
1350 3315 1523 3351 Videndus
1533 3316 1714 3361 Procopius
1726 3317 1925 3351 Caesareensis
1950 3316 1984 3350 in
1997 3326 2074 3361 ope-

1199 3377 1231 3400 re
1242 3363 1283 3400 de
1303 3364 1445 3401 adificiis
1455 3364 1596 3412 Augusti
1609 3366 1780 3411 Justiniani
1789 3389 1797 3397 .

1417 3435 1419 3437 ·
1922 3417 2025 3452 Intro-
