2340 3736
483 149 712 199 CArrrurA
738 160 920 194 corium
945 145 1292 202 Nos-somnos,
1328 156 1386 197 nc
1412 143 1802 197 Euwcmnmsms.

334 506 355 552 1
381 502 483 570 quis
517 501 636 564 dicit,
663 498 899 552 secundum
934 501 1149 563 gratiam,
1184 500 1256 550 vel
1293 495 1525 549 secundum
1551 497 1877 566 operationem,
1911 502 1983 550 vel
2017 499 2080 550 se-

361 572 558 625 cundum
593 571 857 637 dignitatern
893 607 906 632 ,
942 569 1014 619 vel
1050 568 1284 620 secundum
1319 570 1618 636 aequalitatem
1653 569 1831 618 honoris
1866 605 1879 629 ,
1914 572 1985 620 vel
2019 570 2083 620 se-

240 642 438 694 cundum
465 644 764 699 auctoritatem
781 677 794 703 ,
815 657 890 691 aut
903 642 1185 701 relationem,
1220 655 1298 689 aut
1310 640 1533 700 affectum,
1557 655 1633 689 aut
1649 641 1886 698 virtutem,
1921 642 2084 691 unitio-

242 733 347 766 nem
372 714 466 765 Dei
498 713 635 763 Verbi
670 709 728 762 ad
755 712 980 762 hominem
1018 711 1175 761 saetam
1209 708 1316 774 effe,
1352 711 1424 761 vel
1460 709 1693 762 secundum
1729 709 1894 760 bonam
1928 711 2084 760 volun.

245 791 388 835 tatem
421 820 435 846 ,
469 783 591 852 quafi
624 781 749 851 quod
783 784 952 851 placuit
988 786 1091 833 Deo
1126 781 1277 834 Verbo
1310 782 1449 831 homo
1483 817 1498 843 ,
1546 799 1601 831 eo
1636 779 1759 848 quod
1795 778 1909 830 bene
1945 778 2084 829 visum

245 856 311 907 est
343 858 387 904 ei
416 853 475 904 de
510 852 605 923 ipso
628 890 642 915 ,
676 853 785 904 ficut
820 852 1080 904 Theodorus
1116 851 1327 904 insaniens
1362 851 1473 904 dicit
1497 888 1510 911 ,
1547 852 1619 902 vel
1654 850 1889 901 secundum
1926 850 2085 899 homo-

244 926 472 993 nymiam,
508 942 586 995 per
620 941 754 992 quam
779 924 1030 975 Nestoriani
1065 927 1212 972 Deum
1247 923 1440 974 Verbum
1475 924 1634 971 Filium
1668 926 1713 972 &
1747 921 1968 973 Christum
2003 938 2085 971 vo-

243 1011 420 1057 cantes,
456 999 500 1045 &
536 995 759 1046 hominem
795 994 1024 1063 separatim
1059 994 1278 1044 Christum
1313 998 1356 1043 &
1380 995 1539 1043 Filium
1565 995 1871 1052 nominantes,
1905 995 1949 1041 &
1973 989 2085 1041 duas

242 1064 448 1134 personas
483 1066 710 1117 evidenter
744 1064 941 1117 dicentes
964 1102 978 1127 ,
998 1082 1092 1136 -per
1126 1063 1258 1115 solam
1296 1066 1645 1115 nominationem
1680 1067 1724 1112 &
1760 1063 2004 1124 honorem,
2039 1066 2085 1112 &

236 1135 505 1200 'dignitatem
540 1173 553 1197 ,
588 1141 632 1187 8c
667 1136 973 1187 adorationem
1008 1172 1022 1196 ,
1058 1152 1188 1185 unam
1223 1133 1449 1201 personam
1484 1170 1498 1194 ,
1545 1139 1589 1187 δε
1625 1152 1759 1185 unum
1794 1134 1955 1183 Filium
1989 1169 2003 1193 ,
2040 1136 2085 1181 δε

239 1222 375 1255 unum
410 1202 632 1256 Christum
667 1202 924 1271 confingunt
958 1205 1103 1257 dicere
1138 1226 1152 1264 3
1202 1203 1285 1254 Sed
1319 1222 1408 1254 non
1443 1201 1706 1257 confitentur
1741 1205 1957 1254 unitatem
1994 1204 2085 1251 Dei

241 1276 376 1326 Verbi
412 1275 470 1326 ad
505 1292 682 1326 carnem
717 1280 959 1329 animatam
993 1277 1141 1325 anima
1184 1275 1437 1327 rationabili
1473 1311 1486 1338 ,
1539 1279 1592 1326 δι’
1618 1274 1901 1325 intellectuali
1938 1272 2086 1322 secun-

241 1346 748 1415 dum'compofitionem
783 1385 798 1408 ,
845 1347 932 1398 five
968 1345 1203 1397 secundum
1253 1345 1567 1398 subfistentiam
1605 1344 1763 1397 fastam
1797 1342 1879 1396 effe
1914 1380 1927 1405 ,
1977 1343 2088 1391 ficut

238 1416 373 1467 sanffl
409 1422 560 1468 Patres
596 1416 840 1469 docuerunt
863 1455 876 1479 ,
913 1422 957 1467 &
993 1416 1096 1467 ideo
1131 1434 1262 1466 unam
1298 1421 1391 1482 ejus
1420 1415 1739 1467 *subsistentiam
1774 1413 2086 1482 compositam,

238 1489 321 1561 qui
355 1487 416 1538 est
451 1489 674 1539 Dominus
709 1489 849 1539 noster
875 1487 1003 1555 Jesus
1038 1487 1235 1539 Christus
1258 1524 1271 1547 ,
1307 1503 1415 1537 unus
1450 1486 1506 1535 de
1542 1483 1684 1535 saneta
1719 1487 1940 1536 Trinitate
1968 1519 1981 1543 ,
2020 1499 2088 1532 ta-

241 1559 297 1607 lis
333 1559 566 1610 anathema
602 1559 681 1609 fit.
719 1560 838 1611 Cum
874 1560 992 1608 enim
1020 1558 1172 1607 multis
1209 1556 1351 1606 modis
1386 1559 1532 1606 unitas
1566 1557 1827 1619 intelligitur
1849 1593 1862 1616 ,
1899 1557 1978 1621 qui
2002 1556 2087 1602 im-

240 1630 455 1697 pietatem
490 1630 783 1697 Apollinarii,
818 1634 862 1678 &
897 1629 1161 1697 Eutychetis
1186 1626 1422 1694 sequuntur
1441 1664 1453 1687 ,
1491 1628 1878 1693 interemptionem
1909 1642 2086 1684 eorum,

242 1716 342 1764 quae
376 1715 675 1750 convenerunt
700 1737 714 1762 ,
751 1701 945 1749 colentes
971 1736 984 1760 ,
1020 1700 1267 1749 unitionem
1302 1696 1536 1748 secundum
1573 1696 1869 1759 confusionem
1906 1695 2087 1745 dicunt:

243 1767 470 1817 Theodori
506 1766 655 1835 autem
692 1774 748 1818 &a
767 1768 963 1819 Nestorii
999 1768 1232 1835 sequaces,
1267 1767 1481 1819 divisione
1517 1766 1781 1830 gaudentes,
1818 1764 2090 1815 affectualem

242 1841 460 1888 unitatem
496 1835 782 1890 introducunt
809 1875 823 1886 .
857 1836 1015 1888 Sancta*
1045 1840 1137 1886 Dei
1173 1838 1364 1890 Ecclefia
1390 1836 1625 1904 'utriusque
1660 1836 1850 1907 perfidiae
1884 1839 2091 1904 impieta-

243 1926 336 1958 tem
372 1910 573 1976 rejiciens
598 1947 612 1970 ,
648 1912 894 1959 unitionem
931 1909 1020 1958 Dei
1057 1907 1195 1958 Verbi
1231 1908 1288 1958 ad
1323 1926 1498 1957 carnem
1536 1906 1768 1958 secundum
1804 1906 2086 1974 compofitio-

241 1996 346 2028 nem
380 1978 612 2037 confitetur
644 2016 661 2040 ,
713 1978 835 2047 quod
869 1980 931 2029 est
967 1978 1203 2029 secundum
1251 1978 1565 2029 subsistentiam
1601 2014 1614 2025 .
1663 1978 1823 2026 [Initio
1858 1979 1976 2028 enim
2012 1994 2090 2044 per

242 2049 609 2115 compositionem
646 2052 693 2098 in
729 2050 937 2117 mysterio
973 2049 1141 2098 Christi
1169 2067 1257 2099 non
1283 2048 1431 2099 solum
1471 2047 1702 2099 inconfuse
1739 2064 1815 2110 ea,
1851 2065 1949 2115 quae
1985 2064 2091 2097 con-

242 2135 495 2182 venerunt,
516 2117 770 2181 conservat»,
803 2118 878 2169 sed
912 2137 993 2169 nec
1029 2118 1286 2170 divisionem
1324 2118 1524 2188 suscipit.

1914 168 1938 217 ,Ι
1948 165 1983 215 4
1992 168 2021 218 ¹„

1200 2291 1316 2326 xentio
1340 2303 1378 2326 ae
1390 2291 1456 2335 ejus
1478 2283 1626 2330 asseclis,
1653 2299 1713 2324 nec
1736 2299 1805 2325 non
1827 2288 1868 2324 de
1889 2288 2001 2323 nescio
2022 2300 2092 2332 quo

465 2277 902 2353 senomoN¹>

250 2454 253 2456 ¹
345 2437 425 2473 Este
446 2438 637 2483 Capitulum
649 2440 734 2475 dicit
754 2452 943 2477 naturarum
956 2442 988 2475 in
1014 2441 1134 2475 Domi-

372 2501 418 2523 no
439 2491 599 2524 unionem
619 2490 681 2524 effi:
697 2489 858 2534 fhcundam
880 2490 1142 2534 compositionem,

243 2539 279 2573 &
293 2538 405 2574 addit:
432 2541 515 2579 sicut
533 2541 633 2579 San&
657 2545 769 2581 Patres
783 2545 936 2583 *dixejrunt
949 2567 956 2574 .
983 2542 1032 2577 Ea
1044 2553 1145 2578 nam-z

244 2599 309 2632 que
320 2600 400 2635 voce
413 2590 487 2630 usus
497 2589 542 2623 est
556 2591 590 2623 in
603 2591 740 2634 Synodo
754 2591 965 2627 Antiochena
983 2592 1134 2626 adversus

243 2637 451 2681 Episcopum
469 2640 569 2682 suum*
588 2639 728 2683 Paulum
748 2642 1001 2685 Samosatensern
1029 2642 1135 2686 dispu-

243 2696 320 2722 tans
330 2688 504 2723 Malchion
517 2713 528 2730 ‚
553 2689 696 2733 ejusdem
708 2691 856 2726 Ecclesiae
869 2692 1042 2735 Presbyter
1063 2692 1135 2725 lon-

241 2736 286 2785 ge
306 2736 524 2778 doftiffimus,
550 2741 685 2775 Sanctus
697 2741 896 2778 Athanasius
920 2744 955 2776 in
977 2743 1135 2780 tractatu,

243 2786 301 2820 c'ui
323 2787 438 2822 titulus
453 2813 464 2829 ‚
491 2791 586 2833 ,Quod
602 2787 732 2832 unus'fit'
753 2787 909 2833 Christus,
935 2793 968 2826 &
994 2792 1129 2826 Sanetus

243 2835 428 2882 Gregorius
449 2836 744 2876 Nazianzenus‘irrs
757 2842 909 2876 oratione
930 2842 971 2876 de
994 2842 1066 2876 Dei·
1082 2842 1134 2875 Fi-

242 2886 293 2920 lio
307 2911 318 2927 ,
343 2889 392 2922 uti
412 2889 512 2923 etiam
525 2891 560 2923 in
581 2890 665 2925 libro
676 2890 717 2926 ad
739 2893 894 2927 Sanstum
920 2892 1133 2936 Fulgentium

242 2947 283 2971 ac
295 2937 425 2972 aliosin
447 2939 593 2974 Sardinia
613 2942 782 2977 exulantes
808 2943 926 2977 Africae
953 2943 1134 2986 Episcopos

241 2987 453 3022 adverterunt
480 2989 598 3024 Petrus
623 3015 636 3031 ,
670 2992 833 3026 Leontius
854 3018 866 3034 ,
903 3004 941 3027 ac
969 2993 1133 3036 Joannes,

239 3037 435 3072 Graecorum
448 3038 489 3073 ad
510 3040 699 3077 Romanam
712 3042 892 3077 Ecclesiam
910 3042 1054 3088 Legati,
1079 3043 1133 3076 ad-

239 3086 359 3121 dentes
381 3089 523 3124 Paulum
544 3091 812 3127 Samosatenfem
826 3093 872 3127 ob
891 3093 960 3137 ejus
987 3093 1134 3137 negatio-

239 3147 322 3193 -nem
347 3139 440 3173 fuisse
464 3151 520 3183 per
537 3140 701 3177 laudatam
726 3143 899 3187 Synodum
918 3144 961 3178 de
987 3143 1132 3178 Eeclefia

237 3188 402 3230 ejestum.
427 3190 473 3224 Et
487 3191 601 3224 revera
622 3202 712 3233 vox,
737 3193 909 3236 Compositio
930 3219 941 3235 ,
968 3206 1037 3228 non
1060 3195 1132 3227 fim-

237 3238 365 3280 -plicem
387 3240 674 3283 participationem
693 3252 751 3277 aut
772 3243 1048 3278 inhabitationem
1072 3244 1131 3278 im—

237 3297 375 3331 portat,
402 3290 454 3324 sed
477 3292 659 3327 naturalem
682 3303 804 3327 nexum
823 3317 836 3334 ‚
861 3305 927 3338 quo
953 3294 1128 3337 disparatis-

236 3337 376 3373 *fimaein
400 3341 551 3376 Domino
565 3354 684 3377 naturae
704 3353 869 3387 tamquam
889 3355 1072 3388 compartes
1095 3344 1130 3377 in

244 3387 382 3423 eandem
420 3391 622 3435 Hypostafin
660 3392 846 3436 adunantur
872 3418 880 3426 .
914 3393 1097 3428 'Vocabulo
1120 3417 1131 3433 ,

247 3438 330 3469 Pars
341 3461 352 3477 2
376 3439 590 3486 &Presbyter
602 3442 772 3478 Malchion
785 3443 819 3477 ὅ(
830 3445 964 3479 Sanetus
983 3441 1131 3477 Athana-

236 3485 311 3521 *ssus
332 3490 473 3527 omnino
493 3502 648 3531 utuntur.
678 3494 720 3529 Et
741 3493 819 3529 hinc
842 3495 882 3529 de
904 3495 1031 3539 Joanne
1058 3493 1132 3528 Ma-

1141 2353 1143 2358 ⁴
1204 2343 1335 2376 Victore
1348 2342 1505 2377 Diacono
1520 2366 1530 2382 ‚
1559 2340 1813 2378 Nestorianismi
1828 2340 1993 2383 suspect0‚
2019 2339 2092 2373 scri·

1200 2392 1247 2430 bit
1259 2393 1299 2427 ad
1320 2392 1536 2426 Hormisdam
1561 2390 1765 2432 Pontificem
1789 2391 1992 2430 Dioscorus,
2021 2389 2093 2423 Ro-

1200 2455 1305 2477 manae
1317 2442 1465 2477 Ecclefiae
1490 2442 1664 2476 Diaconus
1678 2465 1688 2481 ,
1711 2440 1750 2476 ⁴&
1773 2440 1813 2474 ad
1837 2438 2001 2484 Iustinum
2024 2439 2092 2473 Au-

1199 2491 1331 2537 gustum
1351 2493 1514 2537 Legatus.
1545 2497 1621 2526 Cum
1643 2491 1757 2525 Vmore
1769 2494 1899 2524 Diacono
1922 2489 2091 2523 habuerunt

1191 2543 1392 2588 'intentionem
1413 2545 1451 2585 de
1462 2541 1576 2582 Chrtsto
1601 2540 1766 2583 composito.
1796 2541 1989 2575 Nestoriani
2000 2540 2091 2575 enim

1200 2605 1269 2627 non
1290 2594 1540 2635 minus-vocem
1567 2616 1577 2631 ,
1604 2589 1773 2632 Compositio
1796 2614 1807 2630 ,
1836 2602 1936 2634 quam
1949 2600 2091 2631 vocem,

1198 2647 1271 2676 Unio
1277 2642 1440 2686 secundam
1452 2640 1617 2684 hypostafin,
1629 2640 1836 2684 pertinaciter
1849 2639 2087 2674 aversabantur.

1249 2693 1352 2727 Recte
1365 2694 1444 2727 item
1470 2692 1662 2735 Capitulum
1676 2691 1768 2726 addit
1779 2690 1842 2725 effe
1862 2689 2088 2732 compositionem

1193 2741 1357 2786 secundm
1373 2741 1587 2786 subsistentiam
1608 2766 1619 2783 ,
1638 2740 1714 2783 ficut
1728 2740 1830 2785 sanc‘Ji
1858 2744 1964 2774 Patres
1986 2742 2093 2775 docue-

1198 2802 1291 2833 runt,
1317 2792 1351 2827 &
1365 2793 1442 2827 ideo
1457 2804 1525 2826 non
1544 2792 1687 2826 Domini
1704 2802 1853 2825 naturam
1868 2815 1878 2831 ,
1904 2791 1956 2825 sed
1985 2790 2090 2825 solam

1193 2841 1466 2887 subfistentiameffi’
1487 2841 1688 2884 compofitam.
1717 2842 1900 2876 Rationem
1911 2841 1972 2876 dat.
1989 2842 2026 2876 in
2052 2841 2092 2875 li-

2112 2427 2176 2459 Post
2187 2430 2271 2468 Epist.

2112 2473 2156 2503 67.
2174 2470 2274 2501 Relat.

2117 2520 2141 2539 1·

1199 2894 1264 2927 bris
1277 2894 1319 2928 de
1332 2893 1395 2928 fide
1420 2894 1555 2928 Sanstus
1566 2892 1707 2936 Ioannes
1728 2892 1953 2925 Damascenus
1968 2917 1975 2923 .
2003 2896 2090 2924 Com·
2111 2897 2247 2932 1-·3-C·3·

1194 2941 1287 2986 pofita
1299 2953 1411 2977 natura
1420 2955 1487 2977 cum
1500 2953 1611 2976 natura
1624 2954 1726 2976 earum
1752 2951 1929 2975 naturarum
1939 2967 1949 2982 ‚
1978 2953 2015 2975 ex
2025 2948 2092 2984 qui·

1197 2995 1251 3026 bus
1266 2993 1392 3033 conflata
1413 2994 1451 3042 est
1464 3018 1474 3033 ,
1501 2992 1571 3036 ejus
1567 2994 1633 3026 dem
1640 2991 1817 3035 substantia*
1841 2992 1892 3036 effe
1911 2992 2003 3034 potest
2018 3007 2027 3025 :
2054 3001 2090 3025 ut

1198 3056 1265 3086 quae
1280 3057 1318 3077 ex
1341 3045 1412 3077 alis's
1424 3045 1512 3076 aliud
1529 3042 1631 3083 efflu‘la
1636 3042 1695 3084 fit.
1726 3047 1765 3075 At
1776 3044 1848 3076 verb
1871 3042 2007 3076 chrislus
2029 3053 2088 3074 non

1197 3094 1234 3134 est
1247 3106 1284 3126 ex
1293 3095 1364 3126 aliis
1377 3094 1465 3126 aliud
1472 3118 1482 3134 ,
1509 3093 1757 3135 quemadmodum
1767 3104 1806 3126 ex
1816 3098 1921 3126 anima
1933 3094 1966 3126 (δ’
1993 3100 2092 3133 corpo-

1197 3156 1228 3177 re
1250 3143 1333 3176 homo
1345 3166 1357 3183 ‚
1382 3152 1436 3176 aut
1449 3154 1486 3176 ex
1509 3152 1633 3184 quatuor
1654 3143 1807 3177 elementis
1833 3151 1950 3185 corpus;
1977 3140 2038 3184 scd
2046 3153 2086 3176 ex

1196 3195 1265 3227 aliis·
1286 3194 1390 3227 eadem
1413 3218 1420 3225 .
1447 3190 1562 3227 Aliam
1583 3194 1746 3228 rationem
1769 3193 1860 3237 supra
1886 3191 2010 3226 adduxi
2045 3203 2088 3226 ex

1197 3243 1355 3278 Facundo
1379 3243 1607 3278 Hermianenfi
1630 3268 1638 3276 .
1675 3243 1749 3278 Nec
1770 3242 1878 3277 obstat
1897 3240 2088 3284 exemplum

1199 3295 1314 3327 animae
1333 3293 1529 3337 &corporis
1552 3293 1662 3337 paffim
1682 3294 1701 3327 a
1725 3292 1875 3327 Patribus
1886 3292 2086 3327 addustum:

1200 3343 1331 3378 Adduci
1351 3343 1393 3378 ad
1413 3343 1671 3385 ostendendam,
1698 3354 1766 3376 non
1792 3352 1914 3376 naturae
1936 3367 1947 3383 ,
1974 3341 2026 3377 sed
2039 3344 2086 3375 so-

1199 3395 1258 3428 lius
1279 3395 1418 3438 personae
1440 3395 1656 3437 compositam
1677 3392 1837 3427 unitatem
1858 3417 1869 3434 ,
1906 3392 2086 3427 ostendunt

1197 3444 1280 3478 varie
1292 3444 1378 3479 idem
1391 3445 1565 3480 Facundus
1576 3469 1587 3486 ‚
1614 3444 1747 3480 Sanctus
1759 3442 1929 3479 Maximus
1950 3442 2063 3477 Abbas
2073 3465 2086 3482 ,

1197 3496 1229 3529 ὅ(
1241 3493 1493 3532 Theodoretus.

1957 3540 2036 3576 CA-
