2340 3736
111 592 196 635 Epist.
200 602 228 633 9.

108 1212 140 1243 Ι..
165 1220 176 1241 1
184 1221 209 1240 ι-

105 1250 245 1291 Epist130·

114 3092 147 3126 1-
157 3090 184 3128 42
198 3099 273 3129 037·

349 147 444 181 102

749 129 1040 177 Cimoni-:s
1074 127 1572 175 Cnazceoonens
1596 144 1657 176 es
1704 140 1719 153 ²

290 212 345 257 sul
365 213 401 247 &
413 210 499 258 prins
510 211 680 248 admoneri
691 235 703 254 ,
729 211 818 257 quod
827 222 952 248 certum
963 212 1008 246 est
1020 212 1090 247 fieri
1100 222 1170 245 non
1219 216 1223 249 ῐ
1236 209 1335 244 laicas
1347 234 1358 251 ‚
1384 209 1525 254 ideoque
1533 210 1580 246 ob
1589 212 1691 256 plenae
1713 213 1748 248 in
1762 214 1835 250 illas
1845 210 2011 259 potestatis
2029 211 2120 250 dese,

285 264 428 309 potuisse
445 274 503 308 per
524 263 666 298 laicum.
692 261 738 297 Et
747 264 906 298 secundus
918 262 1038 297 Canon
1062 261 1168 305 palam
1218 260 1323 311 {ctum
1346 269 1472 302 p0terat
1492 262 1635 296 omnino
1646 264 1790 299 Ecclesia
1809 265 1853 300 ab
1863 266 1937 309 ipsis
1957 264 2116 299 derideri.

287 312 373 350 dicit
393 313 543 349 Ecclefiae
566 313 781 349 Defensorem
810 314 873 349 esse
909 312 1045 357 Regulae
1069 309 1166 352 subje-

287 364 398 405 ssum,
423 364 458 399 id
478 363 525 398 est
541 387 554 405 ‚
575 362 764 406 Clericum,
787 362 929 406 ideoque
951 362 1018 405 ejus
1039 371 1167 406 promo-

285 413 414 462 tionem
426 414 532 458 pretio
542 413 658 449 fastam
667 412 802 449 damnat
810 413 851 448 de
862 412 1000 446 simonia
1011 436 1018 445 ,
1045 411 1090 445 Et
1102 411 1168 444 Ge·

286 463 524 508 lafiuwrimus
534 462 691 499 Pontifex
710 489 721 506 ‚
746 472 915 507 exponens
937 461 1076 496 modum
1099 470 1167 494 mo-

284 513 384 548 nachi
405 511 448 548 ad
458 513 592 549 clerum
612 513 852 558 promovendi,
878 511 989 546 scribit
1012 511 1051 545 ad
1066 511 1167 544 Luca-

285 565 351 598 niae
376 563 410 598 δε
438 563 555 599 Siciliae
575 564 756 610 Episcopos
778 577 789 597 s
815 563 955 605 effliatur
975 569 1045 595 ante
1067 565 1166 593 omnia

286 613 409 656 ledor,
436 617 586 648 Notarius
609 639 623 657 ,
647 622 701 648 aut
724 614 802 648 certe
824 610 969 655 Defensor
988 637 997 645 .
1025 612 1078 646 Ex
1099 622 1167 655 quo

284 663 375 699 vides
395 665 563 700 neminem
574 688 586 705 ,
612 665 672 698 nisi
684 663 725 699 ad
737 662 847 697 minus
860 662 977 697 Lector
990 662 1084 703 esset,
1110 672 1165 704 po-

282 714 381 750 tuisse
404 714 439 748 in
449 714 665 751 Defensorem
688 712 891 758 promoveri,
917 711 962 746 Et
986 713 1072 747 inter
1092 710 1167 747 Cle-

283 763 370 801 ticos
378 787 390 805 ,
415 764 457 799 ad
470 763 641 799 citandum
650 762 869 807 Eutychetem
881 763 899 797 a
909 763 1028 798 Sancto
1040 763 1067 797 F
1069 762 1167 796 lavia-

283 825 332 850 no
351 814 518 859 Episcopo
536 813 923 858 Constantinopolitano
946 813 1078 853 missos,
1104 811 1167 846 fuit

284 864 429 909 Ioannes
440 863 584 907 ejusdem
595 864 744 900 Ecclesiae
754 863 926 908 Presbyter
937 875 975 897 ac
986 861 1149 897 Defensor
1161 886 1168 893 .

283 914 331 950 Et
350 916 387 950 in
396 916 510 951 ostava
523 915 662 959 Synodo
683 914 790 958 plures
809 925 852 949 ex
862 913 1008 957 ejusdem
1021 911 1169 946 Ecclesiae

282 963 482 1010 Presbyteris
492 966 511 1000 a
521 963 635 1002 Photii
656 963 827 999 schismate
846 964 888 998 ad
899 963 1011 997 matris
1022 960 1167 996 Catholi-

282 1026 326 1050 cae
334 1016 495 1051 unitatem
506 1013 717 1049 redeuntibus
736 1013 896 1048 dicuntur
907 1012 999 1048 fuisse
1010 1011 1168 1047 Defenso-

281 1077 331 1101 res
344 1090 352 1098 .
380 1066 425 1099 Et
435 1065 569 1100 Sanetus
583 1063 765 1109 Gregorius
785 1063 822 1097 in
843 1063 960 1099 litteris
981 1063 1022 1097 ad
1034 1061 1168 1097 Petrum

217 1114 225 1123 ”
284 1114 532 1150 Subdiaconum
554 1137 566 1155 ,
604 1113 707 1148 Siculi
734 1112 932 1148 Patrimonii
971 1112 1166 1152 Rectorem,

282 1163 394 1198 laudat
414 1164 596 1208 Cyriacum
615 1162 849 1208 Presbyterum
869 1174 907 1197 ac
931 1163 1163 1198 Defensorem.

281 1214 454 1258 Exemplis
466 1213 614 1258 pluribus
624 1213 753 1249 ostendi
767 1214 869 1258 posset
878 1224 935 1248 eos
957 1212 1068 1258 paffim
1080 1212 1168 1249 Pres-

283 1263 417 1309 byteros
429 1274 486 1299 aut
497 1264 668 1299 Diaconos
679 1263 773 1299 fuisse
785 1289 793 1296 .

332 1313 531 1360 Respondet>
540 1325 686 1359 tempora
706 1312 939 1360 distinguenda
962 1339 971 1347 .
997 1313 1167 1348 Prioribus

282 1377 426 1410 namque
445 1364 567 1400 seculis
590 1365 743 1400 videntur
769 1363 987 1400 Ecclefiamm
1009 1365 1165 1399 Defenso-

281 1427 332 1451 res
352 1415 450 1450 fuine
465 1415 566 1456 laici,
593 1426 649 1459 per
667 1414 857 1458 Principem
880 1415 951 1450 dati
969 1414 1003 1448 ἀ
1024 1413 1165 1458 delegati

282 1466 326 1500 nd
351 1477 458 1509 preces
479 1466 719 1509 Episcoporum
741 1490 748 1497 .
775 1464 826 1498 lta
847 1465 995 1499 evincere
1015 1464 1167 1498 videntur

280 1516 413 1550 Zozimi
435 1515 612 1550 Pontificis
644 1516 680 1549 δε
703 1513 935 1549 Africanarum
956 1513 1166 1557 Synodorum

279 1567 411 1600 decreta
434 1590 442 1597 .
470 1564 593 1600 Noluit
618 1574 698 1599 tunc
721 1563 864 1598 Ecclesia
891 1563 1060 1604 Clericus,
1086 1574 1169 1607 quor

282 1614 388 1652 modo
409 1614 536 1650 dudum
567 1612 676 1649 adhuc
702 1611 811 1658 posteri.
834 1613 989 1659 Pelagius
1011 1613 1168 1648 secundus

280 1664 465 1700 monachos
484 1689 496 1706 ,
522 1666 559 1700 in
580 1665 757 1699 forensium
780 1665 994 1708 negotiorum
1019 1663 1168 1698 turbidos

281 1717 317 1751 &
339 1716 493 1760 profanos
521 1714 679 1749 clamores
701 1714 898 1749 immittere.
925 1713 969 1747 Et
983 1712 1060 1748 hinc
1082 1714 1168 1748 dixit

281 1766 406 1800 Gratus
419 1765 599 1809 Episcopus
618 1763 907 1809 Carthaginenfis:
935 1763 1170 1806 siEcclfflastica

286 1815 420 1859 Defensio
431 1827 482 1850 nos
503 1826 561 1850 non
571 1816 700 1851 deridet.
726 1813 840 1851 Fiebat
851 1814 941 1852 enim
953 1825 1009 1858 per
1020 1816 1169 1859 personas

286 1968 384 1979 ——-

1234 310 1279 344 Et
1290 307 1500 354 postmodum
1509 310 1652 346 omnino
1667 314 1806 350 derideri
1827 315 1951 359 eoepir,
1975 314 2117 359 ideoque

1234 360 1271 394 in
1292 359 1440 394 Clericos
1460 361 1570 394 coatia
1589 361 1637 395 est
1656 373 1775 399 munus
1799 365 1979 401 transferre.
1999 364 2090 399 Nam
2104 388 2119 404 5

1232 420 1270 444 ut
1286 410 1378 454 supra
1397 410 1417 444 a
1437 411 1534 445 tertio
1559 408 1657 455 hujus
1674 414 1803 457 Synodi
1827 416 1969 452 Canone
1991 413 2117 449 audivi-

1232 471 1307 496 mus
1326 483 1339 502 ,
1363 458 1409 495 ob
1435 460 1585 495 Ecclesiae
1606 486 1618 502 ‚
1653 461 1824 498 viduarum
1850 489 1862 506 ,
1888 464 2115 511 pupillorum,

1230 510 1265 544 δε
1276 512 1466 555 quorumvis
1476 522 1652 556 pauperum
1673 513 1879 548 neceffitates
1890 515 1995 559 potest
2003 515 2116 550 omni-

1233 558 1279 594 no
1303 561 1336 596 δε
1356 561 1454 595 debet
1473 561 1673 606 quandoque
1694 563 1848 598 Clericus
1871 562 2051 600 forensibus
2075 577 2115 600 ac

1231 611 1433 646 sacularibus
1453 611 1597 656 negotiis
1620 613 1845 649 commisceri.
1872 613 1917 646 Et
1925 611 2004 649 hine
2022 626 2114 659 appa-

1230 671 1303 695 rens
1312 661 1358 695 est
1371 659 1469 696 hosce
1481 661 1676 698 Defensores
1688 663 1746 698 sub
1756 662 1954 698 Christianis
1974 661 2116 708 Impera-

1232 710 1359 745 toribus
1367 709 1509 755 primum
1522 713 1673 756 coepiffe.
1698 712 1882 760 Qomodo
1894 713 1986 748 enim
1997 712 2018 747 a
2035 724 2117 760 gen-

1231 760 1345 795 tilibus
1380 760 1526 795 Ecclefiae
1546 759 1694 798 hostibus
1717 765 1850 799 fuissent
1869 763 2020 808 postulati
2053 774 2115 800 aut

1230 811 1324 846 dati?
1350 811 1405 845 De
1415 810 1479 847 illis
1492 810 1558 846 dici
1580 813 1705 855 possent
1716 813 1817 860 longe
1836 815 1929 858 plura
1942 827 1966 848 0·v
1981 813 2029 848 At
2050 815 2116 848 suf·.

1232 861 1350 896 ficiunt
1380 860 1447 896 haee
1479 860 1521 895 ad
1555 861 1658 896 nostri
1695 863 1845 902 Canonis
1889 863 2110 899 intellectum.

1232 913 1415 947 Dumtaxat
1442 909 1548 952 addo,
1577 912 1666 955 quod
1677 913 1765 957 apud
1783 915 1985 949 Gratianum·
2001 913 2113 948 Urba-

1234 972 1293 997 nus
1315 960 1475 997 secundus
1502 983 1513 1000 ,
1537 963 1731 1005 grassantem
1753 973 1834 998 tunc
1854 963 2030 999 Laicorum
2050 963 2113 998 Pa.

1234 1022 1406 1047 tronorum
1425 1010 1598 1046 simoniam
1625 1010 1667 1046 ab
1690 1013 1831 1047 Ecclesia
1848 1024 1886 1048 ae
1913 1015 2114 1048 nominatim

1238 1061 1344 1097 nostra
1371 1061 1434 1097 hac
1460 1061 1597 1104 synodo
1619 1062 1766 1099 damnari
1789 1062 2003 1103 ostensurus,
2027 1064 2111 1098 reste

1232 1112 1318 1147 dicat
1329 1113 1370 1148 ab
1392 1110 1455 1146 hoc
1469 1111 1581 1146 nostro
1604 1123 1641 1147 ac
1651 1114 1730 1148 item
1753 1113 1850 1148 tertio
1876 1113 1970 1157 supra.
1990 1114 2113 1156 exposi-

1233 1173 1269 1198 to
1299 1162 1439 1197 Canone
1459 1172 1514 1206 pet
1546 1162 1744 1198 Defensores
1776 1162 1919 1208 intelligi
1954 1163 2113 1198 Ecclesia·

1233 1224 1303 1248 rum
1322 1210 1518 1248 Advocatos
1532 1235 1544 1252 ,
1569 1212 1697 1258 Judices
1710 1239 1721 1255 ,
1743 1214 1798 1249 seu
1815 1213 1987 1248 Castaldos
2005 1238 2013 1246 .
2043 1212 2114 1247 An-

1231 1263 1315 1307 tiqui
1334 1263 1424 1297 enim
1447 1262 1644 1299 Defensores
1666 1263 1789 1299 Clerici
1810 1263 1856 1298 ob
1880 1264 1971 1297 suam
1982 1274 2023 1298 ex
2042 1262 2114 1297 bar-

1233 1313 1338 1348 barica
1358 1322 1544 1355 temporum
1569 1313 1743 1356 iniquitate
1762 1313 1987 1349 infirmitntem
2019 1321 2111 1347 erant

1232 1364 1267 1398 in
1289 1362 1447 1406 ejusmodi
1470 1371 1622 1406 petentes
1653 1374 1691 1398 ac
1713 1364 1879 1407 Principes
1906 1363 2027 1397 Laicos
2058 1362 2112 1396 de·

1228 1413 1344 1449 mutati
1376 1436 1388 1453 ‚
1429 1411 1579 1448 adversus
1601 1424 1742 1457 quorum
1764 1412 1898 1448 tandem
1931 1413 2032 1447 etiam
2057 1412 2113 1446 de-

1228 1472 1434 1507 pravatorum
1458 1462 1634 1499 simoniam
1648 1475 1686 1498 ac
1696 1464 1823 1508 rapinas
1834 1462 1959 1498 dudum
1987 1473 2112 1508 pugna-

1231 1514 1279 1548 vit
1290 1512 1434 1548 Ecclesia
1458 1535 1470 1553 ,
1491 1511 1690 1556 tandemque
1700 1513 2026 1549 obtinuitvietoriam
2039 1537 2049 1553 ‚
2069 1512 2113 1547 de

1230 1575 1294 1608 qua
1317 1562 1484 1597 Psalmus:
1512 1566 1551 1595 Ut
1578 1562 1710 1603 destruas
1735 1570 1887 1598 inimicum
1911 1565 1947 1598 θ’
1972 1560 2113 1605 Defenso-

1232 1625 1295 1647 rem
1317 1637 1324 1645 .
1351 1613 1478 1647 Eorum
1505 1612 1670 1656 originem
1692 1637 1704 1654 ,
1729 1615 1847 1647 merita
1869 1637 1880 1653 ‚
1917 1613 2113 1656 pravitates,

1232 1663 1402 1698 interitum
1423 1659 1501 1696 alibi
1529 1671 1716 1705 exponam.
1745 1663 1797 1696 Ex
1818 1662 1941 1696 eisdem
1965 1661 2112 1705 antiquis

1237 1711 1385 1748 Ecclefiae
1405 1711 1642 1747 Defensoribus
1664 1712 1857 1757 prodierunt
1883 1710 2051 1746 Advocati
2076 1712 2114 1747 δε

1234 1763 1463 1798 Procuratores
1473 1771 1673 1806 pauperum,
1699 1773 1761 1800 nec
1781 1773 1850 1799 non
1862 1760 2111 1806 privilegiorum

1240 1813 1496 1850 conservatores
1506 1835 1514 1845 .

576 2091 1258 2164 CANON
1400 2087 1809 2165 XXIV.

429 2277 507 2323 Uae
542 2270 671 2321 semel
705 2289 757 2320 ex
792 2272 1021 2321 voluntate
1046 2266 1263 2337 ‚Episcopi
1298 2266 1504 2316 dedicata
1538 2265 1635 2315 sunt
1676 2264 1934 2316 monasteria
1968 2300 1981 2326 ‚
2015 2283 2112 2333 per-

284 2276 429 2417 Q
467 2341 604 2412 petuo
639 2359 815 2392 manere
850 2340 1105 2390 monasteria
1138 2375 1152 2399 ‚
1187 2343 1231 2388 δι
1264 2355 1331 2387 res
1365 2375 1380 2399 ‚
1416 2355 1513 2404 quae
1546 2335 1604 2386 ad
1637 2353 1688 2386 ea
1715 2338 1935 2404 pertinent
1968 2371 1981 2396 ‚
2017 2353 2112 2384 mo-

282 2417 467 2468 nasterio
501 2411 702 2463 reservari
739 2431 752 2461 z

800 2429 879 2461 nec
915 2409 1029 2479 poffe
1064 2427 1115 2460 ea
1150 2409 1263 2457 ultra
1297 2407 1390 2457 fieri
1425 2406 1638 2456 saecularia
1672 2406 1922 2455 habitacula
1951 2440 1966 2453 .

2019 2407 2111 2474 Qi

282 2486 391 2549 vero
428 2487 513 2537 hoc
546 2483 638 2534 fieri
673 2480 941 2551 permiserint
976 2518 990 2543 ‚
1024 2486 1254 2531 Canonum
1291 2476 1634 2546 correptionibus
1671 2475 1974 2544 subjacebunt.

504 2601 929 2708 scnomon.

406 2781 561 2817 AEreticae
581 2778 747 2824 pravitatis
767 2789 897 2813 veneno
917 2776 1042 2821 leprosa
1053 2786 1164 2810 mona-

421 2832 513 2866 steria
529 2840 668 2865 vacuare
686 2839 783 2873 atque
804 2829 982 2871 exstirpare
999 2826 1044 2861 est
1060 2836 1168 2870 perpe-

287 2893 343 2918 tua
357 2882 504 2916 Ecclefiae
524 2880 647 2925 praxis.
676 2878 810 2913 Etenim
830 2879 872 2912 de
890 2875 1073 2912 Eustochio
1087 2877 1169 2909 Hie-

288 2931 457 2975 rosolymae
478 2932 644 2975 Episcopo
665 2929 700 2963 δε
722 2939 816 2963 novae
836 2928 947 2961 Laurae
971 2925 1167 2960 monasterio

289 2982 445 3026 Origenis
466 2981 625 3015 erroribus
644 2978 758 3013 tabido
781 2977 890 3012 scribit
913 2975 1073 3020 Evagrius
1095 2975 1169 3018 Epi-

288 3030 474 3077 phanienfis
495 3055 503 3063 .
540 3032 589 3064 Ad
606 3040 717 3064 novam
743 3032 876 3061 Laurum
894 3026 1045 3070 profeHus
1066 3024 1169 3066 Eusto-

289 3080 372 3117 chius
392 3091 490 3113 omnes
511 3081 581 3113 inde
598 3081 680 3121 ejecit
691 3077 845 3112 monachos
858 3102 868 3118 ‚
893 3079 1090 3118 &tamquam
1098 3087 1170 3109 com-

290 3142 408 3167 munem
422 3133 584 3172 perniciem
603 3131 686 3174 longe*
697 3128 842 3172 fugavit.
871 3127 1029 3170 Exempla
1040 3126 1104 3159 alia
1116 3125 1169 3159 ad-

290 3182 372 3217 duxi
384 3179 475 3224 supra
487 3177 528 3212 ad
538 3176 704 3220 Ephesinae
714 3178 841 3221 Synodi
854 3175 1019 3211 decretum
1031 3176 1072 3210 de
1083 3175 1169 3210 Mes-

291 3231 420 3266 salianis
446 3253 456 3262 .
491 3226 699 3261 Antiocheni
717 3227 956 3262 Patriarchatus
978 3226 1131 3271 Episcopi
1153 3225 1171 3258 a

293 3281 445 3314 Barsuma
466 3276 660 3322 nequiffimo
681 3274 945 3311 Archimandrita
966 3288 1004 3310 ac
1023 3276 1093 3319 ejus
1103 3287 1173 3310 mo·

294 3329 407 3365 nachis
418 3325 678 3372 Eutychianistis
686 3325 883 3370 graviffimas
896 3326 1095 3360 calamitates
1105 3325 1173 3369 pas-

294 3381 318 3414 fi
340 3377 493 3423 parabant
514 3376 631 3411 eodem
650 3375 720 3419 jure
740 3376 873 3409 trastare
889 3386 1002 3409 eorum
1014 3375 1174 3410 monaste-

294 3429 341 3467 ria
355 3452 366 3468 ,
393 3426 562 3470 nosterque
583 3427 703 3461 Canon
724 3424 861 3467 annuit;
887 3424 977 3458 addit
987 3435 1096 3459 tamen
1107 3436 1174 3458 mo-

297 3478 455 3520 nasteria»,
481 3474 595 3522 utpote
612 3476 743 3511 Divino
764 3474 918 3511 dominio
938 3485 993 3519 per
1009 3475 1174 3509 consecra-

1226 2624 1353 2659 tionem
1374 2623 1580 2668 singulariter
1599 2623 1777 2668 acquisita,
1803 2633 1873 2657 non
1894 2619 2055 2656 demutari
2075 2621 2111 2655 in

1227 2674 1385 2708 laicorum
1407 2670 1593 2708 habitacula
1616 2697 1627 2714 ‚
1660 2673 1713 2708 sed
1738 2671 1821 2707 tradi
1844 2671 1918 2706 aliis
1940 2668 2113 2705 monachis

1227 2721 1441 2758 orthodoxis.
1469 2724 1513 2757 Et
1537 2722 1617 2758 hinc
1636 2722 1826 2758 Marcianus
1847 2722 2018 2766 Augustus
2038 2745 2049 2761 ,
2075 2720 2114 2754 in

1228 2775 1298 2819 lege
1318 2772 1359 2808 ad
1383 2772 1567 2807 Palladium
1591 2772 1938 2807 PraetoriiPraefestum
1950 2780 2114 2815 exequens

1228 2824 1315 2858 hunc
1335 2823 1511 2858 Canonem
1531 2848 1542 2864 ,
1569 2822 1731 2866 ejusmodi
1753 2820 2016 2865 Eutychianistis
2039 2820 2114 2854 Cle-
2129 2821 2195 2854 Post
2215 2823 2289 2866 Syn-„K

1228 2874 1301 2908 ricis
1313 2874 1347 2908 ὃς
1360 2871 1531 2908 monachis
1541 2883 1675 2907 omnem
1694 2871 1910 2906 Ecclefiastici
1930 2880 2113 2906 conventus
2127 2860 2288 2906 Ch31004·'

1229 2924 1395 2959 licentiam
1414 2921 1600 2965 interdicit,
1626 2934 1663 2958 ac
1685 2921 1778 2957 addit
1791 2936 1802 2956 .·
1828 2925 1940 2954 Domus
1958 2918 2115 2963 velpoffefi
2129 2900 2274 2941 ΕΡΙὼΨ·

1221 2973 1283 3016 fio,
1309 2979 1343 3007 in
1363 2984 1452 3016 quam
1462 2978 1672 3013 convenerint,
1698 2971 1784 3015 Fisco
1797 2970 1860 3014 fine
1869 2972 2010 3005 dilatione
2022 2967 2115 3013 socie-

1229 3034 1296 3066 tur;
1322 3023 1525 3064 monasterium
1545 3026 1617 3057 verb
1637 3025 1702 3064 eJus
1720 3027 1856 3057 civitatis
1874 3019 2044 3055 orthodoxe
2054 3021 2114 3054 Ec-

1227 3072 1313 3116 clefiae
1339 3098 1351 3115 ‚
1384 3080 1419 3108 in
1442 3075 1527 3115 cujus
1552 3078 1700 3107 territorio
1724 3072 1763 3114 est
1784 3097 1795 3113 ‚
1814 3071 1958 3114 ‚iubemus
1984 3070 2085 3103 addici
2099 3093 2108 3101 .

1230 3124 1358 3166 Nempe
1384 3124 1418 3158 in
1446 3123 1564 3158 laicam
1591 3122 1832 3158 habitationem
1856 3120 2016 3156 demutari
2041 3128 2111 3152 non

1230 3172 1332 3218 potest
1352 3174 1586 3209 monasterium
1609 3197 1620 3214 ,
1647 3173 1787 3218 ideoque
1808 3170 1956 3206 nec‘labi
1979 3167 2022 3202 ad
2045 3168 2111 3201 Fis-

1229 3235 1305 3258 cum
1321 3248 1330 3256 .
1359 3224 1403 3258 Et
1426 3223 1686 3258 scabiosiffimum
1711 3224 1806 3267 ipsius
1826 3216 2021 3262 Eutychetis
2041 3228 2111 3251 mo-

1231 3273 1404 3309 nasterium
1426 3286 1495 3308 non
1516 3273 1668 3320 extingui
1689 3273 1775 3317 juffit
1795 3266 2112 3306 SanctusLeopon-

1229 3325 1312 3358 tifex
1325 3347 1335 3364 ‚
1361 3322 1415 3358 sed
1437 3324 1609 3359 dumtaxat
1630 3322 1796 3358 catholico
1817 3317 1950 3352 Abbate
1968 3316 2111 3356 donari,
2174 3356 2180 3364 ⁹

1230 3380 1280 3417 qut
1302 3375 1387 3407 illam
1401 3372 1558 3417 servorum
1580 3377 1638 3407 Det·
1648 3374 1896 3416 congregationem
1906 3370 2033 3408 &pravo
2044 3368 2116 3410 dog·
2131 3356 2269 3395 Einst-45·

1232 3431 1310 3458 mate
1320 3424 1446 3458 liberare
1455 3425 1490 3458 (ς’
1499 3428 1641 3458 veritatis
1652 3423 1792 3463 institutis
1798 3418 1889 3462 poffln
1901 3417 2042 3458 instruere
2054 3441 2061 3449 .
2129 3405 2155 3427 c·
2178 3405 2206 3434 3⁸

1281 3474 1409 3510 verum
1430 3471 1685 3518 Eutychianistae
1707 3496 1719 3513 ‚
1749 3479 1832 3514 quos
1853 3467 1894 3504 de
1913 3465 2116 3504 monasteriis

1970 3528 2066 3564 opor-
