2340 3736
330 189 358 237 7
367 193 393 219 0

261 257 447 300 usurpantes
473 255 749 290 Archimandritae
770 267 890 289 nomen
903 281 912 296 ,
944 255 1051 289 dixere
1081 254 1140 288 Ar-

263 305 487 340 chimandritae
513 305 877 349 Constantinopolitani
899 331 905 336 .
934 305 1079 348 Carrosus
1106 307 1139 338 (ν’

265 357 428 391 Dorotheus
444 357 695 395 Archimandritae
703 355 794 400 sunt.
822 357 966 397 Elpidius
977 367 1142 388 monumen-

266 418 362 442 torum
376 406 602 449 Procopienfium
614 407 700 447 custos
722 407 760 445 est
774 432 780 438 .
809 405 970 443 Eutychius
982 409 1018 438 de
1038 402 1142 447 Bafili·

266 470 301 492 ca
313 458 466 499 Celestinae
476 457 513 497 est
523 483 533 499 ‚
559 457 760 498 monasterium
772 468 828 488 non
840 455 930 488 habet
942 481 948 486 .
977 455 1144 488 Theodorus

267 515 300 542 in
311 513 507 542 monumentis
528 506 650 540 habitat
662 535 669 541 .
700 504 819 548 Hypfius
831 511 864 538 in
888 512 1082 539 monumentis
1096 504 1147 536 ba-

269 560 346 592 bitat
359 582 368 596 ,
395 557 509 591 habens
517 560 573 590 duo
582 559 634 591 vel
641 563 703 590 tria
714 563 834 590 nomina
845 561 877 588 in
886 558 918 587 X
914 557 1031 595 ylorirco
1043 581 1049 587 .
1079 559 1104 587 C
1107 555 1147 588 al-

724 174 1021 218 CANONES
1058 175 1631 221 CHALCEDONENSES

1210 254 1285 289 dare
1299 254 1399 297 coepit
1410 255 1451 289 ad
1463 257 1569 291 Sanffi
1582 260 1750 305 Fulgentii
1774 274 1881 306 preces
1902 263 2095 301 Bonifacius

1211 302 1512 359 Archi-Episcopus
1525 306 1809 355 CarthaginenKiS‚
1834 314 1924 358 cujus
1935 315 2004 359 Syn
2053 312 2098 350 us

1209 354 1313 388 exstat
1338 355 1464 399 integra
1491 366 1525 388 m
1552 356 1758 396 Bibliotheca
1773 363 1953 400 Vaticana.
1982 317 2091 401 ἕως

1209 405 1431 448 exemptionis
1454 405 1597 449 primum
1619 408 1812 447 donatorem
1823 416 1881 449 alii
1891 416 1954 450 effe
1972 416 2091 451 volunt

1209 454 1392 490 Deusdedit
1419 455 1618 491 Pontificem
1649 483 1660 500 ‚
1695 460 1751 494 alii
1778 453 1927 499 Sa'nAEium
1964 466 2095 512 Grego-

1209 505 1293 538 rium
1307 530 1313 536 .
1340 505 1431 541 Nam
1441 506 1475 539 δε
1489 505 1543 540 hic
1556 510 1765 543 confirmavit
1774 513 1902 553 plenam
1913 517 2093 560 exemptio-

1211 566 1287 589 nem
1301 555 1444 590 Ecclesrae
1464 554 1662 593 Thebanaea
1684 560 1844 603 potestate
1867 563 2094 610 Metropolitae

1210 605 1388 645 Lariffeni,
1413 606 1522 640 datam
1535 607 1553 640 a
1576 610 1633 642 suo
1656 609 1867 646 Antecerrore
1889 613 2026 660 Pelagio
2047 619 2094 651 se·
2113 605 2271 644 L.2.Epist.

1211 655 1323 690 cundo
1349 681 1356 688 .
1386 656 1586 701 Gregorium
1607 659 1835 695 Mutinensem
1857 662 2054 708 Episcopum
2074 667 2092 701 ὲ
2113 652 2159 683 4⁶·

1211 705 1346 747 Ioannis
1368 706 1590 751 Metropolitae
1611 709 1815 746 Ravennatis
1826 712 1987 756 potestate
2012 716 2093 750 Sim·
2113 725 2229 766 Epist-2-

268 611 372 642 linicus
385 608 474 642 babet
484 609 580 642 decem
592 614 711 641 nomina
727 613 759 639 in
771 618 910 639 memoria
938 611 970 638 in
983 606 1145 644 Xylocirco.

271 659 387 693 Paulus
408 661 444 692 de
455 658 597 698 Bythinia
623 658 661 698 est
670 683 681 699 ‚
708 657 852 690 babitans
859 654 994 699 solitarie
1005 661 1038 688 in
1051 666 1149 690 monu-

271 717 384 743 mento.
415 711 605 742 Gaudentius
618 714 650 741 in
661 712 859 741 monumentis
882 705 1000 739 habitat
1014 720 1024 740 .·
1051 706 1149 739 Habet

94 1088 124 1120 I..
131 1097 140 1116 i
148 1085 255 1125 stipiti

94 1506 153 1541 μς.
176 1513 249 1534 021.

96 2228 252 2270 Epist-172·

107 3393 193 3433 Epist·
215 3399 262 3424 62.

103 3446 130 3466 c·
157 3446 180 3464 1-

271 765 397 803 quinque
417 765 536 792 nomina
548 765 580 790 in
607 758 829 799 Philippianis.
857 759 1005 801 Rogamus
1030 758 1145 799 aliquos

270 816 351 843 mitti
365 834 375 850 ,
402 819 436 842 ut
447 810 597 842 ambulent
609 810 642 842 (st
653 811 780 843 videant
792 807 965 847 monasteria
974 819 1069 841 eorum
1081 832 1091 847 ‚
1116 807 1150 839 (θ’

270 858 387 903 discant
405 885 415 900 ‚
436 857 465 901 fi
480 859 592 893 babent
616 858 790 899 monasteria
814 884 824 899 ‚
849 870 890 890 an
914 859 1058 894 deludant
1079 882 1089 897 ,
1115 858 1149 895 <5

271 919 392 943 noceant
404 910 560 943 honoribus
580 908 889 942 Archimandritarum
900 933 909 947 ,
937 909 971 941 (3*
984 908 1087 939 amodo
1099 908 1150 940 de-

271 960 341 994 bent
362 966 492 1003 accipere
513 958 701 1002 disciplinam
713 983 722 998 ,
749 968 783 991 ut
804 970 862 991 non
874 956 907 1000 se
920 959 1022 990 dicant
1050 956 1151 990 Archi-

270 1012 464 1051 mandritas,
493 1016 590 1055 quiin
615 1014 811 1043 monumentis
832 1007 970 1041 habitant
986 1032 996 1048 ‚
1026 1007 1059 1041 id
1079 1007 1125 1041 est
1137 1031 1147 1047 ,

271 1061 307 1094 in
327 1060 494 1094 memoriis
519 1059 731 1106 Martyrum,
758 1059 792 1091 in
818 1058 980 1095 Oratoriis
1006 1057 1150 1092 Forensi-

271 1111 353 1150 bus,
381 1118 436 1144 aut
462 1108 624 1152 Capellis.
653 1108 700 1142 Ita
714 1107 917 1151 Exuperium
930 1107 1149 1151 Episcopum,

270 1161 371 1204 quiin
383 1160 488 1193 aliena
501 1159 642 1196 Dioecefi
654 1159 723 1192 fine
734 1159 888 1202 Episcopi
901 1159 991 1195 istius
1014 1158 1149 1192 licentia

269 1210 458 1247 Oratoriutn
478 1209 700 1243 construxerat
709 1234 720 1252 ‚
746 1219 912 1252 tamquam
926 1209 1053 1252 antiqui
1081 1220 1151 1244 mo-

268 1262 311 1294 ris
323 1260 595 1304 praevaricatorem
609 1260 750 1304 graviter
772 1261 902 1304 arguit,
930 1259 1062 1302 locique
1075 1259 1150 1302 Epi·

268 1313 367 1354 scopo
395 1310 500 1353 ipsum
532 1310 725 1344 Oratorium
751 1307 852 1344 donat
871 1309 1053 1355 Gregorius
1077 1310 1150 1342 Ma-

269 1372 354 1407 gnus
366 1385 373 1393 .
402 1361 446 1396 Et
457 1360 542 1404 apud
555 1360 779 1397 Flodoardum
793 1360 827 1394 in
843 1360 987 1396 Eccleliae
1008 1360 1150 1394 Remen-

268 1413 305 1445 sis
316 1410 464 1445 Historia
479 1412 679 1444 Hincmarus
691 1410 836 1453 ejusdem
847 1410 928 1445 sedis
953 1410 1148 1453 Metropoli-

267 1471 299 1496 ta
314 1460 482 1497 Adelardo
493 1461 677 1494 Turonensi
689 1460 969 1504 Archi-Episcopo
981 1459 1038 1494 dat
1049 1460 1148 1494 licen-

267 1516 349 1548 tiam
368 1510 556 1546 exstruendi
567 1512 601 1544 in
614 1513 675 1544 suae
687 1511 875 1546 Dioeceseos
887 1511 963 1544 villa
975 1511 1122 1546 Oratorii
1139 1534 1149 1550 ,

268 1575 302 1598 ea
313 1563 476 1595 conditione
490 1586 499 1602 ‚
525 1570 559 1594 ut
569 1566 695 1603 antiqua
716 1562 800 1597 villae
813 1559 898 1602 ipfius
927 1557 1072 1605 Ecclefia‚
1101 1562 1152 1593 vel

268 1611 399 1655 ejusdem
412 1611 567 1651 Presbyter
583 1613 697 1644 nullum
702 1611 861 1655 privilegii
875 1609 926 1654 sui
937 1612 1147 1645 detrimentum

263 1671 386 1705 propter
401 1661 452 1696 hoc
459 1669 599 1705 patiatur
610 1686 617 1693 .
647 1661 766 1705 Neque
779 1661 949 1694 dumtaxat.
971 1672 1058 1694 nova
1069 1662 1149 1695 Ora-

267 1714 351 1747 toria
364 1737 374 1753 ,
401 1713 499 1748 sed&
524 1723 615 1747 novae
629 1712 769 1749 Basilicas
798 1711 1054 1746 solentexcitare
1074 1722 1148 1745 con-

268 1763 432 1798 tentiones
453 1787 460 1794 .
501 1763 635 1797 Etenim
658 1762 852 1796 Donatistas
878 1762 985 1806 arguit
1008 1762 1149 1805 Optatus

269 1814 486 1848 Milevitanus
509 1813 690 1856 Episcopus
704 1838 715 1853 ‚
742 1811 832 1856 quod
844 1823 946 1846 novas
969 1812 1036 1845 sine
1056 1812 1148 1845 causa

269 1865 418 1899 Basilicas
446 1890 455 1904 ,
480 1865 610 1905 unaque
629 1864 700 1897 lires
726 1863 973 1896 exstruxissent.
1002 1862 1093 1896 Nota
1104 1862 1146 1895 est

268 1910 337 1957 post
351 1915 458 1948 Sandii
469 1914 614 1948 Thomae
626 1914 744 1948 caedem
759 1924 832 1948 nata
847 1910 1026 1947 miseranda
1052 1912 1091 1946 lis
1104 1912 1150 1946 in-

269 1975 317 1998 ter
341 1963 660 2007 Archi-Episcopum
685 1964 954 1997 Cantuariensem
985 1963 1018 1996 δε
1040 1973 1150 1996 mona-

269 2012 350 2048 chos
374 2013 586 2049 Cathedrales
595 2014 640 2049 ob
663 2024 783 2050 novam
805 2013 974 2050 Basilicam
1001 2014 1148 2048 Cantua-

268 2065 408 2099 riensem
427 2088 439 2105 ,
477 2064 634 2099 exstinsta
672 2065 806 2100 tandem
828 2075 884 2108 per
914 2064 1148 2098 Innocentium

270 2115 403 2151 tertium
427 2139 434 2146 .
463 2115 546 2148 Sunt
567 2124 675 2147 tamen
700 2114 800 2150 causae
820 2139 831 2154 ,
855 2126 898 2148 ex
920 2113 1037 2157 quibus
1062 2126 1147 2148 nova

267 2166 369 2199 etiam
383 2165 417 2198 in
428 2165 549 2207 campis
564 2174 620 2197 aut
632 2164 722 2208 pagis
733 2164 887 2198 Oratoria
900 2164 1149 2207 permittantur.

267 2216 462 2251 Mauritium
476 2215 564 2248 enim
585 2215 691 2250 saneti
709 2214 900 2247 Lauromari
921 2213 1072 2249 Blesensis
1085 2212 1149 2249 Ab·

268 2265 400 2306 batem,
427 2265 483 2308 qui
496 2265 597 2299 desua
610 2263 743 2298 licentia
760 2264 792 2296 in
807 2262 922 2297 Ulcha
934 2264 1010 2297 villa
1034 2264 1150 2306 Capel-

270 2316 335 2349 lam
350 2315 548 2348 exstruxerat
561 2337 571 2353 ,
595 2315 637 2345 ad
647 2326 736 2355 quam
747 2319 848 2346 remoti
860 2315 879 2345 ἃ
891 2320 1011 2346 matrice
1023 2312 1151 2354 Ecclesia

271 2364 450 2400 Parochiani
468 2363 533 2407 suis
547 2363 721 2406 temporibus
735 2363 847 2396 debitas
870 2362 1030 2396 oblationes
1050 2364 1150 2398 reddi-

269 2415 445 2459 turipoffent
465 2421 641 2454 convenire,
669 2415 776 2448 laudat
790 2438 800 2453 ,
825 2413 912 2447 &ab
936 2414 1027 2448 omni
1041 2425 1151 2447 mona-

270 2466 357 2500 sterii
370 2465 623 2500 vindocinensis
634 2463 674 2498 de
687 2464 781 2498 dietis
792 2463 1015 2498 oblationibus
1026 2464 1150 2505 impeti-

270 2517 365 2551 tione
396 2515 534 2550 absolvit
565 2514 697 2550 Sanctus
730 2513 789 2548 Ivo
814 2514 995 2557 Episcopus
1028 2514 1151 2548 Carno-

271 2567 386 2602 tensis.
830 2600 833 2604 ,

322 2616 444 2651 Noster
454 2615 509 2650 hic
534 2614 654 2650 Canon
669 2615 767 2650 etiam
791 2612 934 2648 Anione
945 2614 1032 2648 sexta
1044 2613 1150 2648 editus

273 2667 335 2701 fuit
349 2667 390 2701 ad
413 2678 519 2711 preces
543 2666 700 2700 Marciani
729 2665 894 2710 Augusti,
920 2676 1022 2707 eaque
1048 2662 1149 2698 editio

273 2716 363 2750 addit
378 2730 385 2749 ι
411 2717 617 2758 Monasterium
626 2727 678 2750 aut
691 2719 821 2748 Oratorii
834 2717 947 2747 domum
963 2716 1082 2756 placuit
1094 2726 1151 2747 non

275 2765 412 2807 edificari
423 2774 455 2800 in
465 2768 737 2810 poffeffionepraeter
759 2765 941 2798 voluntatem
955 2769 1076 2798 Domini
1083 2762 1143 2807 pos
1139 2783 1149 2788 -

271 2815 414 2859 seffionis.
442 2817 545 2863 Quod
567 2815 1018 2859 additamentumareligiosa
1040 2814 1152 2848 mulie-

100 2868 257 2937 }-3.Episi.
274 2878 308 2900 re
328 2866 516 2900 Theodosia
531 2867 566 2900 in
586 2865 742 2911 erigendo
756 2865 842 2908 apud
866 2865 981 2899 Sardos
992 2864 1152 2898 monaste-

124 2918 178 2938 ΛΟ-

275 2918 326 2950 rio
347 2914 528 2959 sequitur&
542 2918 654 2950 servari
670 2915 804 2950 mandat
825 2917 960 2950 Sanctus
973 2914 1152 2958 Gregorius

275 2966 421 3010 Magnus
432 2967 466 2999 in
490 2967 605 3002 litteris
614 2965 655 3003 ad
669 2964 858 3011 Januarium
879 2964 1077 3009 Episcopum
1090 2965 1153 2998 Ca-

276 3018 469 3051 laritanum.
506 3049 507 3052 ,

325 3066 456 3100 Deinde
477 3065 609 3101 mandat
622 3066 741 3101 Canon
755 3066 910 3110 cujusque
927 3064 1072 3099 civitatis
1098 3074 1154 3098 aut

276 3116 427 3151 territorii
457 3116 635 3151 monachos
659 3117 787 3161 proprio
815 3116 981 3159 Episcopo
1014 3113 1153 3148 subesse:

278 3165 461 3200 Adversum
475 3165 633 3199 Barsutnae
651 3169 779 3201 asseclas
794 3191 804 3207 ,
829 3166 885 3211 qui
901 3166 1001 3209 Syriae
1023 3165 1156 3208 Episco-

278 3218 326 3258 pis
337 3216 557 3250 obedientiam
580 3215 797 3259 denegarant,
824 3218 952 3260 seseque
979 3216 1156 3258 separarant

278 3265 318 3298 ab
329 3277 441 3300 eorum
455 3265 691 3300 communione
702 3289 709 3296 .
739 3266 835 3299 Adeo
848 3266 972 3308 pridem
990 3274 1156 3309 coeperunt

278 3315 432 3349 monachi
458 3315 497 3349 ad
521 3315 763 3358 exemptionem
789 3315 947 3357 adspirare
967 3340 973 3346 .
1014 3316 1104 3349 Nam
1124 3315 1157 3349 &

279 3362 511 3407 Theophilum
527 3363 790 3399 Alexandrinum
802 3363 1020 3398 Patriarcham
1045 3365 1157 3399 laudat

279 3416 412 3448 Sanstus
440 3415 685 3460 Hieronymus:
714 3420 786 3448 Non
797 3420 908 3457 quaeris
930 3415 1082 3448 monachos
1103 3414 1157 3447 tibi

280 3464 387 3499 babere
405 3461 546 3506 subjeelos
569 3489 578 3503 ,
604 3468 638 3498 er
661 3466 723 3498 ideo
749 3471 844 3508 magis
873 3462 1017 3506 subjec‘los
1043 3464 1155 3498 babes.

283 3513 466 3549 Adversum
488 3514 722 3557 Episcoporum
743 3514 883 3549 excessus
906 3515 951 3549 eis
975 3514 1155 3550 libertatem

1210 754 1328 798 plicius
1352 756 1512 791 Pontifex
1538 761 1676 794 exemit.
1704 761 1894 806 Papiensem
1919 776 1956 798 ac
1978 764 2095 800 Turri-

1211 817 1322 846 tanam
1347 806 1507 844 Ecclefias
1527 807 1568 842 ab
1589 809 1659 852 ipso
1682 810 1781 847 Petro
1804 811 1970 857 Apostolo
1993 813 2096 850 dona-

1210 866 1258 891 tas
1270 855 1331 890 hac
1344 858 1448 905 gratia
1460 858 1593 901 quidam
1603 861 1787 897 affirmanti.

1262 906 1384 942 Tertio
1417 906 1550 943 mandat
1570 909 1688 944 Canon
1711 912 1892 948 monachos
1919 915 2027 951 vivere
2058 916 2094 950 in

1210 957 1319 1000 quiete
1343 982 1354 998 ,
1379 958 1502 1001 jejunio
1526 984 1537 999 ‚
1572 961 1723 996 oratione
1745 987 1751 994 .
1781 963 1915 998 Etenim
1938 988 1948 1005 ,
1984 967 2031 1000 uti
2056 968 2092 1000 in

1212 1006 1329 1041 libellis
1350 1007 1513 1051 Ephesmo
1538 1010 1713 1045 latrocinio
1736 1009 1893 1048 exhibitis
1917 1014 2003 1051 dixit
2025 1017 2094 1060 ipse

1213 1056 1402 1101 Eutyches,
1429 1058 1668 1094 monachorum
1679 1061 1722 1096 est
1738 1068 1770 1095 in
1782 1061 1897 1105 filentio
1907 1061 2015 1110 absque
2035 1067 2093 1099 ullo

1210 1115 1322 1151 negotio
1342 1109 1445 1153 degere
1465 1134 1475 1149 ,
1501 1111 1534 1143 (ν
1554 1109 1664 1154 absque
1690 1112 1751 1146 ulla
1774 1114 1993 1148 conturbatione
2009 1114 2095 1157 perfi-

1202 1157 1295 1198 stere,
1324 1159 1367 1192 Et
1390 1160 1565 1202 perfetstum
1588 1162 1712 1198 volens„
1725 1163 1926 1198 monachum
1950 1164 2098 1200 ostende·

1211 1220 1244 1242 re
1266 1208 1350 1243 dixit
1363 1210 1402 1243 ad
1427 1210 1534 1246 Sandii
1549 1211 1701 1248 Flaviani
1726 1212 1870 1258 Legatos
1889 1215 1997 1250 vivere
2009 1215 2040 1250 se
2060 1215 2098 1251 in

1211 1259 1410 1293 monasterio
1425 1284 1435 1300 ,
1462 1261 1547 1304 quasi
1571 1262 1605 1295 in
1633 1262 1825 1306 sepulchro.
1855 1265 1898 1298 Et
1910 1263 1950 1299 ad
1974 1266 2099 1300 Roma-

1213 1320 1288 1343 nam
1314 1309 1490 1344 Ecclefiam
1505 1335 1515 1351 ‚
1541 1322 1611 1355 qum
1634 1312 1822 1358 Eugenium
1844 1315 2006 1350 tertiume
2027 1327 2099 1349 mo-

1214 1359 1350 1393 nasterio
1370 1359 1411 1395 ad
1446 1359 1604 1404 Papatum
1630 1374 1780 1399 evexerat
1802 1389 1815 1406 ‚
1840 1365 2004 1399 exclamat
2023 1366 2100 1404 Sane

1224 1411 1290 1443 Cius
1305 1409 1503 1444 Bernardus.
1534 1414 1650 1447 Pareat
1659 1415 1744 1447 vobis
1756 1418 1836 1448 Deus
1849 1440 1859 1455 ‚
1885 1417 1959 1458 quid
1959 1414 2098 1459 fecistis?

1212 1461 1361 1501 Sepultum
1401 1459 1545 1494 hominem
1578 1464 1734 1505 revocastis
1767 1466 1810 1497 ad
1834 1465 1966 1499 homines
1988 1480 1999 1499 :

1215 1516 1365 1553 gitantem
1377 1522 1464 1544 curas
1475 1513 1507 1549 (ρ’
1517 1512 1621 1548 turbas
1630 1521 1707 1549 curis
1717 1517 1813 1551 denuo
1831 1515 2014 1558 implicuistis
2028 1540 2039 1556 ,
2064 1517 2100 1549 Θ

1218 1559 1407 1603 immiscuistis
1430 1562 1526 1595 turbis
1540 1587 1547 1594 .
1574 1564 1702 1599 Statum
1713 1576 1855 1609 namque
1877 1566 2098 1609 monasticum

1214 1610 1358 1646 Ecclesia:
1383 1610 1495 1646 Patres
1508 1613 1619 1655 paffim
1645 1626 1764 1650 vocant
1774 1617 1939 1658 tranquilla
1954 1615 2094 1657 silentia,

1211 1659 1495 1702 lamentanturque
1507 1662 1570 1696 sese
1581 1675 1622 1696 ex
1635 1663 1699 1698 illis
1712 1664 1888 1707 janatosin
1906 1665 2008 1699 saeculi
2034 1665 2100 1714 cla·

1212 1710 1361 1745 mores&
1381 1710 1437 1744 alti
1452 1712 1549 1746 maris
1569 1714 1717 1748 fremitus
1731 1738 1740 1754 ,
1768 1714 1801 1748 id
1822 1714 1890 1754 est,
1916 1727 2006 1750 curas
2019 1715 2097 1759 Epi·

1211 1760 1350 1803 scopales
1371 1785 1378 1793 .
1417 1761 1580 1806 Legendae
1599 1764 1673 1796 sunt
1693 1765 1905 1806 querimoniae
1939 1765 2094 1810 Gregorii

1210 1810 1330 1854 Magni
1350 1834 1362 1851 ,
1388 1809 1589 1854 deplorantis
1611 1813 1643 1846 se
1659 1824 1713 1856 per
1734 1812 1969 1857 Episcopatum
1994 1815 2095 1859 longe

1210 1861 1228 1894 a
1253 1859 1438 1895 conditoris
1450 1862 1532 1896 facie
1550 1862 1722 1906 expulsum
1734 1888 1741 1895 .
1771 1863 1960 1901 Monachus
1970 1864 2015 1899 est
2025 1876 2098 1908 poe·‘

1214 1911 1349 1946 nitentis
1362 1910 1481 1955 species
1496 1936 1506 1951 ,
1531 1912 1623 1956 cujus
1634 1914 1770 1948 unicum
1797 1925 1916 1948 munus
1929 1916 1973 1949 est
1988 1926 2097 1957 pecca·

1211 1971 1241 1995 ta
1254 1963 1307 1995 sua
1325 1961 1522 2007 plangere&
1542 1974 1678 2009 purgare
1692 1988 1702 2004 ,
1728 1964 1818 2008 quod
1831 1964 1868 1998 fit
1892 1964 2094 2009 potissimum

1209 2011 1379 2055 jejunio&
1400 2013 1565 2049 oratione.
1594 2014 1650 2049 Ad
1663 2014 1816 2049 Sandium
1826 2015 2011 2051 Paulinum*
2027 2026 2097 2048 mo-

1211 2062 1353 2096 nachum
1380 2063 1491 2097 scribit
1515 2065 1649 2099 Sanetus
1676 2065 1906 2107 Hieronymus
1928 2090 1935 2097 .
1974 2063 2098 2106 obsecro

1208 2120 1237 2145 te
1249 2138 1259 2154 ‚
1283 2122 1316 2146 ut
1327 2113 1534 2147 multitudines
1545 2113 1696 2147 bominum
1708 2137 1719 2154 ‚
1745 2115 1779 2148 ὡ·
1795 2115 1905 2156 offici,
1931 2115 1966 2148 (9¹
1981 2111 2098 2157 saluta·
2116 2112 2128 2119 “

1209 2168 1302 2196 tiones
1316 2188 1326 2203 ,
1352 2164 1537 2198 &convivia
1549 2188 1560 2204 ‚
1587 2164 1680 2197 veluti
1689 2161 1832 2207 quasdam
1856 2173 1978 2197 catenas
1990 2162 2095 2206 fugias

1211 2213 1401 2254 voluptatum
1413 2238 1421 2246 .
1447 2216 1466 2247 5
1468 2220 1490 2246 it
1502 2215 1583 2247 utilis
1595 2216 1629 2248 &⁴
1640 2212 1825 2256 vespertinus
1838 2213 1919 2247 cibus
1931 2238 1942 2253 ,
1970 2213 2048 2246 olera
2059 2213 2094 2245 Θ

1208 2263 1377 2307 legumina,
1404 2262 1438 2296 id
1463 2262 1531 2303 est,
1557 2263 1715 2296 omnidie
1741 2263 1775 2296 in
1788 2262 1947 2305 ejusmodi
1963 2261 2093 2306 ciboje·

1209 2312 1286 2355 juna
1299 2325 1306 2344 ε
1332 2313 1487 2347 Interdum
1496 2311 1647 2355 pisticulos
1650 2320 1708 2355 pro
1714 2310 1840 2356 summis
1855 2314 1944 2345 ducas
1955 2313 2072 2347 deliciis
2085 2338 2092 2344 .

1211 2364 1275 2406 ,Qui
1297 2361 1445 2403 christum
1459 2362 1625 2404 defiderat,
1650 2363 1741 2397 &illo
1746 2371 1830 2404 pane
1856 2360 1984 2406 vrescitur
1997 2387 2008 2403 ‚
2035 2374 2093 2395 non

1211 2418 1318 2455 quaerit
1343 2415 1538 2456 magnopere,
1563 2415 1600 2447 de
1624 2424 1713 2455 quam
1734 2411 1867 2455 pretiosis
1890 2413 1962 2446 cibis
1982 2413 2093 2453 stercus

1210 2461 1359 2504 conficiat.
1389 2463 1431 2496 Et
1453 2462 1494 2496 de
1520 2462 1622 2506 seipso
1645 2462 1754 2497 scribit
1777 2463 1817 2496 ad
1832 2462 1975 2496 Asellam
1995 2476 2002 2495 z
2028 2465 2095 2506 Ego

1207 2511 1286 2553 faba
1301 2522 1436 2546 ventrem
1456 2513 1582 2554 impleo.
1609 2512 1737 2546 Vinum
1751 2511 1935 2555 junioribus
1961 2513 2095 2546 interdi-

1214 2563 1259 2596 cit
1273 2572 1308 2595 ut
1320 2573 1482 2596 venenum
1496 2588 1503 2594 .
1531 2563 1574 2596 Et
1585 2563 1748 2597 Ordinem
1760 2562 2001 2597 Cistertiensem
2014 2574 2094 2597 tam-

1211 2612 1309 2655 quam
1326 2611 1612 2655 splendidissimam
1638 2612 1785 2647 Ecclesiae
1797 2613 1962 2647 lucernam
1984 2611 2095 2647 laudat

1212 2659 1392 2705 Stephanus
1414 2662 1633 2697 Tornacensis
1656 2664 1856 2707 Episcopus,
1884 2664 1978 2707 ,Quod
1995 2671 2094 2696 tantae
2115 2671 2196 2711 Epist.
2209 2683 2232 2702 i.

1204 2711 1244 2754 fit
1255 2718 1287 2745 in
1302 2713 1363 2746 cibo
1379 2712 1566 2756 parfimoniae
1579 2737 1589 2753 ,
1616 2723 1648 2746 ut
1660 2713 1768 2747 duobus
1790 2714 1908 2747 tantum
1925 2715 2094 2755 pulmentis

1211 2771 1317 2796 utatur
1327 2787 1338 2803 ,
1364 2774 1431 2806 quae
1443 2771 1495 2795 aut
1522 2775 1591 2808 ager
1603 2775 1641 2798 ex
1652 2763 1847 2807 leguminibus
1857 2788 1868 2804 ,
1897 2773 1950 2797 aut
1962 2775 2000 2798 ex
2011 2764 2093 2798 oleri-

1211 2812 1268 2845 bus
1283 2812 1383 2846 hortus
1397 2812 1507 2853 afferat
1517 2838 1525 2845 .

1261 2864 1392 2909 Qarto
1414 2862 1549 2896 mandat
1572 2863 1713 2905 Canon,
1739 2873 1776 2898 ut
1787 2862 1943 2898 monachi
1963 2875 2024 2898 nec
2035 2863 2099 2910 Ec:
2117 2871 2119 2876 ’

1212 2914 1414 2953 clefiasticis,
1441 2924 1502 2947 nec
1525 2913 1725 2948 saecularibus
1749 2914 1893 2959 negotiis
1913 2913 2097 2948 communi-

1213 2977 1287 3002 cent
1300 2990 1309 2997 .
1335 2964 1484 3007 Exponit
1508 2964 1642 2998 Sanstus
1656 2964 1726 2998 Leo
1746 2964 1903 2998 Pontifex
1918 2965 1951 2998 in
1979 2958 2096 2997 litteris

1212 3018 1251 3052 ad
1263 3015 1452 3050 Maximum
1474 3013 1697 3048 Patriarcham
1720 3013 1970 3049 Antiochenum
1984 3013 2099 3047 .-1llud
2119 3015 2254 3055 Epist-62.

1213 3077 1326 3110 quoque
1346 3065 1538 3097 Dilec‘lionem
1564 3073 1645 3097 tuam
1668 3071 1807 3099 convenit
1825 3074 1999 3107 praecavere
2025 3088 2036 3104 ‚
2061 3071 2097 3095 ut
2117 3066 2141 3088 C·
2166 3068 2195 3091 4·

1210 3126 1323 3160 praeter
1359 3127 1406 3148 eos
1432 3139 1441 3155 ,
1470 3119 1522 3156 qui
1536 3111 1609 3157 sunt
1630 3118 1751 3147 Domini
1770 3116 1941 3149 Sacerdotes
1963 3139 1974 3154 ,
2001 3112 2097 3145 nullus

1209 3167 1265 3210 fibi
1279 3168 1335 3207 jus
1358 3165 1481 3210 docendi
1500 3173 1553 3197 aut
1569 3166 1766 3207 praedicandi
1788 3167 1899 3199 audeat
1920 3162 2096 3202 vindicare,

1209 3217 1272 3262 five
1285 3216 1333 3250 ille
1340 3214 1379 3257 fit
1391 3213 1550 3247 monachus
1561 3239 1572 3255 ‚
1591 3214 1656 3257 five
1665 3217 1759 3248 laicus
1771 3241 1780 3256 ‚
1809 3221 1859 3258 qui
1867 3209 2095 3254 aiicujusscien-

1216 3275 1268 3301 tiae
1291 3271 1405 3299 nomine
1420 3266 1564 3308 glorietur
1577 3288 1584 3297 .
1612 3267 1698 3308 ‚Quia
1721 3264 1774 3308 etsi
1790 3263 1955 3306 optandum
1977 3260 2014 3301 est
2027 3285 2038 3301 ,
2063 3272 2099 3295 ut

1217 3328 1314 3351 omnes
1336 3313 1469 3356 Ecclsfiae
1487 3315 1570 3358 filii,
1597 3327 1666 3358 quae
1688 3310 1768 3350 recia
1792 3310 1912 3355 &sana
1931 3309 2025 3354 sunt,
2046 3309 2099 3354 sa-

1214 3375 1306 3411 piant
1321 3391 1332 3407 ,
1359 3378 1416 3398 non
1444 3374 1548 3398 tamen
1555 3365 1790 3407 permittendum
1811 3361 1849 3402 est
1861 3386 1871 3401 ,
1896 3370 1930 3394 ut
1939 3358 2099 3403 ⁴quisquam

1218 3428 1304 3451 extra
1325 3416 1540 3449 sacerdotalem
1557 3417 1698 3448 Ordinem
1719 3411 1888 3452 constitutus
1895 3413 2026 3454 gradum
2041 3410 2097 3451 fibi

1223 3468 1431 3501 Praedicatoris
1447 3466 1571 3508 assumat
1583 3487 1595 3503 ‚
1618 3475 1682 3497 cum
1697 3468 1727 3495 in
1741 3461 1866 3502 Ecclesia
1878 3464 1933 3494 Dei
1946 3466 2044 3493 omnia
2055 3473 2099 3493 or-

1220 3520 1327 3551 dinata
1351 3516 1401 3559 effe
1425 3521 1602 3554 conveniat,
1627 3519 1704 3547 utin
1734 3510 1906 3552 unocbristi
1932 3519 2045 3553 corpore
2063 3513 2097 3545 (9·

2002 3572 2053 3594 ex·

2037 1469 2102 1499 Fu·
2119 1448 2273 1488 Epist.23e.

2116 1796 2178 1824 1..1.
2196 1794 2278 1832 lips.
