2340 3736
630 156 940 211 Senotns,
973 169 1038 199 ετ
1073 163 1252 200 Nous
1286 163 1660 201 ittusraan,

235 242 390 278 mittendi
405 239 619 278 mandatum,
643 237 685 272 de
705 250 772 281 quo
807 237 847 272 ad
877 238 1028 273 laudatos
1049 239 1122 273 Do-

234 294 344 330 minos
365 292 407 326 de
427 291 539 324 Roma
559 288 646 323 dixit
667 289 757 323 idem
779 288 917 323 AEtius:
943 292 976 322 51·
1008 290 1046 323 de
1070 289 1121 322 hac

235 342 375 383 Capitale
395 341 516 383 aliquod
538 340 715 373 mandatum
733 346 917 382 acceperint,
937 339 1116 381 prff‘erant.

234 389 420 435 Respondit
458 387 532 423 vero
567 389 759 424 Bonifacius
788 389 949 425 Romanae
969 388 1119 422 Ecclefiae

232 440 407 484 Presbyter
426 451 466 475 ac
487 440 649 485 Legatus.
676 439 858 479 Beaeiffimus
879 440 914 473 o·
944 438 1117 481 Apostolum

233 494 325 533 Papa
342 497 422 524 inter
441 500 549 524 caetera
567 489 619 524 boc
643 490 727 524 nobis
752 490 934 524 mandavit.
987 487 1116 522 Recita-

231 543 347 585 vitque
368 541 564 576 mandatum
584 551 626 574 ex
643 538 788 574 chartula
800 563 807 570 .
850 538 1022 572 SanHorum
1047 550 1116 580 quo-

231 602 290 633 que
313 594 440 625 Patrum
456 591 682 631 constitutionem
699 589 853 631 prolatam
873 588 955 622 nulla
972 595 1116 631 patiami-

233 646 266 676 ni
287 648 454 675 temeritate
475 642 585 675 violari
602 640 655 672 vel
669 643 826 679 inminui,
847 636 1012 681 servantes
1024 645 1114 673 omni-

231 692 327 724 modis
344 690 479 735 personae
503 688 605 729 nostrae
630 694 663 722 in
697 687 802 729 vobis,
830 700 901 731 quos
930 695 996 723 vice
1019 688 1114 729 nostra

231 740 466 785 transmisimus,
491 740 692 783 dignitatem.-
718 743 761 771 Ac-
773 737 806 781 fi
822 745 874 782 qui
895 739 980 781 forte
1006 745 1127 781 civita·v

231 800 298 824 eum
312 789 466 834 splendore
482 787 581 831 confifi
594 789 710 830 aliquid
730 787 789 830 fibi
813 795 1000 824 tentaverint
1033 789 1113 833 usur·

226 850 325 883 pare,
350 841 425 880 boc,
448 849 508 881 qua
525 837 695 882 dignumest
708 862 719 878 ‚
743 838 904 880 constantia
922 840 1093 873 retundatis
1104 865 1111 872 .

230 890 282 925 Ea
303 891 436 924 Patrum
458 887 652 924 constitutio
681 898 749 923 erat
770 889 878 924 sextus
908 889 1030 923 Canon
1054 890 1115 924 Ni·

229 951 357 979 caenus,
382 950 464 974 mox
484 938 502 972 ὲ
522 936 716 975 Paschafino
737 938 936 982 Lilybetano
948 938 1114 984 Episcopo

228 990 263 1024 δε
281 988 440 1025 Romano
465 989 593 1033 Legato
619 987 789 1024 recitatus.
824 989 979 1024 Mandati
1007 990 1053 1024 sui
1080 990 1115 1024 ὃ(

227 1039 442 1083 providentiae
462 1038 606 1074 rationes
624 1038 762 1082 exponit
784 1038 946 1074 Pontifex
957 1039 1113 1073 Maximo

227 1088 426 1126 Patriarchae
454 1088 673 1125 Antiocheno
692 1113 702 1121 .
735 1089 922 1132 subrependi
959 1088 1112 1131 occafiones

226 1151 287 1176 non
302 1145 512 1182 praetermittit
521 1139 666 1180 ambitio,
689 1141 850 1181 &quoties
862 1139 899 1173 ob
910 1146 1112 1175 intercurren-

226 1200 272 1224 tes
290 1189 395 1234 causas
409 1192 565 1235 generalis
584 1195 770 1235 congregatio
785 1188 875 1231 falla
890 1190 992 1232 fuerit
1013 1192 1114 1223 Sacer-

222 1241 353 1280 dotum,
377 1240 492 1282 difficile
511 1239 568 1280 est,
591 1248 627 1273 ut
656 1241 808 1281 cupiditas
833 1238 1030 1282 improborum
1055 1251 1114 1274 non

224 1289 345 1332 aliquid
355 1287 452 1332 supra
469 1287 640 1332 mensuram
665 1287 755 1332 suam
778 1290 918 1324 moliatur
954 1296 1114 1331 appetere.

225 1341 305 1375 Sicut
322 1345 415 1374 etiam
438 1345 472 1374 in
492 1337 643 1381 prefina
663 1339 793 1380 sinnada,
818 1351 888 1382 quae
909 1343 1038 1381 impium
1046 1343 1115 1374 Ne·

217 1389 341 1431 florium
361 1400 427 1423 cum
442 1387 496 1433 suo
511 1390 648 1433 damase
664 1389 789 1431 permolit
803 1413 815 1430 ,
827 1389 1008 1435 Juvenalis
1033 1393 1117 1432 Epi·

221 1438 327 1484 scopus
346 1441 391 1476 ad
414 1439 607 1476 obtinendum
633 1439 805 1480 Palaestinae
835 1442 1008 1474 Provincia»
1027 1446 1113 1482 pein-

224 1496 359 1532 cipatum
383 1490 511 1524 credidit
530 1487 563 1533 se
578 1489 655 1533 poffe
671 1487 822 1532 sufficere,
848 1489 1051 1534 &insolentes
1061 1503 1113 1524 au-

221 1537 277 1583 sus
291 1548 349 1583 per
380 1544 578 1574 commentitia
604 1538 721 1584 [αἱμα
736 1541 878 1582 fimare.
909 1540 1013 1575 Hunc
1040 1552 1114 1586 grae-

226 1601 344 1624 corum
366 1589 606 1634 Episcoporum
624 1600 752 1624 morem
771 1590 944 1633 peffimum
966 1602 1004 1625 ac
1028 1591 1115 1625 into-

228 1639 394 1676 lerabilem
406 1639 565 1674 ambitum
578 1662 589 1679 ,
615 1640 785 1683 variasque
797 1640 1038 1684 Episcoporum
1049 1639 1115 1675 huc

228 1690 327 1733 usque
347 1689 795 1733 Constantinopolitanorum
816 1701 876 1733 pro
902 1690 999 1725 tertio
1026 1690 1117 1724 Con-

225 1738 526 1782 stantinopolitano
547 1738 690 1774 canone
710 1750 793 1775 artes
812 1739 1026 1775 &machinas
1040 1741 1114 1775 San·

225 1790 296 1823 ssus
314 1788 387 1823 Leo
422 1797 540 1827 notat,
566 1787 709 1831 ideoque
735 1788 896 1823 mandato
918 1790 1115 1833 rigidiffimo

225 1839 334 1873 voluit
354 1838 403 1873 eis
422 1848 556 1873 omnem
565 1848 695 1881 portam
707 1837 879 1873 occludere
891 1864 899 1872 .
927 1838 1113 1874 AEtius‘Ar·

224 1886 467 1925 chi-Diaconus
491 1886 603 1923 denuo
631 1899 687 1931 per
717 1887 989 1924 consuetudinem
1010 1900 1115 1924 teuta-

226 1939 278 1973 vit
299 1939 451 1982 irrepere:
479 1936 660 1982 Consuetudo
677 1937 716 1979 est
734 1945 768 1972 in
786 1940 919 1977 *sinodis
930 1962 941 1978 ,
960 1938 1116 1983 postquam

224 2001 262 2023 ea
274 2013 284 2030 ,
309 2000 378 2030 quae
393 1987 467 2032 sunt
485 1994 615 2021 omnium
629 1995 786 2031 praecipu
797 2011 811 2028 ,
831 1988 954 2031 fuerint
963 1991 1090 2032 definita
1103 2013 1115 2031 ,

226 2045 263 2073 e?
285 2040 347 2071 alia
360 2039 502 2080 quadam
519 2039 673 2080 neceffaria
691 2046 820 2073 exerceri
849 2049 940 2082 atque
964 2039 1113 2082 formari.

226 2087 278 2124 lta
302 2086 344 2122 ad
370 2086 502 2132 Papalis
521 2087 669 2133 mandati
701 2090 998 2132 praevaricationem
1025 2090 1117 2124 sedu-

225 2137 279 2172 xit
288 2137 464 2180 Synodum
477 2161 485 2173 .
512 2138 561 2172 At
580 2137 761 2173 Lucentius
785 2138 928 2183 Legatus
939 2140 1024 2183 apud
1045 2141 1115 2184 glo·

225 2186 414 2223 riofiffimos
435 2186 564 2230 Iudices
600 2188 796 2222 interceffit.
833 2190 924 2223 sedes
958 2188 1116 2230 Apfflolica

227 2236 311 2272 nobis
336 2234 537 2279 praesentibus
570 2235 723 2270 humiliari
748 2249 806 2271 non
826 2238 928 2272 debet:
968 2242 1013 2274 Et
1048 2240 1114 2272 ide&

226 2298 414 2330 quacumque
434 2292 467 2320 in
484 2287 694 2329 praejudicium
726 2291 883 2323 canonum
903 2288 958 2323 vel
990 2291 1113 2333 Regula-

225 2347 293 2371 rum
319 2336 450 2378 hester-na
479 2338 528 2372 die
553 2336 635 2380 gesta
650 2335 726 2380 sunt
746 2338 829 2372 nobis
850 2337 1041 2382 absentibus,
1059 2347 1113 2381 pe·

226 2392 317 2420 timus
337 2387 549 2421 sublimitatem
571 2386 722 2427 vestram,
746 2398 782 2421 ut
810 2391 983 2422 circumduci
1003 2387 1109 2423 habea·

225 2443 267 2471 tir
277 2449 290 2478 ;
312 2436 358 2480 fin
377 2439 455 2471 alitis
467 2462 477 2477 ‚
501 2437 692 2470 contradicim
713 2438 808 2479 nostra
828 2438 878 2471 his
905 2439 995 2483 gestis
1019 2439 1113 2472 inhae-

226 2495 312 2526 reat,
331 2496 364 2521 ut
382 2493 573 2527 noverimus,
600 2490 675 2530 quid
696 2488 850 2530 Apostolico
870 2495 935 2523 viro
955 2488 1109 2533 universa—

225 2538 265 2570 lis
285 2536 421 2578 Eeclefiae
444 2540 541 2580 Papae
567 2536 687 2578 referre
717 2538 895 2577 debeamus,
920 2548 953 2572 ut
972 2539 1035 2583 ipse
1059 2549 1113 2572 aut

226 2587 264 2620 de
278 2585 343 2628 suae
361 2585 443 2628 sedis
472 2589 607 2628 injuria,
645 2595 699 2621 aut
720 2589 760 2621 de
791 2593 948 2622 Canonum
971 2589 1114 2632 eversione

223 2636 303 2681 poffit
311 2636 393 2677 ferre
413 2634 595 2680 sententiam
606 2661 614 2669 .
638 2636 772 2688 Qibus
790 2649 831 2672 ex
842 2638 947 2677 verbis
957 2639 1029 2683 quis
1043 2652 1111 2675 non

228 2685 335 2719 videat
355 2685 529 2728 Synodum
540 2686 694 2722 Domino
702 2687 816 2733 Papae,
841 2701 909 2724 non
923 2690 1112 2724 Dominum

227 2734 351 2778 Papam
374 2734 509 2778 Synodo
534 2735 676 2772 subesse?

277 2785 453 2819 Decimum
466 2786 617 2821 Canonis
637 2787 755 2823 vitium
769 2788 814 2823 est
835 2789 870 2823 in
894 2788 984 2825 hisce
1007 2790 1111 2825 verbis

225 2835 381 2873 Lucentii
403 2836 518 2880 Legati
535 2849 543 2869 ε
571 2837 713 2878 Hesterna
744 2840 794 2872 die
811 2839 894 2873 nobis
915 2839 1105 2884 absentibus.

225 2884 375 2929 Exponit
396 2883 626 2929 gloriofiffimis
646 2886 814 2931 Judicibus
830 2885 1040 2925 Paschalinus
1052 2887 1110 2925 Le-

53 1123 209 1160 Ep.6⁸.c.4.

225 2944 339 2979 gatus.
368 2935 506 2977 Hesterna
517 2937 586 2978 die,
606 2936 760 2981 postquam
782 2939 911 2980 Potestas
932 2940 1029 2978 vestra
1044 2939 1110 2984 fiir·

225 2990 302 3019 rexit
314 3009 326 3024 ‚
350 2986 386 3020 ά
397 2986 563 3022 Humilitas
584 2986 679 3027 nostra
699 2987 795 3028 vestra
805 2989 928 3034 vestigia
936 2989 1040 3033 secuta
1050 2990 1088 3032 est
1098 3016 1108 3032 ,

223 3035 364 3076 quaedam
380 3035 462 3078 gesta
478 3035 568 3086 sada
586 3038 724 3081 dicuntur
736 3063 747 3079 ‚
774 3051 841 3081 quae
862 3052 914 3072 nos
945 3042 979 3075 &0
996 3049 1109 3083 prater

229 3088 365 3121 Canones
381 3086 415 3118 Θ·
435 3084 621 3130 dil'qtplinam
637 3086 814 3126 aestimamus
833 3089 937 3130 effedia
951 3116 958 3122 .
988 3090 1107 3126 Effe-sta

224 3133 304 3179 ergo
324 3144 416 3168 erant
437 3134 493 3178 pei·
503 3135 761 3174 conciliabulum
772 3140 964 3184 acephalum
977 3141 1109 3178 &clan-

224 3183 391 3219 destinum
403 3209 410 3217 .

240 3237 245 3242 ’
276 3233 509 3272 Undecimum
529 3235 644 3270 vitium
665 3235 799 3273 adducit
819 3238 907 3275 idem
930 3241 1107 3276 Lucentius

224 3284 338 3320 dicens
361 3284 403 3319 ad
426 3285 575 3320 laudatos
590 3286 731 3329 judiees.
758 3290 861 3322 Gloria
879 3290 1106 3333 vestraperpen-

225 3336 304 3374 dat,
329 3345 391 3376 qua
413 3340 665 3370 circumventione
678 3347 742 3371 cum
756 3336 872 3381 sant-‘lis
896 3339 1051 3383 Episcopis
1055 3353 1105 3384 ge·

219 3381 298 3426 stum
312 3383 370 3426 fit,
397 3393 432 3419 ut
448 3396 507 3419 non
527 3384 718 3429 conscriptis,
746 3387 780 3421 id
799 3387 866 3429 est,
892 3390 933 3423 ab
965 3390 1105 3425 Ecclesia

227 3431 381 3468 Romana
394 3445 463 3469 non
487 3436 630 3479 probatis
642 3461 653 3477 ,
679 3437 852 3473 canonibus
871 3439 1108 3475 Constantino-

226 3482 382 3527 politanis
397 3483 577 3528 subscribere
589 3486 652 3528 fini
670 3487 779 3521 coaevi.
809 3488 919 3525 Etiam
942 3490 979 3525 in
990 3489 1107 3527 litteris

49 3520 115 3558 ΕΜ
121 3524 206 3556 ‘rc-3·
325 3531 433 3572 Gbrss.
450 3537 529 3579 Lupi
540 3539 628 3581 Oper-
642 3540 720 3574 Tom.
732 3541 773 3572 11.

1894 169 1986 212 113

1181 233 1224 268 ad
1235 232 1439 267 Mattianum
1459 231 1648 277 Augustum
1668 235 1811 278 queritur
1833 236 1968 273 Saucius
1989 234 2060 270 Leo

1182 284 1326 328 Legatos
1349 284 1422 318 suos
1444 282 1480 317 δε
1499 282 1584 316 dolis
1609 285 1642 318 δε
1672 285 1849 320 terroribus
1872 285 1966 319 fuisse
1988 294 2060 320 ten-

1179 343 1265 368 tatos
1276 358 1283 366 .
1292 333 1540 369 Intercefferunt
1551 334 1644 368 variae
1653 335 1962 370 circumventiones.
1987 333 2061 370 Ete-

1179 384 1249 419 nim
1283 394 1336 426 per
1357 383 1512 419 Dioscuri
1546 382 1791 420 damnationem
1813 383 2063 424 Alexandrina,

1179 446 1234 478 per
1253 433 1394 468 Baffiani
1421 434 1455 469 ἀ·
1475 432 1634 477 Stephani
1659 433 1872 477 dejeffionem
1896 432 2063 477 Ephefina

1177 484 1314 520 vacabat
1344 484 1508 525 Ecclesia,
1536 482 1677 527 ideoque
1709 482 1869 528 AEgyptii
1907 482 2064 528 Episcopi

1179 534 1305 568 nullum
1326 534 1485 578 synodale
1507 533 1674 568 decretum
1691 534 1865 568 voluerunt
1889 532 2063 572 subscribe-

1177 596 1232 624 re,
1257 582 1392 619 Afiatici
1425 584 1613 622 constanter
1643 582 1834 627 primatialis
1859 585 1920 618 suae
1939 581 2062 618 Cathe-

1177 633 1242 669 drae
1260 634 1388 677 iniuriis
1404 634 1692 671 contradixerunt.
1721 631 1819 671 Certe
1845 633 2062 670 Dioscorida·

1177 684 1305 718 mnatio
1327 685 1454 728 nequiit
1484 685 1596 719 obeffe
1625 684 1777 721 Ecclefiae
1808 681 2061 718 Alexandrinae:
2124 721 2130 728 .

1179 734 1265 770 Aliud
1284 733 1360 777 sunt
1380 733 1490 777 J‘edes,
1515 735 1602 771 aliud
1622 733 1816 776 Praefidentes
1829 758 1837 765 .
1864 730 1934 774 Eifi
1940 731 2062 774 diversa
2081 720 2220 760 Epist-53-

1172 784 1229 824 lint
1250 789 1358 819 merita
1380 783 1568 828 Praefidm,
1585 787 1662 826 jura
1681 794 1784 819 tamen
1815 791 1994 825 permanent
2014 781 2065 824 se·
2081 767 2196 802 ⁶²'c'3'

1177 836 1280 871 dium.
1308 834 1480 870 Maximus
1502 833 1691 869 patriarcha
1713 831 1947 872 Antiochenus
1967 843 2065 876 nupe-

1177 895 1210 918 ra
1226 884 1310 919 inter
1332 883 1579 922 Anteceffotem
1603 885 1699 920 suum
1721 885 1897 921 Domuum
1926 883 1963 921 ὅ(
1988 882 2069 916 Pro-

1176 936 1265 969 clum
1296 934 1708 979 Constantinopolitanutn
1739 935 1941 978 Episcopum
1977 934 2068 977 pasta

1178 984 1372 1028 praevaricari
1393 985 1505 1020 timuit
1516 1009 1527 1026 ,
1554 985 1596 1021 de
1608 985 1727 1031 quibus
1739 985 1822 1020 reste
1834 985 1965 1019 Sanetus
1976 984 2066 1020 Leo:

1181 1036 1312 1070 Facilius
1336 1041 1394 1069 erit
1416 1036 1614 1078 quarumlibet
1635 1034 1847 1079 consenfionum
1864 1034 1988 1077 padum
2009 1032 2071 1077 dis-

1174 1083 1275 1127 fhlvi,
1299 1096 1390 1127 quam
1411 1090 1606 1120 Nica-norum
1629 1093 1786 1122 canonum
1805 1087 1936 1129 Regulus
1956 1097 1996 1119 ex
2007 1085 2069 1118 ulla

1173 1142 1262 1177 parte
1271 1141 1435 1177 corrumpi.
1449 1134 1636 1172 Thalaffius
1646 1135 1773 1172 Primas
1787 1135 1991 1171 Caesareenfis
2003 1136 2070 1169 sese

1180 1194 1325 1227 patenter
1335 1185 1512 1227 opposuit,
1538 1186 1680 1229 ideoque
1692 1197 1762 1223 non
1785 1185 1969 1229 subscripsit
1990 1184 2069 1223 huic

1179 1234 1336 1274 Canoni,
1361 1245 1420 1268 nec
1447 1234 1553 1269 ullum
1572 1235 1697 1276 alium,
1722 1236 1777 1271 sed
1797 1236 1903 1270 solum
1917 1234 1993 1270 fidei
2013 1235 2070 1270 de-

1177 1294 1306 1319 cretum
1322 1283 1444 1319 detulit
1459 1285 1495 1321 iu
1509 1284 1755 1330 Cappadociam
1767 1310 1780 1327 ‚
1803 1287 1853 1322 nti
1871 1286 1940 1330 ejus
1949 1287 2071 1322 succes·

1179 1336 1228 1369 sor
1242 1334 1375 1378 Alipius
1396 1334 1508 1370 scribit
1529 1335 1572 1370 ad
1595 1336 1744 1373 Leonem
1766 1336 1976 1382 Augustum.
2004 1335 2069 1370 Lu«

1178 1385 1291 1420 cianus
1312 1385 1478 1428 Byzienfis
1493 1386 1674 1430 Episcopus
1688 1411 1699 1427 ,
1724 1386 1859 1429 Cyriaci
1871 1386 2071 1421 Heracleen-

1180 1436 1262 1470 ssum
1283 1434 1438 1470 Primatis
1460 1437 1837 1482 Legatus&vicarius‚
1862 1436 1991 1471 admisit
2001 1436 2071 1479 qui-

1179 1485 1256 1522 dem
1268 1486 1444 1520 Canonem
1457 1510 1469 1526 ,
1495 1496 1638 1521 attamen
1654 1498 1722 1522 non
1744 1487 1913 1530 profitetur
1936 1488 1968 1520 se
1977 1486 2072 1530 spon-

1179 1546 1211 1571 te
1249 1535 1484 1579 subscripfiffe.
1511 1536 1623 1573 Etiam
1655 1536 1815 1572 Eusebius
1837 1537 1979 1579 Ancyrae
1998 1535 2073 1570 Me-

1179 1585 1335 1629 tropolita
1356 1587 1462 1629 palam
1485 1586 1595 1622 innuit
1621 1589 1652 1621 se
1675 1587 1835 1622 invitum.
1865 1586 1934 1621 Soli
1965 1586 2073 1630 Salga-

1180 1636 1275 1670 marii
1299 1636 1456 1681 Episcopi
1476 1637 1591 1679 sponte
1612 1639 1845 1672 consenserunt
1858 1662 1865 1669 .

1229 1686 1477 1720 Duodecimum
1505 1686 1637 1721 tandem
1667 1688 1818 1721 Canonis
1840 1688 1956 1721 vitium
1986 1687 2072 1721 adfi-

1178 1746 1259 1780 gnat
1282 1737 1416 1770 Sanctus
1439 1736 1511 1770 Leo
1532 1736 1707 1777 Pontifeiss
1735 1737 1904 1773 Martiano
1916 1737 2071 1781 Augusto

1180 1785 1320 1820 scribens
1344 1786 1487 1830 Legatos
1509 1786 1583 1820 suos
1604 1790 1669 1828 ejus
1692 1787 1811 1831 causae,
1840 1800 1905 1831 quae
1934 1797 1999 1821 erat
2024 1798 2071 1821 cu-

1177 1837 1300 1876 randa,
1337 1837 1508 1878 definitione
1537 1837 1711 1879 perfunc‘los
1742 1838 1835 1872 fuisse
1860 1849 2003 1872 tentatos
2029 1837 2071 1872 ad

1178 1886 1392 1923 consensum.
1421 1887 1587 1930 Delegatae
1604 1890 1695 1922 enim
1717 1889 1817 1923 causae
1836 1889 1995 1923 terminus
2018 1888 2071 1922 de-

1178 1935 1322 1980 legatum
1344 1936 1488 1978 judicem
1518 1936 1744 1979 jurisdistione
1764 1939 1877 1978 exuit,
1904 1949 2002 1981 atque
2026 1938 2071 1972 itit

1177 1987 1249 2030 post
1271 1986 1369 2027 fidei,
1397 1998 1468 2028 quae
1492 1987 1559 2021 sola
1573 1987 1744 2024 commissa
1767 1988 1894 2028 fuerat,
1920 1989 2072 2023 emissum

1178 2036 1344 2071 decretum
1369 2035 1571 2079 Apostolicis
1594 2037 1730 2083 Legatis
1742 2037 1830 2073 nulla
1855 2049 1922 2072 erat
1940 2039 1980 2073 ad
1991 2049 2071 2073 con-

1177 2086 1305 2122 dendos
1326 2085 1482 2120 Canones
1505 2086 1663 2128 potestas.
1691 2088 1754 2122 Per
1773 2087 1893 2131 ssmiles
1915 2088 1983 2126 vias
2004 2101 2071 2125 cre·-

1179 2137 1226 2170 vit
1247 2137 1281 2169 δε
1303 2145 1400 2170 natus
1422 2133 1467 2169 est
1491 2134 1738 2172 patriarchatus
1761 2132 2071 2185 Canstantinopoli-

1177 2196 1274 2220 tanus
1289 2210 1296 2217 .
1770 2204 1774 2210 ι

1229 2235 1440 2318 Qapropter
1456 2236 1525 2279 jure
1549 2216 1834 2279 Canonemfrbunc
1847 2239 1980 2282 projecit
1991 2240 2070 2276 San·

1176 2286 1245 2319 &us
1295 2296 1335 2319 eo
1348 2285 1505 2320 Pontifex
1517 2311 1527 2327 ,
1554 2284 1870 2332 erratqueAEusebius
1884 2290 2070 2336 Doryleen-

1177 2335 1214 2369 fis
1239 2334 1419 2380 Episcopus
1443 2335 1555 2373 dicens
1576 2338 1618 2372 ad
1637 2337 1726 2377 hanc
1739 2339 1881 2375 nostram
1893 2339 2067 2383 synodum

1174 2386 1215 2421 de
1246 2386 1342 2420 tertio
1365 2386 1507 2421 Canone
1528 2387 1940 2434 „Go‘nstantinopolitanoe
1981 2395 2067 2427 Hane

1174 2436 1317 2480 Regulam
1337 2435 1511 2479 sanc‘ltffimo
1534 2440 1629 2480 Papae
1664 2445 1698 2473 in
1718 2439 1788 2473 urbe
1811 2444 1906 2473 Roma
1929 2452 1978 2484 ego
1997 2441 2067 2475 rele-

1173 2493 1207 2533 gi
1221 2511 1230 2527 ‚
1253 2485 1341 2530 praes
1341 2486 1457 2523 entibus
1478 2489 1602 2522 Clericis
1614 2489 1946 2531 Constantinopolitanis
1959 2515 1969 2530 ‚
1986 2502 2066 2524 eam-

1174 2548 1229 2580 que
1246 2535 1394 2580 suftepit.
1423 2538 1517 2571 Errat
1541 2539 1725 2575 &Nicetas
1745 2540 1901 2574 Nicaenus
1926 2540 2066 2574 scribens

1174 2587 1214 2622 de
1237 2588 1371 2623 laudato
1394 2587 1557 2622 Pontificc
1569 2588 1658 2623 hunc
1673 2589 1849 2623 Canoncm
1861 2590 2040 2624 damnante
2052 2604 2065 2624 .-

1175 2637 1268 2671 Nihil
1287 2645 1345 2682 egit
1360 2663 1371 2680 ,
1397 2650 1435 2670 ex
1455 2650 1486 2670 eo
1506 2645 1586 2671 enim
1616 2647 1743 2685 tempore
1764 2639 2064 2681 Constantinopolita-

1173 2693 1205 2719 m‘
1217 2688 1365 2728 antistites
1385 2695 1509 2730 propria
1529 2699 1680 2722 auxerunt
1692 2714 1699 2721 .
1728 2689 1863 2724 Etenim
1882 2689 1983 2733 longe
2007 2690 2066 2723 ali·

1173 2748 1220 2771 ter
1255 2738 1295 2772 ad
1319 2738 1493 2773 Dardaniae
1517 2738 1700 2783 Episcopos
1721 2739 1829 2774 scribit
1842 2739 1976 2774 Sanstus
1996 2739 2063 2774 Ge·

1174 2787 1284 2821 lalius.
1310 2790 1342 2821 Si
1356 2787 1517 2822 Acaciani
1539 2790 1577 2823 de
1599 2794 1793 2832 Imperatoris
1804 2788 1968 2832 prasentia
1979 2789 2062 2823 blan·
2125 2825 2130 2831 ,
2228 2830 2230 2834 f

1172 2839 1316 2879 diuntur,
1342 2838 1458 2873 &inde
1473 2847 1588 2880 putant
1600 2839 1933 2881 Constantinopolitanae
1952 2844 2061 2875 civita-
2083 2824 2167 2865 Ep¹st'
2193 2835 2238 2864 ¹3⁸

1172 2894 1211 2920 tis
1233 2885 1373 2931 Epiftopi
1388 2895 1532 2932 potiorem
1551 2891 1626 2932 poffie
1635 2890 1703 2932 fieri
1725 2887 1905 2933 personam,
1932 2891 2061 2926 audiant

1174 2941 1361 2972 Martianum
1369 2936 1499 2982 ejusdem
1511 2942 1678 2982 Principem
1697 2946 1832 2974 civitatis
1844 2964 1855 2980 ,
1870 2939 2061 2984 posteaquem

1168 2997 1225 3031 pro
1247 2998 1400 3032 augmento
1419 2989 1502 3022 urbis
1526 2988 1612 3031 ipfius
1633 2991 1796 3024 sacerdotis
1828 2991 1991 3034 intercessor
2013 3002 2062 3034 ac·-⁴

1171 3040 1273 3071 cedens
1298 3048 1401 3072 contra
1423 3041 1554 3083 Regulus
1565 3039 1694 3074 obtinere
1714 3039 1792 3074 nihil
1803 3045 1903 3082 potuit
1916 3065 1927 3082 ,
1940 3039 2060 3083 sanHae

1172 3094 1318 3121 memoriae
1342 3091 1462 3131 Papam
1485 3093 1609 3122 Leonem
1629 3089 1755 3133 summis
1778 3090 1917 3124 laudibus
1926 3089 2059 3133 prosecu-

1171 3148 1233 3171 tum
1247 3162 1257 3177 ‚
1283 3139 1365 3180 quod
1384 3142 1539 3172 Canonum.
1570 3141 1709 3185 Regulasf
1722 3141 1832 3175 violari
1856 3142 1939 3173 nulla
1958 3139 2057 3180 fuerit

1171 3194 1286 3222 ratione
1295 3189 1465 3231 perpessus.
1491 3190 1628 3223 Audiam
1650 3191 1817 3233 Anatolium
1841 3188 2056 3233 ejusdemsedis

1172 3237 1336 3278 antistitem
1348 3261 1359 3277 ,
1402 3238 1521 3272 clerum
1559 3238 2056 3282 pomis*Constantinopolitanum

1171 3299 1259 3331 quam
1278 3286 1310 3332 se
1333 3288 1455 3332 tentaffe
1473 3290 1550 3323 talia
1570 3289 1756 3332 confitentem
1768 3314 1779 3330 ,
1814 3296 1903 3332 atque
1927 3295 1961 3322 in
1981 3294 2056 3332 Apo·

1167 3338 1256 3378 stolici
1276 3336 1421 3381 Praesulis
1451 3346 1541 3373 totum
1572 3341 1718 3374 dicentem
1743 3338 1868 3382 postium
1896 3339 2056 3382 potestate.

1172 3388 1271 3422 Periit
1293 3397 1350 3422 aut
1364 3388 1449 3424 ‚latet
1474 3389 1531 3423 ista
1554 3390 1718 3424 Marciani
1738 3389 1908 3434 Epistola,
1934 3390 2000 3433 ejus
2011 3401 2057 3425 ta·

1173 3449 1246 3472 meu
1279 3438 1512 3482 compendium
1540 3437 1698 3475 habemus
1721 3439 1754 3474 in
1775 3441 1928 3484 responso
1949 3440 2057 3474 Sancti

1173 3488 1317 3526 Leonis.-
1342 3489 1420 3525 whz·
1440 3489 1565 3524 multum
1589 3488 1710 3532 fiducie
1727 3489 1790 3532 est,
1807 3494 1885 3527 VDeo
1915 3497 1974 3531 per
2000 3500 2056 3527 vo:
2076 3512 2161 3551 Epist·
2185 3522 2222 3551 59

1667 3539 1698 3585 E
1946 3547 2006 3584 ope·
2222 3534 2233 3546 ⁸

2090 1069 2246 1106 Ep.62.c.3.

2093 1715 2174 1755 Epist.
2185 1725 2232 1754 53.
