2340 3736
308 93 408 142 270

955 78 1412 128 Avvtnntx

254 262 2085 310 wwwmwwwwwawawmmuwmmmw

253 312 2082 372 mmmmmmmmmemammmmmmmm

318 452 923 541 ACTIO
1014 383 2026 553 Ae'PENDIX,

256 671 627 775 judicans
683 664 999 750 causam
1057 665 1323 750 Photii
1380 666 1823 777 Tyriorum
1909 639 2089 753 Mess

492 782 895 896 tropolitae
969 779 1344 864 adversus
1408 783 1859 868 Eustatium

641 896 1127 1010 Episcopum
1163 896 1711 1009 Berytensem.

477 1114 588 1151 Odem
599 1114 654 1150 die
663 1111 800 1149 discussa
822 1126 860 1149 ac
871 1113 1009 1149 definita
1030 1113 1149 1149 dicitur

502 1167 542 1200 lis
565 1166 606 1200 de
625 1165 694 1208 jure
706 1164 948 1209 metropolitico
970 1166 1054 1199 inter
1062 1164 1147 1198 Pho-

502 1218 587 1250 tium
597 1216 684 1259 Tyri
696 1216 912 1260 Episcopum,
938 1216 1049 1259 primae
1059 1214 1146 1249 Phae-

501 1267 596 1302 niciae
613 1266 866 1309 Metropolitam
879 1291 890 1307 ‚
916 1267 950 1300 &
964 1265 1146 1299 Eustatium

503 1318 539 1351 in
561 1316 673 1351 eadem
687 1316 861 1351 Provincia
881 1316 1080 1360 Episcopum
1091 1314 1148 1349 Be-

264 1371 431 1414 rytensem
451 1395 457 1401 .
486 1366 570 1401 Acta
591 1364 658 1400 haec
680 1366 773 1401 fuisse
793 1367 864 1409 post
886 1366 1063 1401 Actionem
1084 1366 1148 1399 sex-

265 1431 333 1455 tam
353 1419 424 1454 dixi
439 1416 581 1461 superius
604 1419 639 1450 in
653 1415 896 1458 diflertatione,
922 1428 983 1450 nec
994 1417 1059 1450 fine
1079 1417 1149 1449 fun·

267 1471 450 1511 damento;
476 1467 567 1501 aliud
587 1476 695 1500 tamen
718 1465 847 1500 suadere
857 1465 985 1499 videtur
1006 1464 1073 1499 haec
1084 1464 1150 1498 Eu-

268 1520 355 1554 statii
377 1517 560 1552 interceffio
583 1516 625 1550 ad
644 1516 806 1559 gloriosos
824 1515 948 1558 judices
972 1528 979 1548 ε
1006 1515 1148 1555 Piiffimus

269 1574 413 1603 Dominus
438 1566 527 1608 noster
539 1565 717 1608 Imperator
722 1564 796 1606 fidei
818 1562 908 1607 causa
917 1576 967 1596 nos
979 1563 1025 1598 bic
1039 1575 1149 1608 congre-

263 1625 378 1663 gavit,
404 1628 437 1650 ac
443 1617 547 1660 jubete
570 1623 644 1649 ante
664 1621 763 1648 omnia
779 1613 922 1658 subscribi
933 1616 1150 1655 definitionem,

266 1679 300 1703 ut
318 1670 403 1711 prius
426 1667 543 1710 quaestio
561 1665 634 1707 fidei
658 1663 849 1708 absolvatur.
878 1665 970 1709 ‚Quod
982 1663 1012 1707 st
1024 1666 1063 1698 de
1084 1676 1150 1698 mea

264 1731 378 1762 quoque
388 1716 475 1761 causa
489 1715 608 1758 jubetis
621 1726 699 1749 nunc
711 1721 805 1757 quaeri
818 1740 828 1755 ‚
855 1726 911 1749 non
918 1714 987 1758 sum
999 1721 1032 1747 in
1043 1726 1126 1748 mora
1138 1739 1148 1754 ‚

260 1769 320 1814 sed
325 1769 459 1811 protinus
469 1765 659 1810 respondebo.
687 1766 791 1799 Lucet
811 1763 879 1800 haec
890 1765 945 1810 agi
955 1774 1062 1809 coepta
1073 1774 1149 1799 ante

264 1818 342 1853 fidei
368 1817 509 1852 definitae
533 1816 804 1859 subscriptionem
830 1817 863 1850 ὅτ.
882 1815 1060 1849 Αὲὶίοηεῐη
1085 1815 1151 1848 sex-

265 1880 355 1902 tam:
383 1868 506 1902 Tertio
530 1864 660 1900 decimo
674 1866 838 1901 Calendas
848 1865 1054 1900 Novembres
1075 1863 1151 1898 fuis-

268 1922 301 1952 se
325 1919 512 1961 completa,
539 1916 645 1959 palam
670 1915 793 1950 habent
817 1940 828 1956 ,
854 1916 914 1949 nifi
935 1915 1047 1950 vitiata
1068 1915 1150 1955 sint,

267 1970 354 2003 Atta
377 1966 571 2011 synodalia.
601 1967 667 1999 Res
679 1966 723 1999 est
736 1965 877 1999 incerta.

319 2019 374 2051 Ex
387 2017 517 2051 vetusto
537 2027 592 2060 per
603 2017 731 2049 sextum
743 2015 919 2050 Nicaenum
941 2016 1074 2050 firmato
1089 2015 1149 2049 Ca·

266 2079 357 2102 none
368 2066 552 2109 Berytensis
571 2065 710 2099 Ecclesia
734 2064 780 2098 est
801 2067 1000 2110 suffraganea
1012 2066 1149 2109 Tyriae,

267 2129 325 2162 per
335 2117 534 2151 maritimam
552 2116 606 2148 seu
619 2114 756 2158 primam
770 2111 967 2151 Phaeniciam
988 2124 1150 2159 metropo-

267 2169 394 2202 litanae.
422 2167 513 2200 Dum
525 2164 589 2199 lbae
601 2163 751 2199 Edeffeni
761 2166 853 2199 causa
866 2190 877 2206 ,
895 2163 1021 2200 Photio
1043 2167 1076 2199 δε
1087 2166 1151 2200 Eu-

268 2217 369 2252 {iatio
410 2215 475 2258 jam
505 2213 780 2250 contendentibus
801 2238 812 2254 ,
846 2227 903 2258 per
923 2214 1151 2250 Theodosium

270 2267 460 2312 Augustum
472 2264 621 2310 delegata
637 2265 700 2299 fuit
710 2290 720 2306 ,
749 2265 916 2300 Eustatius
926 2265 1032 2308 palam
1044 2264 1151 2300 adhuc

270 2328 342 2351 erat
366 2315 583 2350 Provincialis
610 2316 792 2359 Episcopus
811 2339 822 2355 ,
861 2315 1064 2359 proindeque
1084 2314 1152 2349 haec

269 2366 382 2401 omnis
396 2366 525 2400 novitas
539 2365 583 2399 est
598 2367 687 2399 faetus
711 2366 877 2400 latrocinii
890 2365 1044 2409 Ephesini
1058 2390 1069 2405 ,
1083 2364 1152 2400 '‘ubi

270 2414 291 2450 ὲ
312 2414 506 2460 primoribus
526 2415 680 2448 Dioscori
701 2415 891 2449 satellitibus
913 2417 1017 2450 fuerat
1039 2415 1154 2449 Eusta-

272 2467 339 2501 tius
361 2490 372 2507 ‚
398 2475 494 2508 atque
517 2465 563 2498 ita
585 2465 770 2508 praesentem
796 2465 912 2506 Tyriae
934 2465 1154 2507 metropoleos

270 2516 428 2559 injuriam
452 2516 471 2549 a
497 2515 586 2549 disto
607 2511 802 2549 Theodosio
828 2525 883 2557 per
909 2513 1153 2558 Chrysaphium

272 2564 478 2600 Eunuchum
498 2564 724 2598 circumducto
745 2565 781 2599 in
803 2565 959 2599 facinoris
970 2564 1153 2598 mercedem

273 2616 320 2650 est
341 2616 548 2650 consecutus.
577 2614 740 2658 Principis
762 2614 962 2649 beneficium
985 2614 1155 2648 confirma-

275 2668 324 2699 vit
349 2664 720 2707 Constantinopolitana
744 2664 896 2699 Anatolii
918 2664 1073 2708 Episcopi
1094 2664 1152 2706 Sy-

276 2715 404 2755 nodus,
428 2713 469 2748 de
482 2726 545 2757 qua
570 2714 755 2749 Eustatius:
783 2715 946 2748 Concilium
966 2711 1153 2756 reverendis-

270 2765 406 2807 fimorum
417 2763 628 2808 Episcoporum
638 2764 760 2806 sallum
780 2764 1094 2805 estConstantinopolh
1120 2775 1155 2797 ac

277 2817 353 2848 data
363 2815 492 2858 definitio
500 2814 539 2855 est
550 2839 561 2855 ‚
581 2820 628 2848 cui
638 2820 728 2847 etiam
739 2818 895 2858 Mauimus
906 2815 1062 2847 reverendi
1081 2824 1154 2846 imus

278 2863 439 2907 Episcopus
453 2863 614 2898 Antiochia·
626 2862 810 2908 subscripsit.
837 2864 881 2898 Et
894 2864 998 2897 infra:
1026 2863 1154 2903 Vestram

279 2915 452 2954 Potestatem
474 2917 508 2949 (τ
525 2913 661 2957 sanc‘lam
685 2915 827 2953 synodum
850 2915 953 2954 doceo,
978 2915 1058 2955 quod
1077 2924 1155 2946 nunc

278 2975 339 2996 non
353 2965 441 3007 allego
457 2989 467 3004 ,
490 2974 524 2998 ut
534 2967 651 2997 omnino
661 2970 799 3006 capiam,
822 2961 878 3006 sed
887 2973 919 2995 ut
944 2964 1027 2996 vobis
1036 2962 1154 3006 persua-

278 3014 365 3046 deam
379 3037 390 3053 ‚
416 3016 494 3054 quod
511 3017 713 3048 calumniatus
734 3013 772 3053 cst
793 3025 855 3047 me.
882 3018 986 3056 Neque
1008 3018 1086 3046 enim
1106 3025 1154 3055 ego

279 3060 467 3106 religiofiffimo
491 3068 664 3105 Imperatori
683 3072 788 3106 preces
811 3063 901 3097 obtuli
921 3087 933 3104 ‚
959 3072 992 3096 ut
1015 3065 1154 3101 Berytum

279 3114 459 3153 metropolim
472 3111 607 3152 faceret.
635 3119 700 3147 Nec
719 3116 791 3148 vero
812 3125 862 3156 ego
881 3118 1020 3146 civitates
1044 3111 1154 3154 divifi,

275 3162 335 3204 sed
347 3160 456 3205 sanda
467 3161 567 3202 divifit
589 3166 733 3200 synodus.
762 3164 805 3197 Et
828 3163 997 3197 Maximus
1019 3162 1154 3197 Patriar-

280 3210 341 3244 cha
367 3210 597 3245 Antiochenus
618 3237 623 3243 .
651 3212 769 3245 Charta
791 3213 865 3245 mihi
884 3214 980 3246 allata
1007 3213 1066 3253 est,
1091 3223 1155 3255 quae

282 3260 413 3293 habebat
436 3287 439 3291 .
444 3259 685 3304 subscriptionem
718 3260 881 3303 sanc‘liffimi
918 3261 1158 3306 Archi-Episcopi

282 3312 410 3341 Anatolii
433 3335 442 3350 ‚
468 3322 555 3352 quem
576 3322 627 3353 ego
643 3308 770 3352 sequens
790 3309 959 3352 subscripsi.
987 3312 1030 3347 Et
1052 3313 1158 3347 infra.-

282 3362 382 3391 Eram
403 3359 646 3401 Constantinopoli
666 3384 676 3400 ,
702 3361 766 3392 cum
787 3363 857 3392 vero
879 3361 1039 3394 Concilium
1049 3364 1086 3395 de
1108 3362 1160 3396 hoc

282 3408 461 3448 baberetur,
486 3421 542 3441 non
566 3409 653 3451 adfui
667 3433 679 3451 ‚
698 3408 757 3454 sed
768 3408 840 3443 mibi
866 3409 972 3445 charta
996 3413 1091 3447 allata
1102 3411 1160 3453 est,

1174 3493 1183 3552 l

1208 1116 1243 1149 (9⁹
1260 1111 1432 1159 subfiripsi.
1460 1116 1543 1150 Non
1553 1115 1594 1150 ad
1606 1117 1675 1150 suas
1686 1115 1874 1152 ambitiosas
1885 1127 2013 1161 preces,
2036 1115 2090 1150 sed

1209 1166 1353 1210 gratioso
1379 1165 1541 1209 Principis
1570 1176 1665 1201 motu
1690 1166 1855 1202 civitatem
1882 1169 1973 1202 suam
2003 1166 2094 1201 fuisse

1209 1215 1385 1250 exaltatam
1407 1216 1572 1251 Eustatius
1593 1217 1771 1252 adseverat.

1258 1266 1382 1310 Legem
1407 1266 1630 1301 exaltatricem
1655 1290 1666 1306 ‚
1698 1267 1855 1302 donatam
1882 1265 1945 1301 hac
1970 1265 2093 1301 titulari

1211 1315 1418 1360 Epigraphe‚
1446 1320 1491 1350 De
1511 1317 1664 1358 Metropoli
1675 1320 1799 1356 Beryto,
1825 1317 1934 1351 codici
1958 1317 2017 1351 suo
2041 1317 2093 1360 Ju-
2115 1313 2202 1344 LU-
2223 1313 2269 1343 tit·

1211 1366 1368 1400 stinianus
1380 1366 1550 1412 Augustus
1569 1366 1726 1400 inseruit:
1755 1370 1881 1409 Propter
1894 1368 2024 1407 multas,
2043 1368 2098 1407 Ju-
2116 1364 2162 1384 ²¹·
2194 1365 2197 1369 '

1205 1414 1274 1458 stas
1267 1426 1320 1457 que
1330 1414 1433 1459 causas
1446 1417 1666 1458 metropolitano
1677 1422 1792 1451 nomine
1809 1429 1844 1451 ac
1855 1418 2008 1461 digmtate>
2022 1422 2102 1450 civi-v

1211 1474 1305 1499 tatem
1330 1467 1468 1504 Berytum
1494 1468 1673 1500 decernimus
1693 1468 1899 1500 exornandam
1912 1492 1921 1507 ,
1939 1469 2011 1508 jam
2028 1463 2094 1508 suls

1211 1515 1379 1549 virtutibus
1389 1524 1557 1548 coronatam
1568 1540 1575 1547 .
1594 1521 1698 1558 Itaque
1707 1516 1768 1549 baec
1778 1529 1886 1560 quoque
1895 1517 2093 1559 metropolita-

1211 1577 1282 1597 nam
1293 1564 1404 1599 habeat
1425 1567 1604 1610 dignitatem
1614 1591 1622 1599 .
1650 1569 1722 1605 Tno
1742 1567 1819 1600 nibil
1829 1568 1867 1600 de
1870 1569 1942 1608 ‚iure
1946 1565 1999 1609 suo
2011 1568 2103 1599 dero-¹

1205 1624 1290 1658 getur
1302 1641 1309 1647 .
1336 1618 1357 1648 5
1359 1620 1384 1648 it
1404 1617 1458 1648 illa
1479 1625 1577 1649 mater
1596 1618 1763 1650 Provinciae
1782 1618 1931 1658 Majorum
1941 1614 2098 1656 nostrorum

1210 1663 1367 1707 beneficio,
1392 1664 1456 1699 baec
1476 1665 1568 1707 nostro
1587 1678 1595 1699 z
1622 1669 1668 1699 Et
1690 1676 1816 1708 utraque
1842 1667 1992 1710 dignitate
2006 1664 2104 1707 fimllt

1207 1714 1400 1757 perfruatur.
1429 1715 1567 1758 Jacobus
1589 1715 1783 1758 Cujacius&
1796 1716 1977 1760 Dionysius
1992 1716 2100 1750 Goto-

1210 1763 1317 1800 fredus
1341 1764 1467 1800 addunt
1489 1765 1649 1800 Scholion
1662 1779 1674 1799 .-
1700 1768 1873 1808 Metropoles
1895 1768 2007 1799 duaein
2019 1767 2100 1804 syria

1212 1815 1349 1849 Phaenice
1373 1817 1498 1854 Berytus
1519 1817 1554 1848 (ν
1574 1818 1668 1854 Tyrus
1679 1828 1694 1857 ,·
1719 1825 1752 1849 ut
1767 1821 1800 1848 in
1812 1819 1904 1848 Ponto
1916 1812 2052 1856 Amasaea
2063 1815 2097 1847 Θ

1210 1863 1362 1908 Caesaraea
1383 1878 1396 1905 ‚¹
1421 1867 1456 1898 6·
1480 1870 1512 1897 in
1536 1865 1728 1907 Cappadocia
1747 1863 1898 1908 Caesaraea
1917 1866 1952 1898 (9⁴
1975 1867 2097 1903 Tyana.

1212 1914 1381 1950 Labuntur
1396 1913 1499 1949 varie.
1527 1915 1664 1948 Etenim
1674 1914 1874 1948 Phaeniciam
1886 1913 2100 1952 maritimam,

1211 1965 1300 2009 quod
1323 1963 1436 1999 Ponto
1457 1964 1699 1999 Constantinus
1724 1965 1759 1999 δε
1783 1964 1998 2006 Cappadociae
2020 1965 2098 1998 fecit

1211 2014 1337 2049 Valens
1349 2039 1360 2055 ,
1385 2014 1525 2048 civiliter
1535 2026 1604 2049 non
1616 2014 1721 2048 divisit
1738 2013 1949 2048 Theodosius
1961 2037 1972 2054 ‚
1998 2023 2098 2056 atque

1211 2065 1256 2098 ita
1279 2076 1347 2098 non
1370 2064 1584 2108 potestatem,
1611 2064 1665 2098 sed
1678 2064 1780 2098 solam
1793 2063 1886 2098 vacui
1896 2062 2101 2101 nominisd'ae

1211 2115 1375 2159 gnitatem
1398 2114 1677 2158 metropoliticam
1695 2114 1947 2158 multiplicavit.
1973 2113 2042 2155 Ipsa
2054 2112 2099 2146 le-

1212 2165 1263 2210 gis
1292 2164 1387 2198 verba
1408 2163 1514 2208 palam
1536 2162 1568 2198 id
1579 2164 1772 2208 profitentur
1786 2188 1794 2196 .
1819 2164 1930 2198 Etiam
1942 2162 2098 2206 posterio-

1212 2214 1300 2249 ribus
1320 2213 1520 2258 temporibus
1531 2215 1659 2258 nequiit
1669 2215 1704 2249 in
1717 2212 1854 2259 gradum
1866 2213 2017 2248 altiorem
2028 2223 2100 2256 pro·

1213 2266 1308 2299 ficere
1330 2264 1487 2307 Berytus.
1515 2264 1647 2299 Etenim
1668 2265 1687 2298 a
1715 2264 1898 2308 justiniano
1922 2261 2008 2309 nihil
2020 2272 2102 2307 aug-

1213 2315 1315 2349 menti
1338 2314 1462 2357 accepit
1478 2337 1489 2354 ‚
1514 2314 1548 2348 &
1569 2315 1587 2348 a
1611 2315 1784 2349 recentiori
1800 2312 2047 2349 Provinciarum
2060 2323 2121 2354 ac*

1213 2365 1468 2408 Episcopatuum
1492 2364 1534 2399 ad
1561 2363 1810 2399 Antioche-num
1838 2361 2099 2397 Patriarchatum

1215 2416 1428 2458 spestantium
1450 2415 1593 2454 notitia,
1619 2425 1673 2457 per
1696 2413 1916 2447 Guilielmum
1935 2411 2025 2455 Tyri
2038 2410 2100 2445 Ar-

1215 2464 1479 2508 chi-Episcopum
1492 2463 1646 2506 producta
1657 2464 1692 2498 in
1706 2462 1797 2496 libris
1816 2461 1856 2496 de
1867 2461 1957 2496 bello
1968 2462 2079 2495 sancto
2088 2483 2099 2498 ‚

1214 2513 1386 2548 dumtaxat
1407 2513 1533 2547 locatur
1556 2514 1641 2547 inter
1660 2515 1734 2546 osto
1755 2523 1809 2556 per
1830 2513 1862 2546 se
1876 2512 2018 2552 stantes,
2043 2511 2100 2545 seu

1213 2564 1312 2600 solius
1323 2564 1469 2597 nominis
1481 2564 1514 2597 δε
1527 2562 1662 2597 honoris
1673 2562 1877 2606 Metropoles
1888 2587 1897 2595 .

1263 2611 1503 2647 Theodofianae
1525 2613 1607 2657 legis
1630 2613 1789 2647 motivam
1811 2613 1973 2647 rationem
1994 2611 2102 2655 conje-
2117 2605 2268 2638 1⁰¹²·ffl4

1214 2667 1304 2698 &uro
1325 2675 1365 2697 ex
1383 2663 1521 2706 Synodo
1542 2663 1650 2706 Tyria
1674 2664 1707 2696 in
1729 2663 1822 2696 causa
1845 2661 1909 2696 lbae
1923 2661 2074 2696 Edem-‚ni
2089 2686 2101 2701 ,

1215 2714 1373 2757 Berytum
1397 2722 1534 2747 vocante
1558 2713 1746 2747 Romanam
1759 2711 1937 2746 Coloniam
1951 2736 1962 2752 ,
1987 2711 2021 2745 &
2032 2711 2101 2755 pul-

1214 2763 1327 2798 chram
1348 2763 1515 2798 civitatem
1528 2787 1539 2802 ‚
1565 2762 1782 2804 laudanteque
1804 2773 1928 2796 novum
1946 2762 2015 2804 ejus
2026 2761 2107 2805 Epi-

1214 2815 1364 2858 scopium
1380 2814 1412 2846 &
1438 2824 1558 2846 novam
1578 2813 1752 2847 Ecclesiam
1766 2838 1773 2844 .
1801 2812 1880 2845 Huc
1898 2813 1989 2846 enim
2011 2812 2102 2854 respi-

1215 2866 1306 2899 ciunt
1331 2863 1399 2897 haec
1419 2862 1500 2907 legis
1519 2861 1614 2897 verba
1623 2861 1664 2896 de
1676 2863 1820 2905 Beryto:
1840 2860 1996 2907 Jamsuis
2009 2866 2104 2895 virtu-

1215 2914 1291 2948 tibus
1313 2921 1481 2946 coronatam
1492 2938 1499 2944 .
1528 2913 1740 2956 Episcopium
1752 2912 1786 2945 δε
1799 2911 1977 2946 Ecclesiam
1991 2911 2106 2946 Eusta-

1218 2966 1283 2998 tius
1310 2974 1365 2997 aut
1390 2962 1563 2997 aedificarat
1590 2972 1646 2997 aut
1673 2964 1867 3006 perfecerat,
1893 2971 1992 3005 atque
2015 2962 2059 2995 ita
2080 2960 2101 2995 ὲ

1219 3014 1372 3056 Principe
1389 3022 1546 3046 meruerat
1560 3024 1681 3047 nomen
1696 3012 1914 3056 metropoleos
1925 3023 1962 3046 ac
1980 3011 2105 3045 Metro-

1224 3064 1348 3107 politae.
1376 3062 1503 3096 Verum
1515 3063 1579 3096 fine
1589 3063 1806 3108 Suffraganeis
1817 3073 1854 3096 ac
1867 3061 2042 3105 potestate,
2067 3059 2101 3093 dc

1221 3115 1301 3148 citra
1312 3123 1445 3147 omnem
1466 3112 1582 3154 Tyriae
1595 3112 1814 3156 metropoleos
1826 3112 1974 3155 injuriam
1985 3121 2022 3144 ac
2031 3118 2108 3142 mu-

1222 3164 1406 3198 tilationem
1419 3187 1426 3194 .
1440 3161 1593 3205 Amplius
1601 3163 1692 3197 enim
1704 3173 1784 3197 tunc
1794 3160 1836 3196 ab
1847 3161 1999 3206 Augusto
2011 3157 2106 3191 Prin.

1223 3214 1293 3257 cipe
1313 3213 1382 3246 dari
1404 3222 1473 3247 non
1500 3214 1659 3256 potuine,
1685 3212 1731 3247 est
1752 3214 1811 3246 suo
1831 3211 1906 3245 loco
1916 3207 2101 3244 ostensum·

1225 3263 1276 3297 Ex
1295 3262 1430 3297 advenis
1455 3262 1785 3306 Constantinopolim
1805 3258 1971 3303 Episcopis
1992 3257 2103 3291 nescio

1223 3324 1322 3357 quam
1342 3312 1515 3356 Synodum
1539 3313 1618 3347 fecit
1640 3311 1771 3355 interim
1782 3307 1978 3345 Anatolius‚
2003 3307 2022 3340 ὲ
2039 3318 2104 3350 qua.

1225 3361 1500 3405 metropoliticam
1514 3374 1647 3406 quoque
1659 3361 1847 3406 potestatem
1861 3356 1974 3391 donari
1990 3381 2000 3396 ‚
2026 3355 2105 3390 adfi-

1225 3412 1406 3460 fignarique
1426 3413 1642 3458 suffraganeas
1664 3410 1812 3447 civitates
1823 3405 2106 3463 flagitavit-Eusta-

1972 3467 2058 3495 tius,
