2340 3736
549 112 1749 168 D2C0ne111oEpnes1N0.
1918 128 1987 184 ²5*

233 209 275 243 sia
287 232 300 250 ‚
324 206 373 242 uti
385 203 492 242 scribit
513 204 696 249 frequenter
706 204 841 239 Sanetus
861 202 932 239 Leo
942 214 1042 248 agens
1064 202 1104 238 de

62 245 151 287 ¹⁴:5³1st-
170 257 183 286 5
190 256 216 286 5·
231 257 483 295 confirmatione
502 255 630 299 Synodi
652 252 925 289 Chalcedonensis
939 278 951 294 ,
975 265 1012 288 ea
1035 253 1102 288 sola

61 296 88 319 co
97 298 119 318 1.

231 306 424 344 confirmare
446 307 480 341 so
485 306 528 340 let
539 331 551 348 ,
571 313 697 348 propter
717 317 784 348 quae
794 306 923 344 synodus
948 314 1102 347 congrega-

231 365 299 399 tur,
324 357 360 392 δε
371 355 412 394 de
420 356 538 402 quibus
548 356 565 389 ὲ
576 355 734 390 Romano
743 355 909 399 Episcopo
920 351 1017 386 habet
1029 363 1101 395 prae-

230 407 317 442 viam
328 406 571 444 instructionem
581 431 593 447 ,
618 405 806 449 suffiagium
819 427 830 443 ‚
849 403 883 436 δε
893 400 1082 437 mandatum
1093 427 1100 433 .

229 456 370 493 Causam
379 456 481 492 edicit
492 455 640 502 Vigilius
651 454 807 490 Pontifex
817 453 851 486 in
863 452 923 486 suo
946 450 987 485 ad
1008 451 1102 494 Justi-

229 506 366 541 nianum
393 504 581 552 Augustum
592 505 632 540 de
641 504 742 539 tribus
754 501 916 544 Capitulis
933 500 1101 536 Constitu-

228 566 266 591 to
277 581 285 588 .
314 555 455 597 Nostrum
466 556 619 600 Episcopi
630 555 666 587 in
677 552 791 597 quinta
805 550 944 594 synodo
965 562 1100 598 congre·

227 605 298 652 gati
308 606 455 641 debebant
477 606 628 648 definttusn
639 602 678 635 de
687 601 782 635 tribus
793 602 945 643 Capitulis
959 599 1100 644 sustinere

228 654 399 700 responfiam
409 680 421 698 ‚
445 660 601 696 antiquum
624 653 659 686 <5
668 651 836 696 regularem
856 653 990 685 ordinem
1015 651 1100 692 custo-

227 708 345 741 dientes
356 732 367 750 ‚
380 717 416 740 ne
426 712 497 738 ante
509 701 613 743 nostrae
624 725 636 743 ,
645 703 683 734 id
690 701 730 743 est
739 727 751 743 ,
764 701 931 745 Apostolicae
940 703 1025 736 Sedis
1030 709 1097 744 pro-

229 752 598 800 mulgationeml'etrtentiae
609 753 774 795 quidquam
779 752 916 794 proferre
925 760 1077 786 tentarent
1088 778 1094 784 .

57 816 123 851 Ast.
141 827 183 849 10.
228 806 275 840 Et
285 803 437 850 Synodus
456 799 757 838 Chalcedonensis:
783 803 858 842 M¹ffi
867 801 1099 846 Apostolicisem-

222 860 322 900 per-in
329 854 448 893 anodts
456 854 544 896 priris
552 854 634 896 loqui
655 852 888 895 &confirmarffi
916 850 1003 886 idest
1015 875 1025 891 ‚
1051 864 1097 887 ar-

225 905 342 942 ticulos
360 903 418 938 fibi
440 914 495 948 per
511 902 710 939 Pontificem
732 902 899 948 delegatos
917 913 1097 946 proponere

224 957 259 990 &
279 955 338 989 suo
358 952 511 1000 susti-agio
541 952 728 999 qualificare
754 951 838 997 filit}
853 952 928 996 siant
948 978 954 985 .
983 952 1097 1000 Qare

223 1005 356 1042 Marcus
367 1003 538 1041 Antonius
565 1002 607 1040 de
617 1002 777 1043 Dominis
792 1027 806 1046 ‚
830 1003 963 1049 ejusque
980 1002 1097 1038 satelli-

1166 210 1214 236 tes
1224 199 1442 246 ignorantiam
1459 200 1549 234 suam
1564 203 1704 245 produnt
1721 204 1756 238 &
1766 204 2045 249 malevolentiam,

1166 251 1245 286 dum
1260 250 1377 284 Sedem
1397 249 1626 294 Apostolicam
1646 278 1658 295 ‚
1687 254 1891 298 proponendi
1912 256 1962 299 jus
1983 258 2045 293 fibi

1169 302 1202 336 in
1240 299 1441 337 Tridentina
1461 300 1598 344 synodo
1617 303 1874 346 adscribentem,
1901 316 2044 351 arguunt

1167 351 1280 384 invasae
1297 351 1501 395 &usurpatae
1519 350 1701 395 potestatis.
1729 354 1778 389 At
1800 354 1879 389 vero
1902 354 1944 389 de
1967 357 2043 390 solis

1166 400 1320 435 Nestorio
1343 412 1381 435 ac
1403 400 1591 446 pelagianis
1609 400 1744 443 judicari
1765 415 1820 448 per
1849 402 2043 449 Ephe-finam

1165 451 1338 494 Synodum
1357 450 1485 493 jusserat
1498 450 1683 486 celestinus
1694 451 1875 496 Pontifex,
1901 453 2044 499 ideoque

1166 499 1220 535 illa
1238 500 1329 541 sola,
1354 508 1522 546 tamquam
1546 512 1658 535 verum
1682 504 1842 546 generalis
1851 503 1979 548 synodi
2001 503 2045 537 vi-

1164 561 1277 595 gorem
1298 550 1453 586 habentia
1473 576 1484 593 ‚
1513 550 1602 586 idem
1625 551 1682 584 ille
1706 551 1740 585 &
1762 551 1831 595 ejus
1854 555 2046 590 successores

1164 599 1417 644 confirmarunt,
1445 601 1616 636 Eaeutem
1628 600 1714 637 inter
1725 601 1770 636 est
1788 603 1927 637 omnino
1937 605 2045 641 decre·

1165 659 1234 684 tum
1248 651 1289 685 de
1299 663 1367 686 non
1379 651 1550 687 alterando
1562 651 1702 686 Nicaeno
1722 651 1904 695 Symbolo:
1930 654 2044 698 utpote

1164 701 1284 734 fastum
1314 701 1355 736 ad
1385 700 1566 737 fraenandos
1604 702 1820 751 Nestorianos
1853 702 1887 736 &
1910 705 2044 746 quosviss

1162 750 1315 794 deinceps
1337 751 1420 786 alios
1440 753 1533 788 ausus
1553 753 1744 793 temerarios
1767 748 1946 789 in1.'avitat'n
1959 750 2044 786 tesse-

1164 812 1231 835 ram
1242 800 1518 837 Christianitatis.
1546 802 1691 847 Reliqua
1702 806 1813 839 tamon
1823 802 1907 838 Ana
1923 826 1934 843 ,
1955 803 2045 846 quod

1163 851 1204 885 de
1225 852 1331 895 primo
1342 851 1483 887 Canone
1503 852 1882 897 Constantinopolitano
1904 852 1946 888 ad
1959 852 2046 887 Leo·

1165 912 1240 935 nem
1262 902 1452 948 Augustum
1469 903 1591 947 scripsit
1613 903 1774 949 Evoptius
1797 903 1978 948 Episcopus
1989 902 2048 937 Ci-

1164 952 1294 986 zicenus
1324 975 1336 992 ,
1366 952 1482 987 veritas
1512 952 1750 991 confirmarunt
1773 955 1807 990 &
1830 962 1958 999 tempus
1975 978 1986 994 ²
2011 953 2047 987 &-

1165 1001 1250 1046 apud
1267 1002 1405 1039 Latinos
1425 1002 1555 1049 &apud
1566 1002 1697 1041 Graeeos
1706 1031 1714 1039 .

302 3501 413 3543 christ.
429 3503 509 3546 Lupi
516 3507 604 3554 φιν.
617 3506 696 3538 Tam.
707 3504 747 3536 Π.
