2340 3736
363 130 465 174 296

101 204 198 243 Epist·
220 209 262 236 18-
279 208 316 241 in
343 203 545 239 Thracicam
566 206 599 240 ὃς
621 205 797 240 Ponticam
820 203 993 244 dioecesin,
1019 206 1053 238 ὅς
1078 204 1173 248 hujus

103 255 128 276 ε·
153 258 175 276 ¹·
279 256 453 300 praes'ertim
484 255 711 292 viciniffimam
739 255 946 291 Provinciam
976 255 1174 298 Bithynien-

280 308 347 341 sem
361 305 510 340 invadere
523 317 662 349 coeperat
689 306 818 340 Sanctus
829 307 969 350 Joannes
981 304 1173 347 Chrysosto-

282 367 374 397 mus,
410 355 540 399 ejusque
574 357 764 391 successores
784 356 1037 390 continuarant:
1079 353 1173 390 Hinc

281 407 388 449 ipsum
401 417 469 439 non
490 405 581 444 laedi,
606 404 752 450 adeoque
778 404 1069 447 Basilonopolitani
1097 404 1175 447 Epi-

285 458 375 500 scopi
395 457 672 492 consecrationem
695 456 915 498 Metropolitae
926 454 1174 488 Nicomediensi

286 506 444 551 privative
460 517 526 539 non
540 506 675 541 adscribi
691 503 805 539 AEtius
814 504 1008 548 postulavit.
1037 505 1085 537 At
1106 504 1176 547 qui-

286 558 363 590 dam
375 555 555 590 Canonum
565 557 659 591 zelofi
674 556 827 598 Episcopi
852 554 1089 589 reclamarunt:
1117 559 1177 587 Ca-

286 617 374 640 nones
412 614 554 647 teneant,
590 606 760 639 Canonibus
787 603 940 647 satisfiat.
981 605 1025 638 Et
1050 604 1176 648 placuit

288 656 624 702 gloriosisiudicibus.
653 656 846 689 Hincenim
857 654 986 697 Synodi
1011 652 1052 688 de
1074 654 1177 689 Nicae-

287 708 325 741 ni
343 705 504 751 dignitate
516 706 686 741 dumtaxat
705 704 885 745 nominali,
916 706 949 739 &
962 705 1057 748 plena
1072 705 1175 739 Nico-

288 756 460 792 medienfis
479 754 718 799 metropolitica
741 755 898 799 potestate
917 753 1076 798 judicium
1098 767 1175 790 con-

287 807 456 841 firmarunt
478 830 489 846 ,
526 817 563 839 ac
587 805 677 839 AEtii
706 806 983 849 postulationibus
1008 803 1175 848 responde

284 868 383 893 runt:
411 859 611 906 ,Quascumque
628 854 694 899 sedi
707 855 1042 898 Constantinopolitanae
1065 857 1100 888 de
1119 854 1174 896 fa-

288 908 403 942 ciendis
415 906 647 940 ordinationibus
668 912 701 938 in
712 909 883 939 Provinciis
896 912 1063 947 competunt
1077 928 1088 945 ‚
1112 904 1176 940 baec

282 955 337 1003 suo
349 957 449 990 ordine
459 956 712 990 examinabuntur
725 980 732 987 .
745 955 867 999 AEquae
877 955 1042 989 sententiae
1052 956 1175 998 gratias

287 1008 357 1051 egit
370 1006 579 1045 Eunomius,
606 1007 640 1039 ὃ(
661 1005 833 1048 adjunxit:
872 1006 968 1049 Diligo
994 1005 1173 1047 Archi-Epi-

282 1055 401 1104 scopum
418 1054 656 1099 splendidiffimae
680 1054 963 1097 Constantinopolis.
1006 1055 1056 1092 At
1081 1055 1173 1092 dum-

287 1104 389 1143 modo
399 1106 506 1141 aliena
518 1105 586 1149 jura
597 1116 667 1140 non
678 1105 811 1142 invadat
827 1131 834 1142 .

474 1380 775 1428 ACTIO
844 1383 995 1429 XIV.

376 1510 458 1546 Ctio
469 1521 581 1554 quarta
593 1512 723 1546 decima
740 1535 751 1552 ,
778 1513 860 1545 fasta
881 1512 985 1555 pridie
1008 1510 1173 1545 Kalendas

400 1562 630 1602 Novembres,
669 1559 814 1595 discuffit
840 1564 967 1595 causam
1002 1560 1171 1596 Sabiniani

279 1616 313 1647 ἀ
337 1610 534 1651 Athanasii,
560 1611 835 1645 contendentium
855 1611 896 1646 de
907 1608 1072 1646 Parrhensi
1097 1611 1168 1654 Epi-

281 1665 414 1706 scopatu
440 1662 476 1696 in
512 1661 687 1696 Provincia
719 1661 916 1697 Eufratesia.
957 1660 1171 1695 Athanasium

279 1714 438 1747 Domnus
468 1710 657 1746 Patriarcha
699 1708 934 1746 Antiochensis
973 1711 1173 1755 synodaliter

279 1762 489 1808 degradarat‚
524 1774 562 1797 ac
597 1773 640 1796 ex
671 1761 762 1796 illius
789 1763 871 1805 jussu
895 1761 1077 1805 Stephanus
1099 1761 1173 1796 Me-

279 1813 438 1858 tropolita
461 1812 735 1856 Hieropolitanus
758 1813 792 1846 in
814 1813 882 1856 ejus
906 1814 1016 1847 locum
1044 1811 1172 1846 ordina—

279 1875 329 1898 rat
353 1863 588 1905 Sabinianum3
615 1873 648 1896 at
676 1862 751 1896 vero
781 1863 815 1897 in
843 1862 1009 1906 Ephesino
1043 1862 1172 1897 latroci-

278 1915 339 1947 nio
378 1914 559 1947 Dioscorus
591 1912 771 1948 restituerat
798 1912 1013 1947 Athanasium
1031 1936 1042 1952 ,
1067 1912 1170 1955 ejecto

278 1963 463 1999 Sabiniano
477 1988 488 2003 ‚
525 1963 559 1995 ὅ(
586 1962 721 2005 quidem
742 1972 804 1995 nec
823 1962 939 1996 audito
961 1973 1022 1996 nec
1046 1961 1167 1996 citato.

278 2015 392 2061 Qare
412 2012 466 2046 hic
477 2012 592 2046 omnia
612 2011 787 2046 Marciano
809 2010 963 2056 Augusto
987 2011 1021 2045 &
1043 2013 1171 2054 praesen-

278 2065 308 2098 ti
333 2063 472 2104 Synodo
494 2061 623 2103 questus
646 2062 711 2099 est,
735 2062 874 2105 reparari
900 2062 1069 2105 postulans
1091 2084 1102 2100 ,
1127 2062 1169 2095 le-

276 2113 401 2156 stisque
425 2112 520 2156 ipsius
544 2110 663 2145 libellis
686 2110 818 2155 gloriosi
841 2111 964 2154 judices
978 2112 1051 2145 sunt
1072 2111 1170 2145 inter-

278 2163 384 2198 locuti
397 2175 404 2195 :
432 2161 622 2205 Respondeat
637 2159 815 2203 Athanasius
829 2162 1082 2202 reverendiffimus
1094 2164 1171 2203 Epi·

277 2213 399 2258 fiopus.
426 2211 611 2255 Respondit
621 2211 677 2245 ille
689 2211 750 2245 sea
765 2211 828 2244 suis
841 2211 978 2246 Clericis
998 2211 1090 2245 fuiffe
1102 2211 1170 2255 qui-

280 2265 358 2298 dem
371 2263 556 2297 accusatum
567 2261 607 2295 de
630 2261 748 2300 variis,
773 2261 1170 2304 damnatumqueaDom-

280 2325 330 2348 no
354 2325 363 2355 3
391 2312 503 2347 verum
526 2310 595 2354 ejus
616 2311 787 2355 Synodum
810 2312 904 2346 fuisse
925 2311 1144 2355 praedatoriam
1159 2336 1169 2351 ,

280 2362 398 2407 utpote
411 2364 501 2396 sacrae
512 2358 730 2405 delegationis
745 2387 756 2402 ‚
779 2373 835 2404 per
857 2362 990 2396 Sanstos
1002 2361 1168 2405 Cyrillum

282 2415 317 2448 δε
340 2411 497 2446 Proclum
524 2410 668 2455 probatae
696 2413 1003 2454 praevaricatricem,
1030 2411 1169 2454 ideoque

282 2465 316 2498 :se
327 2461 446 2506 Ephesi
463 2461 609 2505 legitime
621 2461 803 2495 restitutum
819 2486 826 2493 .
853 2461 1102 2496 Antiochenam
1112 2463 1170 2504 Sy·

282 2513 411 2548 nodum
421 2511 694 2555 postulavitlegi,
719 2511 799 2545 &se
822 2523 863 2545 ex
884 2511 976 2549 Actis
1003 2510 1070 2554 ejus
1088 2511 1170 2554 judi·

284 2563 372 2598 cari.
401 2563 498 2596 Lecta
510 2560 593 2602 fuit,
620 2561 737 2594 &tum
747 2561 880 2605 gloriosi
892 2561 1017 2604 judices
1029 2562 1103 2595 sunt
1122 2560 1171 2594 in-

283 2612 412 2648 terfati:
440 2614 472 2645 51·
490 2617 539 2653 qui
562 2623 662 2644 eorum
674 2634 685 2651 ‚
713 2615 762 2652 qui
783 2620 853 2645 tunc
871 2622 936 2645 cum
958 2615 1071 2644 Domno
1088 2612 1172 2652 depo-
1196 2609 1199 2624 l

283 2662 406 2707 suerunt
437 2660 649 2702 Athanasium,
674 2660 811 2702 adsident
838 2663 943 2695 Sant‘lo
964 2662 1112 2701 Concilio,
1138 2666 1170 2694 in

287 2714 416 2746 medium
431 2709 604 2755 transeant.
645 2711 690 2745 Et
710 2711 818 2745 statim
840 2712 1033 2754 prodierunt
1059 2708 1172 2745 Theo-

288 2764 386 2797 dorus
410 2762 635 2796 Damascenus
646 2785 657 2801 ‚
693 2760 730 2793 T
732 2760 906 2796 heostistus
945 2760 1149 2796 Berrhaeensis
1162 2786 1171 2802 ,

288 2813 467 2847 Gerontius
492 2810 700 2846 Seleucienfis
723 2811 759 2844 in
780 2812 871 2854 Syria
885 2837 896 2853 ,
923 2812 1108 2846 Damianus
1125 2810 1172 2845 Si-

288 2862 453 2896 donienfis
465 2886 475 2902 ,
501 2860 619 2905 Joseph
631 2860 903 2903 Heliopolitanus
917 2886 927 2901 ,
956 2861 1077 2896 Sabbas
1102 2860 1172 2895 Pal.

288 2912 409 2951 tensis,
435 2912 467 2945 &
494 2911 695 2955 Sophronius
730 2910 1013 2962 Constantinenfis
1040 2911 1174 2954 Episco-

290 2972 369 3004 pus,
398 2962 582 2996 attestantes
607 2959 825 2995 Athanasium
841 2985 853 3002 ‚
877 2966 946 2995 non
973 2961 1107 3004 quidem
1129 2960 1174 2995 ob

291 3010 426 3054 probata
436 3011 571 3045 crimina
586 3036 598 3053 ,
622 3009 675 3046 sed
684 3010 730 3046 ob
751 3011 994 3046 contumaciam
1015 3010 1110 3045 fuisse
1132 3011 1174 3046 le-

291 3058 408 3104 gitime
418 3059 608 3095 damnatum
619 3086 626 3093 .

343 3109 588 3155 Quaregloriosi
612 3111 732 3154 judices
756 3111 974 3147 Athanasium
995 3120 1173 3157 rogarunt,

294 3171 352 3194 cur
362 3159 493 3192 tertium
504 3159 522 3192 a
535 3161 671 3196 Domno
689 3163 806 3197 citatus
817 3174 887 3196 non
901 3161 1043 3196 adfuerit
1055 3186 1065 3201 ‚
1087 3162 1173 3205 apud

294 3208 467 3252 Synodum
487 3210 518 3242 se
550 3221 757 3254 purgaturus.
792 3212 996 3256 Respondit:
1023 3214 1175 3255 ,Quoniam

295 3264 431 3291 inimicus
455 3269 535 3292 meus
555 3269 622 3292 erat
642 3259 722 3303 agust,
747 3267 797 3302 qui
812 3262 975 3302 judicabat
988 3286 999 3302 ‚
1027 3261 1175 3295 Antioche-

298 3317 373 3339 nus.
416 3309 576 3352 Exceptio
612 3320 682 3343 non
717 3311 877 3354 purgabat
910 3312 1174 3352 contumaciam,

300 3356 440 3398 ideoque
450 3358 580 3402 gloriosi
601 3358 724 3402 judices
745 3361 940 3394 censuerunt
961 3359 1174 3395 Athanasium

298 3405 444 3452 legitime
475 3407 686 3453 damnatum,
720 3408 867 3455 legitime
887 3410 966 3445 item
986 3422 1173 3455 promotum

975 120 1436 171 AoPeNDtx

1242 206 1481 246 Sabinianum,
1512 212 1608 253 atque
1628 211 1673 244 ita
1691 210 1728 245 in
1757 211 1954 259 Episcopatu
1978 227 2125 253 manute-

1241 255 1407 290 nendum·
1435 254 1602 305 Addiderat
1615 258 1797 298 Athanasio
1807 263 1892 298 intra
1912 267 1985 300 octo
1997 269 2124 303 menses

1239 305 1257 339 a
1278 305 1434 339 Maximo
1461 304 1648 342 Patriarcha
1671 308 1886 349 Antiocheno
1914 314 1954 350 de
1985 317 2121 361 objectis

1238 355 1321 388 olim
1333 353 1527 391 criminibus
1540 354 1783 394 instaurandum
1802 360 1962 405 judicium
1972 390 1983 407 ,
2008 369 2121 402 convi-

1238 407 1389 450 ‹stumque
1413 405 1448 439 in
1482 405 1712 449 degradatione
1739 410 1952 457 firmandum,
1979 419 2060 462 quin
2087 419 2141 454 <Sc

1237 455 1433 490 tradendum
1444 456 1584 499 publicis
1607 457 1734 502 legibus
1756 471 1794 493 ac
1811 461 1944 499 brachio
1960 468 2098 502 saecuiari
2111 481 2121 500 :

1237 509 1269 539 51·
1290 509 1362 543 vero
1373 512 1457 539 intra
1469 506 1520 539 hoc
1529 515 1643 549 tempus
1666 520 1724 541 non
1733 519 1843 558 agatur
1862 514 2012 550 adversus
2032 529 2121 558 eum,

1238 556 1289 590 vel
1302 555 1333 597 fi
1348 566 1470 599 agetur,
1497 558 1529 590 ὦ·
1550 568 1607 591 non
1628 565 1843 603 convincatur,
1869 561 2042 606 Athanafius
2060 574 2126 610 qui-

1237 607 1303 639 dem
1323 605 1538 649 Epiftopatum
1561 614 1703 650 recipiet,
1728 610 1911 646 Sabinianus
1934 614 2003 647 vero
2023 617 2057 649 ὀ·
2076 619 2123 651 di-

1231 662 1381 699 gnitatem
1395 655 1595 700 Episcopatus
1609 658 1741 700 habeat,
1768 662 1802 695 (9¹
1811 660 1986 705 substitutus
1999 663 2062 706 fit,
2087 668 2123 701 θ

1231 705 1396 749 pascatur,
1418 706 1492 748 ficut
1509 711 1764 750 reverendiffimus
1788 712 2030 749 antiochenorum
2055 718 2125 748 Ma-

1237 763 1335 789 ximus
1355 755 1515 799 secundum
1541 758 1722 801 facultatem
1749 762 1969 798 Parthenorum
1989 763 2124 805 Ecclesiae

1235 805 1424 850 disposuerit.
1454 808 1557 855 Q0d
1577 810 1737 853 judicium
1751 814 1859 848 omnis
1884 814 2039 857 Synodus
2050 826 2122 858 pro-

1237 857 1346 890 bavit.
1370 857 1451 892 Haec
1463 857 1556 893 verba
1572 883 1583 900 ,
1610 860 1888 907 Et-substitutusffi
1903 888 1913 904 ,
1939 863 2121 900 Sabiniano

1235 906 1383 942 tribuunt
1414 909 1652 951 coadjutoriam
1674 923 1750 945 cum
1770 913 1879 947 futura
1904 915 2121 955 successione,

1235 958 1362 1001 qualern
1374 958 1432 992 sub
1444 958 1578 994 Valerio
1589 959 1795 1004 Hipponensi
1820 964 1982 1009 Episcopo
2006 964 2121 999 habnit

1235 1008 1368 1043 Sanctus
1381 1007 1605 1056 Augustinus.
1632 1010 1831 1049 Athanasius
1852 1015 1972 1062 quippe
1987 1025 2055 1051 erat
2077 1016 2124 1050 se-

1234 1069 1314 1093 nex.

1283 1109 1455 1147 Eufratesia
1468 1111 1642 1148 Provincia
1662 1114 1745 1148 olim
1765 1113 1851 1150 dista
1873 1115 1937 1150 fuit
1957 1115 2120 1162 Comage-

1235 1171 1298 1200 na,
1324 1159 1364 1195 de
1395 1173 1480 1205 qua,
1517 1164 1721 1199 Orientalem
1745 1164 1896 1200 dioecesm
1913 1165 2120 1207 describens,
2141 1170 2171 1198 1.-
2202 1178 2245 1202 14-

1236 1210 1431 1246 Ammianus
1453 1213 1666 1248 Marcellinus
1683 1227 1689 1246 :
1729 1218 1834 1249 Prima
1848 1215 1911 1258 poll
1937 1215 2122 1260 ofiboenam
2137 1219 2162 1241 C·
2179 1214 2225 1238 ²⁶·

1232 1259 1444 1296 Provinciam
1465 1268 1630 1307 Comagena
1644 1290 1654 1307 ,
1682 1277 1759 1300 nunc
1780 1265 1991 1308 Eufratenfis,
2016 1264 2123 1308 adsur-

1229 1316 1299 1354 git,
1325 1315 1499 1355 Hierapoli,
1527 1325 1626 1348 vetere
1654 1320 1738 1348 Nino
1758 1318 1792 1350 <tr
1813 1313 1989 1359 Samosata,
2014 1322 2121 1350 civita·

1233 1361 1312 1394 tibus
1339 1365 1474 1405 amplis,
1512 1365 1652 1404 illustris.
1699 1366 1743 1399 Et
1767 1367 1803 1399 in
1827 1366 1918 1400 libris
1948 1365 1990 1401 de
2028 1365 2120 1400 bello

1234 1411 1360 1445 Persico
1391 1412 1572 1457 Procopius
1602 1415 1807 1450 Caesareensis
1831 1429 1839 1448 :
1874 1418 1983 1460 Regio,
2009 1427 2078 1459 quae
2102 1417 2121 1450 ἒ
2138 1442 2158 1470 L
2188 1449 2200 1470 ι

1233 1460 1393 1505 samosatis
1414 1471 1503 1496 extra
1516 1464 1678 1505 Eufratem
1689 1465 1750 1507 est,
1767 1467 1840 1505 jam
1851 1467 1961 1499 dudum
1982 1469 2121 1510 Comage·
2159 1459 2167 1468 ’
2205 1460 2213 1468 ⁰

1234 1523 1287 1550 ne,
1313 1523 1389 1545 nunc
1399 1522 1496 1546 autem
1506 1525 1544 1546 ex
1565 1513 1650 1552 fluvii
1671 1521 1787 1548 nomine
1810 1515 1986 1559 Eufratefia
2009 1525 2119 1549 vocata

1233 1561 1289 1601 est.
1329 1561 1451 1596 Vocari
1474 1563 1875 1608 Augusto-Eufratefiam,
1900 1566 1935 1600 δε
1956 1565 1976 1600 ὲ
1997 1565 2121 1608 Vespa·

1235 1611 1320 1644 fiano
1334 1612 1493 1646 redactam
1505 1614 1537 1646 in
1551 1613 1762 1648 Provinciam
1776 1613 1884 1649 scribit
1906 1616 1940 1649 in
1953 1614 2121 1660 Augusto·

1234 1672 1304 1695 rum
1316 1661 1474 1704 Epitome
1489 1662 1643 1698 Aurelius
1666 1663 1800 1699 Victor.
1827 1663 1877 1700 At
1897 1663 1976 1699 vero
1997 1665 2120 1700 fastum

1234 1711 1266 1744 id
1281 1711 1351 1754 post
1365 1711 1531 1747 Antiochi
1542 1714 1645 1758 Regis
1655 1725 1796 1749 mortem
1821 1714 1912 1749 fuisse
1931 1715 1951 1749 a
1973 1713 2122 1750 Tiberio

1234 1761 1407 1797 Cornelius
1418 1762 1560 1798 Tacitus
1571 1764 1605 1798 in
1615 1763 1806 1799 Annalibus
1816 1763 1968 1800 adfirmat
1982 1790 1990 1797 .
2016 1764 2121 1799 Nem·
2134 1783 2230 1813 1..2.c.
2233 1773 2290 1817 42:

1234 1823 1271 1854 pe
1285 1812 1386 1855 Cajus
1398 1813 1549 1857 Caligula
1561 1811 1737 1849 Antiocho
1755 1813 1835 1849 dicti
1857 1813 2022 1849 Antiochi
2045 1813 2118 1858 filio
2135 1827 2181 1858 5⁶·

1234 1861 1374 1896 reddidit
1395 1874 1533 1907 regnum
1546 1864 1696 1897 extractis
1709 1864 1872 1897 Romanis
1882 1864 2041 1903 fascibus,
2069 1873 2118 1898 at·

1231 1923 1294 1953 que
1322 1912 1369 1945 ita
1391 1912 1508 1946 mansit
1528 1914 1628 1957 usque
1647 1912 1689 1947 ad
1715 1913 1964 1957 Vespasianum.
2000 1914 2116 1962 Qare

1232 1961 1355 1996 isaacus
1367 1961 1581 1996 casaubonus
1591 1964 1626 1996 in
1637 1964 1700 1997 suis
1721 1962 1762 1997 ad
1787 1963 1978 1998 Svetonium
2003 1964 2115 2005 notis,

1229 2010 1312 2046 duos
1322 2011 1400 2045 istos
1411 2010 1600 2047 Antiochos
1623 2012 1828 2047 confundens
1842 2037 1853 2053 ‚
1879 2012 2114 2047 circumscribi-

1230 2072 1299 2095 tur.
1326 2061 1511 2106 Comageni
1530 2062 1678 2097 nominis
1699 2062 1861 2101 rationem
1884 2061 1986 2097 edicit
2005 2061 2116 2097 lauda·
2131 2091 2147 2120 S
2185 2098 2235 2120 ton

1230 2121 1281 2145 tus
1291 2111 1493 2154 Procopius:
1522 2115 1690 2146 Civitatem
1699 2114 1804 2146 rursus
1827 2111 1953 2147 nobilem
1973 2111 2022 2146 bic
2045 2117 2114 2146 Ore·
2131 2100 2245 2160 Ovios

1223 2161 1282 2201 stes
1294 2163 1426 2195 condidit
1438 2186 1449 2202 ‚
1473 2174 1509 2194 ac
1519 2164 1632 2205 templa
1653 2163 1732 2204 duo,
1758 2163 1887 2208 alterum
1910 2166 2020 2196 Dianae
2034 2187 2046 2203 ,
2071 2164 2117 2196 al-

1230 2220 1322 2245 terum
1334 2211 1500 2256 Iphigenia·
1508 2210 1601 2255 sorori
1613 2237 1624 2254 ‚
1645 2224 1713 2255 quae
1719 2212 1818 2256 postea
1829 2212 1994 2255 Christiani
2017 2219 2051 2247 in
2057 2211 2115 2256 sua

1229 2263 1341 2304 templa
1350 2272 1555 2297 converterunt
1562 2275 1571 2306 3
1599 2264 1677 2296 nullo
1700 2263 1890 2306 ‘edificiorum
1905 2265 2028 2306 penitus
2051 2273 2115 2296 mu-

1229 2321 1308 2344 tato.
1336 2316 1460 2346 Vocavit
1482 2314 1516 2347 (θ’
1529 2325 1596 2346 eam
1614 2314 1904 2347 urbem-comanam
1916 2337 1927 2354 ‚
1953 2307 1994 2346 ab
2013 2310 2113 2355 excisa

1228 2363 1346 2395 rursum
1355 2373 1434 2395 coma
1443 2361 1531 2405 ipsius
1550 2365 1572 2396 ci
1594 2363 1693 2397 morbo
1710 2364 1834 2406 pennus
1854 2362 1992 2397 liberati.
2020 2366 2111 2395 Non-

1230 2413 1302 2445 nulli
1313 2424 1369 2446 non
1394 2414 1487 2446 alium
1500 2436 1511 2452 ,
1534 2424 1625 2455 quam
1642 2411 1770 2455 insania·
1798 2412 1931 2445 morbum
1946 2411 2036 2455 susse
2067 2412 2114 2444 di-

1228 2471 1318 2502 cunt,
1343 2473 1403 2504 qua
1416 2461 1636 2503 correptusfuit
1647 2463 1717 2494 dum
1727 2470 1854 2496 matrem
1875 2466 2012 2495 necavit.
2040 2458 2113 2494 Ad-

1229 2512 1278 2545 dit
1289 2510 1420 2545 adsidue
1432 2535 1443 2552 ,
1468 2510 1603 2555 Rursus:
1629 2511 1733 2559 Qod
1744 2511 1857 2545 eadem
1878 2511 1992 2545 omnia
2012 2510 2115 2546 etiam

1229 2561 1264 2594 in
1277 2559 1388 2595 Ponto
1401 2560 1639 2595 polemoniaco
1657 2560 1787 2597 Orestes
1811 2561 1924 2606 egisset
1936 2585 1943 2593 .
1970 2559 2061 2594 Nam
2078 2559 2113 2594 δε

1231 2610 1301 2644 istic
1322 2611 1367 2644 est
1392 2611 1508 2645 civitas
1530 2611 1705 2651 Comana,
1730 2621 1830 2655 quam
1851 2610 2039 2645 conversam
2065 2608 2112 2644 adv

1230 2660 1416 2695 Dominum
1430 2685 1440 2701 ,
1469 2661 1652 2704 Episcopali
1664 2659 1818 2696 cathedra
1838 2659 1996 2695 donatam
2009 2684 2022 2701 ‚
2049 2659 2114 2703 pri-

1231 2721 1385 2755 mumque
1397 2711 1448 2744 illi
1459 2711 1615 2745 Sanctum
1635 2709 1861 2746 Alexandrum
1873 2708 2112 2745 Carbonarium

1231 2761 1322 2795 fuiffe
1343 2761 1362 2795 a
1383 2762 1500 2795 Sancto
1521 2760 1684 2805 Gregorio
1705 2759 1963 2805 Thaumaturgo
1985 2758 2114 2803 imposi-

1230 2821 1302 2845 tum
1323 2811 1542 2854 Episcopum,
1570 2810 1681 2846 scribit
1710 2811 1746 2845 in
1767 2810 1863 2854 hujus
1884 2811 1951 2846 vita
1977 2810 2114 2845 Sanctus

1232 2860 1411 2906 Gregorius
1421 2860 1605 2904 Nyflenus.
1632 2862 1714 2896 Haec
1725 2859 1808 2895 dista
1820 2860 1934 2901 volui,
1958 2858 2049 2902 quod
2069 2870 2113 2893 ex

1232 2912 1291 2945 isia
1312 2910 1488 2945 Provincia
1500 2909 1682 2954 prodierint
1694 2908 1927 2946 Theodoretus
1941 2934 1953 2951 ,
1978 2902 2114 2944 Sanctus

1233 2960 1392 2996 Eusebius
1402 2961 1633 2996 Samosatensis
1643 2959 1819 3004 Episcopus
1829 2984 1841 3001 ‚
1867 2959 1989 2995 Paulus
1999 2960 2114 2994 Samo-

1232 3011 1359 3046 satenfis
1377 3035 1391 3052 ‚
1416 3010 1611 3051 Nestorius,
1636 3010 1807 3045 Eudoxius
1817 3006 2008 3045 Patriarchae
2021 3009 2115 3044 Con·

1234 3060 1542 3104 stantinopolitani,
1567 3060 1602 3096 ἀ
1617 3059 1674 3096 alii
1693 3060 1798 3105 plures
1810 3059 1982 3096 virtutibus
2002 3068 2057 3096 aut
2068 3057 2117 3092 fa-

1233 3109 1401 3146 cineribus
1412 3111 1524 3147 famosi
1534 3136 1543 3145 .
2037 3133 2039 3135 -

1494 3209 1846 3264 ffiffiffi

1912 3457 2068 3494 ACTIO
