2340 3736
89 698 216 726 Λ-ιιιι.

87 967 159 1005 Cap.
171 975 216 1001 27.

80 1234 239 1272 L.3·tit.35.

79 1467 239 1506 L5.tit.33.

79 1519 158 1541 cdlv

82 1694 237 1736 '1..6.c.28.

81 1862 151 1890 L6.
162 1867 237 1895 c.29.

79 1909 126 1937 31.

76 2013 165 2052 Epist.
176 2018 223 2044 60·

79 2063 105 2084 c·
115 2065 139 2084 l·

76 2248 113 2278 C.
124 2258 150 2276 2.

81 2517 232 2554 L.5Ep.41

67 3350 114 3423 3⁶¹

25 3486 27 3488 r
50 3427 77 3441 ···
90 3454 230 3496 Epist-92.

21 3526 25 3531 ,,
91 3508 173 3530 012·

271 166 390 224 ,7⁶

719 155 1009 200 CANONES
1051 154 1613 201 CHALCEDONENSES

254 239 413 284 Jacobum
437 238 650 274 Sin-nondum
671 246 847 272 contextus
868 237 1013 281 integer,
1041 247 1142 278 expo·
1178 234 1373 293 'Miffarum
1396 235 1559 271 s0¹e11¹¹12=
1589 239 1741 286 Eumque
1767 253 1856 278 vetat
1877 244 1971 280 alteri
1992 254 2087 281 extra
2107 242 2264 284 L.7.Epist.

254 302 337 325 nens
368 291 459 324 istius
483 290 635 334 Episcopi
662 288 855 332 potestatem
881 312 892 328 ,
930 286 1143 323 clemonem,

254 341 552 376 consecrationem.
580 339 687 373 Datus
706 337 769 372 fuit
792 337 996 373 Monasterio
1008 335 1054 370 ob
1066 335 1143 379 Epi-

255 392 346 436 scopi
369 391 554 425 Parifiensis
570 388 719 424 adversus
730 388 817 422 illius
829 386 1074 430 exemptionem
1097 396 1144 419 re-

256 442 496 477 calcitrationes
507 466 514 472 .

307 490 429 527 Tertio
450 493 524 535 quis
541 490 707 534 tamquam
727 486 882 525 saecularis
901 485 1048 521 Clericus
1061 485 1146 520 ordi-

259 543 329 578 nari
351 542 454 586 potest
475 541 517 576 ad
542 540 774 575 monasterium
798 563 809 579 ‚
845 546 991 572 attamen
1014 548 1082 570 non
1105 532 1146 569 ad

258 593 329 636 ejus
339 592 574 636 paestanum,
601 592 654 625 sed
674 589 810 634 simplex
820 587 1060 630 ministerium,
1086 594 1144 621 aut

258 642 345 678 certe
365 641 407 677 ad
427 642 530 678 solam
550 641 762 686 praefecturam
785 636 950 674 Altarium
974 637 1065 680 ejus,
1092 637 1146 669 seu

259 692 475 728 Ecclefiarum
496 690 760 726 parochialium.
789 689 837 723 Ita
860 689 1007 731 Symeon
1020 685 1147 721 Dunel-

258 744 374 779 meniis
395 745 442 778 ait
466 743 613 777 Ecclefiae
625 739 839 775 Dunelmenfi
852 750 963 784 praeter
980 735 1148 774 cathedra-

259 795 307 829 les
327 791 510 831 monachos
522 793 614 827 fuisse
624 792 723 826 etiam
741 790 903 825 saeculares
915 788 1095 823 canonicos
1107 787 1147 820 ad

259 843 398 889 regenda
422 845 556 878 istorum
578 842 705 876 Altaria
725 864 736 880 ‚
769 842 840 874 vice
862 841 918 873 sua
941 839 1080 873 domum
1102 846 1148 871 re-

260 896 397 929 deuntes
419 895 460 929 ad
479 893 627 929 facienda
649 892 791 926 Divina.
821 891 866 924 Et
882 889 1037 932 Synodus
1048 889 1148 921 Fran-

259 945 473 980 cofordienfis
493 942 605 978 statuit
620 967 630 983 ,
656 954 697 976 ne
720 940 890 975 Abbatum
914 938 1063 973 Clericos
1074 938 1147 984 quis

259 997 393 1040 recipiat
414 1006 471 1030 aut
493 995 628 1027 retineat
648 1005 663 1034 ‚·
689 993 723 1026 &
743 991 830 1025 sexta
854 989 1035 1023 Parifienfis
1057 1013 1068 1028 ‚
1105 999 1147 1023 ne

258 1045 406 1081 Abbates
425 1045 582 1088 recipiant
604 1041 752 1077 Clericos
764 1040 1000 1084 Episcoporum
1012 1064 1019 1077 Υ
1047 1039 1092 1072 Et
1103 1050 1147 1072 ex

257 1096 410 1140 Episcopi
437 1091 787 1136 Sancto-Dionysiam
812 1091 931 1125 officiis
950 1101 1054 1123 unum
1077 1099 1147 1135 erat

255 1148 441 1180 consecrare
460 1144 610 1178 Clericos
632 1141 867 1180 Parochiarum
879 1140 1093 1184 spectantium
1104 1138 1147 1174 ad

256 1196 453 1231 Abbatiam.
482 1195 526 1228 Et
546 1192 751 1229 Lombardiae
773 1204 811 1226 ac
832 1189 991 1226 Marchiae
1000 1189 1147 1224 Trevisa·

255 1258 304 1279 nae
315 1242 501 1280 Abbatibus
513 1243 674 1278 interdicit
686 1241 860 1277 Honorius
876 1242 991 1276 tertius
1001 1266 1012 1283 ,
1040 1252 1081 1274 ne
1092 1241 1147 1274 de·

254 1296 366 1339 inceps
378 1295 537 1330 saeculares
550 1294 696 1328 Clericos
706 1293 883 1328 admittant
894 1291 935 1326 ad
948 1291 1146 1336 praebendas,

254 1347 289 1383 &
300 1347 398 1390 usque
410 1344 474 1380 huc
487 1344 615 1380 admiffi
625 1344 737 1379 locum
749 1344 784 1378 ὅ(
795 1354 910 1377 vocem
922 1354 992 1377 non
1004 1341 1146 1378 habeant

255 1398 290 1430 in
314 1395 440 1438 choro,
467 1394 649 1440 Capitulo,
675 1393 846 1430 refectorio
870 1417 881 1434 ,
905 1404 961 1428 aut
982 1392 1145 1429 claustro.

256 1448 428 1491 Ejusmodi
450 1445 657 1480 Clericorurn
681 1443 878 1481 meminit&
890 1444 1071 1478 Decretum
1083 1442 1144 1477 Ce-

254 1497 362 1531 lestini
383 1497 470 1533 tertii
491 1522 498 1533 2
537 1496 605 1530 Eos
620 1520 631 1536 ‚
658 1493 748 1539 quod
770 1491 1011 1530 monachorum
1037 1493 1144 1537 plures

254 1549 357 1582 essent
383 1548 482 1587 laici,
509 1546 551 1580 ad
572 1546 618 1580 sui
631 1545 754 1581 Altaris
772 1543 993 1578 ministerium
1011 1543 1144 1578 assume·

253 1598 330 1632 bant
343 1596 502 1633 Abbates.

305 1646 435 1697 Qarro
448 1646 551 1691 potest
573 1646 645 1690 quis
663 1644 829 1689 tamquam
852 1642 1036 1680 monachus
1057 1645 1141 1680 ordi-

253 1699 323 1733 nari
335 1699 375 1732 ad
391 1700 515 1732 sacrum
525 1697 716 1731 monasterii
727 1695 970 1729 Ministcriurn.
994 1696 1043 1731 lta
1057 1698 1144 1731 Her·

254 1750 337 1784 mias
348 1750 560 1783 Zozomenus
572 1746 683 1782 laudat
697 1747 895 1781 Dioscorum
912 1747 945 1780 &
957 1746 1139 1792 Eulogium

255 1801 531 1834 monasteriorum
555 1799 685 1832 suorum
708 1798 819 1832 Patres
849 1797 882 1831 &
908 1796 1137 1840 Presbyteros.

255 1851 384 1884 Laudat
410 1849 443 1882 &
468 1849 654 1882 Macarium
685 1847 916 1885 culmorum,
941 1848 975 1881 ὃ(
997 1848 1141 1891 Moysen

256 1900 456 1934 monachum
480 1899 754 1934 monasteriorum
778 1897 814 1930 in
840 1898 926 1931 Sceti
947 1922 954 1928 .
994 1898 1036 1931 Et
1065 1900 1143 1932 San·

255 1953 325 1986 &us
351 1949 557 1993 Epiphanius
581 1951 615 1982 in
636 1949 752 1982 litteris
771 1947 814 1981 ad
836 1948 998 1991 Joannem
1020 1947 1141 1983 Hiero-

255 2001 388 2044 solymae
406 1999 606 2044 Episcopum
619 2000 664 2032 ait
676 1998 911 2032 Paulinianum
923 1996 1121 2032 monachum
1130 2025 1140 2040 ,

255 2051 364 2086 Sancti
376 2051 579 2093 Hieronymi
591 2049 719 2084 fratrem
732 2072 742 2088 ,
767 2049 785 2081 a
801 2048 831 2082 se
849 2047 1040 2082 ordinatum
1052 2049 1142 2083 Pres-

254 2100 409 2144 byterum
430 2100 470 2134 ad
493 2100 618 2133 Divina
639 2098 796 2133 Coenobii
820 2095 1064 2132 Bethleemitici
1079 2100 1139 2135 mi..

253 2151 384 2186 nisteria
401 2175 411 2190 ‚
437 2150 528 2193 quod
542 2150 772 2191 Hieronymus
792 2148 826 2181 &
838 2147 1037 2184 Vincentius
1047 2148 1136 2183 Pres-

253 2201 358 2245 byteri
377 2209 498 2243 propter
526 2200 734 2233 verecundiam
754 2200 788 2232 ὃ·
807 2197 1005 2231 humilitatem
1027 2199 1137 2234 nollent

253 2252 355 2287 debita
373 2256 484 2284 nomini
501 2250 554 2294 suo
576 2261 708 2283 exercere
726 2247 889 2291 sacrificia.
918 2248 1045 2282 Laudat
1058 2249 1136 2284 item

248 2302 449 2345 Gregorium
465 2300 628 2335 Abbatem
641 2301 673 2334 &
685 2298 874 2333 monasterii
884 2297 1113 2341 Presbyterum
1127 2324 1136 2339 ‚

252 2351 378 2386 addens
396 2352 430 2385 ὃς
451 2352 482 2385 se
501 2360 577 2385 ante
601 2350 837 2392 Episcopatum
859 2348 976 2382 eodem
1000 2360 1135 2383 munere

252 2402 456 2445 perfunstum
471 2427 478 2433 .
507 2400 549 2435 Et
565 2401 696 2434 Sanetus
719 2398 899 2443 Gregorius
911 2398 1057 2443 Magnus
1079 2399 1137 2434 Vi-

252 2452 332 2486 (tori
345 2451 511 2495 Episcopo
524 2451 766 2484 Panormitano
787 2447 943 2489 mandat,
969 2460 1005 2484 ut
1028 2450 1135 2484 Sanffi

251 2504 384 2536 Hermae
397 2501 595 2536 monasterio
606 2498 832 2535 monachuma
846 2499 997 2534 fratribus
1017 2500 1139 2544 eligen-

1199 285 1434 319 monasterium
1466 286 1565 321 titulo
1595 300 1651 324 aut
1682 294 1865 329 ministerio
1899 295 2087 331 admoveri.
2111 290 2173 315 ¹²⁶·

1200 335 1243 369 Et
1265 336 1299 369 in
1320 335 1437 370 litteris
1459 337 1500 369 ad
1526 338 1731 377 Defiderium
1757 344 1872 380 Galliae
1884 347 2088 391 Episcopum

1199 384 1311 420 laudat
1335 385 1547 421 Pancratium
1579 392 1803 436 monachum,
1831 395 1944 440 suique
1975 409 2089 431 mona-

1201 437 1286 471 sterii
1307 437 1516 471 Diaconum.
1546 437 1589 472 Et
1622 439 1781 482 ejusmodi
1812 445 2024 491 Presbyteros
2050 459 2089 481 ac
2107 443 2195 472 L·¹0·
2212 439 2265 478 ΕΡ·

1203 486 1375 521 Diaconos
1397 487 1491 522 fuisse
1514 489 1685 525 dumtaxat
1717 493 1891 531 secundam
1924 499 1996 541 post
2029 496 2089 531 Pa·
2107 491 2154 518 39·

1202 548 1285 572 trem
1298 562 1309 578 ‚
1336 537 1412 571 licet
1424 538 1510 572 merc
1521 540 1642 575 laicum
1656 565 1667 580 ,
1693 536 1888 579 monasterii*
1896 550 2066 590 personam
2080 571 2091 587 ‚

1203 587 1306 632 liquet
1325 599 1366 626 ex
1387 590 1569 624 monastica
1603 590 1739 626 ‘historia
1762 591 1991 630 Theodoreti.
2030 598 2091 631 Le-
2107 597 2182 631 C-4·

1204 637 1465 683 gendaest-apud
1493 640 1687 676 Gratianum
1701 643 1849 686 Epistola
1862 644 1990 691 Pelagii
2001 646 2092 682 Pon-

1205 689 1305 724 tificis
1318 713 1329 729 ,
1355 699 1419 732 qua
1442 688 1483 723 ab
1495 689 1594 737 illatis
1608 694 1641 725 in
1658 695 1846 728 monasterii
1859 696 2093 740 Presbyterum

1207 738 1334 781 iniuriis
1354 739 1467 772 nescio
1488 751 1586 783 quern
1606 741 1792 779 Parochum
1815 746 2014 791 compescit.
2038 746 2092 780 Ex

1207 789 1268 825 hac
1290 790 1402 834 regula
1425 791 1587 833 permittit
1602 792 1722 827 Paulus
1734 796 1871 838 quintus
1883 822 1893 837 ,
1919 808 1956 831 ut
1968 795 2003 830 in
2017 807 2094 840 qua-

1206 842 1254 875 vis
1265 841 1368 879 domo
1379 840 1514 874 fratrum
1526 842 1661 885 Joannis
1671 844 1736 877 Dei
1761 857 1855 887 queat
1867 859 1951 881 unus
1963 858 2095 890 promo-

1207 891 1274 926 veri
1295 891 1336 924 ad
1359 890 1643 934 presbyteratum,
1672 894 1933 932 ministraturum
1945 898 2019 932 aliis
2032 896 2095 930 Ec-

1205 941 1378 979 clefiastica
1389 942 1599 977 Sacramenta
1610 968 1617 975 .
1832 962 1835 963 ν

1256 990 1390 1038 Quinto
1399 991 1542 1036 denique
1554 992 1658 1036 potest
1670 994 1744 1038 quis
1765 995 1912 1031 ordinari
1924 998 1965 1032 ad
1976 1009 2094 1032 mona·

1206 1042 1338 1076 sterium
1361 1043 1528 1087 tamquam
1547 1044 1682 1087 simplex
1708 1043 1908 1088 monachus,
1933 1049 2022 1092 quod
2037 1047 2098 1082 ho·

1205 1093 1260 1127 die
1271 1093 1411 1127 dicimus
1428 1094 1571 1128 ordinari
1597 1094 1638 1128 ad
1661 1096 1796 1129 titulum
1817 1097 2005 1134 monasticae
2027 1110 2096 1141 pro-

1206 1141 1369 1178 feffionis.
1399 1143 1448 1177 Ita
1461 1145 1551 1178 enim
1575 1143 1594 1181 ὲ
1620 1146 1738 1180 Sancto
1761 1146 1952 1191 Epiphanio
1973 1146 2097 1182 audivi-

1207 1205 1279 1231 mus
1301 1193 1551 1239 Hieronymum
1574 1195 1607 1234 ὅς
1628 1194 1847 1231 Vincentium
1861 1197 1954 1232 fuisse
1964 1197 2098 1241 quidem

1208 1245 1241 1277 in
1265 1245 1465 1278 monasterio
1485 1244 1721 1288 Presbyteros,
1747 1247 1885 1282 noluisse
1910 1258 2018 1282 tamen
2048 1249 2099 1280 de-

1206 1295 1272 1329 bita
1296 1300 1407 1332 nomini
1429 1294 1482 1338 suo
1512 1294 1658 1339 sacrificia
1691 1309 1842 1339 exercere,
1870 1296 1903 1332 id
1937 1298 1984 1332 est
2001 1322 2012 1339 ‚
2040 1309 2098 1331 no·

1208 1345 1298 1381 luisse
1321 1345 1383 1379 esse
1407 1346 1598 1381 monasterii
1617 1345 1843 1391 presbyteros.
1884 1348 1933 1383 Ita
1962 1348 2097 1387 Barses‚

1209 1395 1389 1440 Eulogius,
1418 1397 1451 1430 δε
1473 1396 1612 1434 Lazarus
1634 1398 1722 1434 fuere
1746 1399 1899 1443 Episcopi
1923 1397 1990 1432 fine
2001 1398 2097 1432 omni

1206 1457 1322 1479 onere.
1351 1447 1395 1479 Et
1415 1447 1457 1480 de
1470 1447 1587 1480 Nitriae
1608 1448 1782 1482 monachis
1795 1450 1906 1483 scribit
1918 1448 1959 1482 ad
1980 1448 2098 1482 Eusto-

1206 1495 1321 1532 chium
1343 1498 1478 1530 Sanctus
1500 1498 1747 1543 Hieronymus:
1776 1500 1885 1533 Multos
1898 1499 2096 1532 sacerdotalis
2113 1509 2166 1543 Ερ.
2177 1513 2223 1542 1⁷·

1205 1548 1239 1580 Θ
1262 1549 1417 1581 Leviticus
1437 1545 1580 1590 sublimat
1594 1551 1737 1597 gradus.
1779 1550 1823 1584 Et
1844 1550 1879 1583 in
1907 1549 2176 1583 Constanti-ca-

1203 1596 1402 1640 nopolitano
1427 1596 1625 1640 Eutychetis
1647 1598 1850 1634 monasterio
1869 1601 1987 1633 unicus
2007 1598 2098 1632 Pres-

1202 1645 1317 1689 byter,
1345 1649 1453 1691 plures
1474 1649 1605 1681 fuerunt
1628 1649 1775 1683 Diaconi
1811 1650 1845 1683 ὃς
1866 1649 2070 1683 Subdiaconi
2089 1673 2097 1681 .

1205 1698 1307 1731 Erant
1319 1697 1390 1732 solo
1401 1696 1528 1732 honore
1543 1697 1686 1744 Clerici,
1714 1711 1821 1742 neque
1842 1694 2027 1743 spestabant
2053 1697 2096 1734 ad

1205 1746 1435 1783 Hierarchiam
1449 1748 1706 1782 Ecclefiasticam
1719 1771 1729 1787 ,
1758 1749 1812 1783 cui
1825 1749 1936 1785 inserit
1955 1749 2020 1782 sola
2035 1748 2097 1781 Di-

1206 1797 1359 1833 vinorum
1381 1799 1561 1840 praefeEtura
1576 1822 1583 1830 .
1612 1799 1657 1833 Et
1679 1810 1719 1832 ex
1732 1796 1782 1832 h'is
1795 1797 1883 1831 vides
1907 1796 2097 1840 hujusmodi

1203 1847 1452 1881 ordinationem
1466 1848 1527 1881 effe
1541 1847 1724 1883 admodum
1736 1850 1905 1892 antiquam
1918 1873 1925 1879 .
1953 1849 2038 1882 Eam
2051 1847 2096 1882 ob

1204 1896 1400 1941 Eutychetis
1416 1897 1451 1931 δε
1474 1898 1636 1933 Barsumae
1660 1899 1851 1933 insolentias
1862 1898 1996 1944 quidam
2020 1898 2098 1942 Epi-

1204 1948 1291 1991 scopi
1314 1946 1473 1983 volebant
1507 1948 1722 1994 abrogatam,
1748 1950 1955 1992 redactosque
1979 1959 2096 1985 omnes

1203 1997 1385 2034 monachos
1412 1998 1447 2033 in
1475 2000 1666 2042 primaevum
1692 2000 1813 2034 statum
1854 1999 2024 2041 laicalem3
2061 2008 2096 2032 at

1203 2049 1379 2092 Synodus,
1406 2048 1524 2083 nolens
1554 2058 1735 2093 paucorum
1757 2050 1877 2083 delicto
1900 2050 2026 2092 gravari
2048 2058 2098 2082 to·

1202 2110 1273 2133 tum
1285 2110 1413 2144 genus,
1440 2099 1581 2133 eandem
1593 2098 1817 2135 confirmavit.
1847 2096 2098 2135 Erexindecoe·

1202 2160 1316 2192 petunt
1343 2149 1540 2183 monasteria
1571 2149 1707 2183 Clericis
1740 2147 1921 2183 abund2re.
1950 2146 2094 2181 Addidit

1201 2198 1332 2234 tandem
1355 2199 1512 2233 Clemens
1532 2199 1713 2243 quintusin
1725 2199 1863 2241 synodo
1884 2197 2065 2232 Viennensi
2083 2221 2092 2229 .

1203 2250 1252 2281 Ad
1276 2251 1497 2290 ampliationem
1530 2253 1644 2282 Divini
1672 2252 1767 2282 cultus
1796 2247 1980 2292 statuimus,
2011 2248 2093 2290 quod
2110 2267 2270 2303 Lym-¹&

1202 2299 1335 2332 monachi
1357 2299 1480 2340 quilibet
1501 2299 1546 2330 ad
1560 2304 1746 2332 monitionem
1773 2298 1897 2331 abbatis
1917 2296 1951 2341 se
1964 2297 2091 2339 faciant
2107 2317 2169 2338 01,
2254 2304 2257 2307 “

1202 2350 1246 2382 ad
1263 2360 1362 2382 omnes
1380 2347 1481 2391 sacros
1493 2350 1623 2382 Ordines
1636 2373 1647 2389 ,
1672 2347 1856 2392 excusatione
1878 2349 2012 2392 legitima
2034 2347 2092 2390 cesl

1185 2408 1191 2430 r
1198 2398 1287 2442 sante
1301 2423 1311 2439 ‚
1332 2404 1514 2440 promoveri.
1543 2398 1621 2432 Post
1634 2398 1782 2432 ablatum
1793 2410 1849 2441 per
1861 2398 1994 2432 divitias
2007 2409 2093 2440 opus

1204 2460 1361 2483 manuum
1377 2457 1545 2492 coeperunt
1555 2447 1710 2483 monachi
1724 2448 1765 2483 ab
1775 2449 1847 2483 otio
1859 2448 1970 2481 invadi
1982 2471 1993 2488 ‚
2006 2446 2095 2482 ideo-

1203 2510 1266 2542 que
1285 2500 1372 2532 sacro
1397 2498 1509 2533 saltem
1535 2499 1718 2533 ministerio
1742 2498 1892 2534 adversus
1913 2497 1995 2535 illud
2019 2509 2093 2532 mu-

253 2553 335 2590 dum
364 2554 532 2587 consecret
552 2553 588 2586 in
609 2550 843 2594 Presbyterum
879 2548 920 2584 ad
947 2550 1140 2587 celebranda
1203 2548 1343 2584 niendos
1361 2548 1519 2583 Pontifex
1539 2548 1716 2592 judicavit.

754 2782 1232 2849 CANON
1343 2780 1586 2847 VIIA

263 2904 407 3045 Q

421 2908 481 2954 Ui
517 2904 646 2956 semel
683 2907 729 2954 in
765 2904 900 2953 Clero
934 2902 1139 2972 deputati
1174 2902 1272 2957 sunt
1291 2940 1304 2965 ,
1340 2919 1417 2953 aut
1453 2905 1770 2955 monachorum
1805 2906 1945 2955 vitam
1969 2921 2097 2974 expe.

444 2977 659 3038 tiverunt,
696 2975 919 3026 statuimus
965 2989 1108 3043 neque
1156 2973 1216 3023 ad
1262 2974 1469 3024 militiam
1494 3011 1508 3037 ‚
1564 2993 1705 3042 neque
1743 2974 1799 3024 ad
1834 2975 2099 3039 dignitatem

262 3046 459 3112 aliquam
495 3050 642 3096 venire
677 3043 969 3095 mundanam:
1007 3060 1084 3098 aut
1119 3045 1205 3098 hoc
1241 3060 1488 3106 tentantes,
1535 3049 1579 3094 &
1614 3063 1706 3095 non
1741 3062 1919 3109 agentes
1955 3049 2097 3113 poeni-

263 3117 474 3179 tentiam,
510 3116 745 3182 quominus
782 3114 960 3167 redeant
995 3114 1052 3165 ad
1087 3115 1172 3165 hoc
1184 3153 1199 3178 ,
1234 3114 1356 3184 quod
1390 3132 1570 3186 propter
1605 3121 1755 3168 Deum
1789 3116 1992 3186 primitus
2011 3116 2098 3166 ele-

263 3202 421 3250 gerunt
439 3223 452 3247 ,
487 3187 877 3237 anathematizari.

487 3325 916 3385 scHOLION.

1196 3301 1209 3329 1·
1220 3296 1396 3340 Propofitum
1415 3297 1551 3332 monachi
1565 3300 1689 3342 proprto
1713 3298 1836 3332 arbum
1864 3304 1918 3329 aut
1944 3295 2100 3329 voluntate

1216 3347 1382 3393 sufieptum
1403 3348 1496 3391 deseri
1519 3361 1577 3382 non
1593 3348 1686 3392 potest
1703 3346 1810 3391 absque
1831 3353 1969 3388 peccato:
2006 3346 2101 3388 ‚Quod

1221 3406 1300 3432 enim
1319 3405 1384 3441 quis
1400 3406 1487 3432 vovit
1504 3401 1584 3440 Deo,
1612 3398 1697 3432 debet
1706 3398 1844 3430 reddere.
1874 3395 2009 3429 Etenim
2031 3407 2101 3428 mo-

360 3442 489 3486 Xponit
512 3443 644 3478 Sanetus
664 3445 734 3479 Leo
750 3444 897 3488 Magnus
916 3443 951 3476 in
975 3443 1091 3480 litteris
1112 3445 1154 3480 ad
1222 3447 1320 3484 nachi
1341 3448 1507 3492 Apostatae
1526 3450 1601 3484 suos
1619 3449 1742 3490 semper
1753 3455 1937 3489 repererunt
1957 3446 2101 3481 defenso·

385 3492 560 3529 Rusticum
594 3493 843 3538 Metropolitam
879 3493 1127 3531 Narbonensem
1146 3521 1154 3530 .

1221 3511 1288 3539 res,
1315 3498 1399 3533 adeo
1420 3509 1457 3533 ut
1477 3500 1609 3534 Sanctus
1627 3496 1835 3541 Augustinus
1854 3497 1895 3532 de
1918 3496 1982 3529 suis
1997 3494 2100 3529 Cleri-

1978 3557 2051 3587 riciss
