2340 3736
65 2419 159 2450 (Ln-

71 3355 161 3387 0510.

501 176 575 233 Βῆ
608 185 787 217 vocnms
823 173 1105 228 Sunsrnmm,
1140 171 1741 232 EsssN11A.Pn1t30NA‚&c.

248 259 353 292 ilum:
379 258 458 301 ,ραά
478 256 689 297 appellationes
703 278 715 295 ‚
737 263 827 297 neque
852 259 884 287 in
909 254 1053 297 Angelos,
1078 262 1125 286 ne-

251 319 309 351 que
316 314 349 340 in
366 310 494 349 spiritus
514 312 694 347 competunt.
723 306 814 337 Solius
836 314 953 337 naturae
964 327 975 343 ,
994 302 1059 348 five
1075 313 1126 335 ve-

250 362 356 392 ritatis
364 356 587 398 appellationem
617 356 711 388 eidem
728 358 849 396 Corpori
870 353 978 394 Christi
999 353 1126 389 tribuere

252 407 420 442 detredant
430 430 437 436 .
463 408 509 438 Et
519 417 570 438 cur
576 405 728 448 praedma
739 411 857 441 nomina
868 427 880 442 ,
907 405 1007 441 &non
1025 407 1124 445 potius

249 455 347 489 adbuc
356 454 505 498 asperiora
527 461 558 488 in
581 457 712 489 medium
728 454 849 496 adfero.
877 457 1026 486 Fatentur
1047 456 1125 486 em'm

251 505 400 546 Christum
408 513 464 547 per
474 510 605 539 Carnem
608 504 731 546 fadum
741 503 931 536 maledu‘lum
941 526 952 541 ‚
978 503 1012 535 ὁ*
1027 509 1126 543 pecca-

249 564 315 590 tum
351 564 385 589 ut
410 557 482 589 dicit
506 558 677 597 Scriptura.
712 557 865 589 Fatentur
887 554 969 586 illum
997 553 1127 593 quadra-

245 611 337 650 ginta
346 607 411 639 dt'es
433 614 580 640 tentatum
602 607 623 641 ἃ
645 603 780 639 Dlabolo.
808 608 848 637 At
867 613 909 648 ut-
921 611 1065 635 naturam
1073 599 1126 647 Jeu

248 661 408 689 veritatem
437 664 557 696 vocent,
585 655 701 689 adduci.
730 662 892 695 nequeunt.
928 651 1124 690 Fatebantur

248 705 286 739 in
312 705 444 740 Christo
469 704 623 739 Domino
650 702 826 737 Naturam:
865 702 1028 738 Naturam
1054 703 1126 735 uni-

247 766 322 789 cam
333 779 341 787 .
369 754 417 790 At
428 754 587 788 Divinam
597 777 608 797 ‚
620 764 687 786 non
701 749 879 787 humanam
889 778 896 785 .
925 752 969 785 Et
980 751 1072 787 audis
1082 762 1126 785 ra-

248 806 398 839 tionem.-
426 804 709 842 Valentinianam‚
733 802 1032 841 Marcionisticam,
1053 801 1127 839 Ma-

248 853 408 889 nichaeam
422 877 433 894 ‚
459 852 699 890 Saracenicam.
727 853 781 887 Est
793 865 841 887 res
852 853 981 887 alterius
992 851 1075 885 loci.

299 902 424 938 Eadem
458 903 614 946 loquendi
640 902 787 937 libertate
813 904 946 938 Sanstus
981 901 1126 944 Cyrillus

249 953 313 987 fuit
334 954 408 987 usus
428 953 516 990 circa
538 964 674 993 vocem,
710 951 898 996 Hypqstases:
919 952 1046 995 accepit.
1066 963 1123 995 pto

249 1010 362 1036 natura
374 1028 381 1035 .
410 1003 488 1046 Ejus
502 1004 635 1038 tertium
656 1002 844 1046 Capitulum
864 1002 979 1037 habet:
1007 1004 1038 1034 si
1057 1007 1124 1044 quis

249 1058 283 1085 in
295 1065 353 1087 uno
364 1052 476 1097 Christo
490 1053 554 1096 post
574 1058 708 1090 unionem
730 1054 844 1085 dividit
864 1049 1052 1094 ijostases‚
1077 1064 1124 1086 ea-

248 1114 306 1144 que
325 1105 486 1140 dumtaxat
507 1103 704 1146 conjunfflone
725 1101 843 1146 easdem
864 1107 942 1136 inter
957 1100 992 1144 fit
1013 1101 1123 1146 nean,

247 1163 317 1194 quae
328 1153 366 1193 est
371 1152 530 1198 secundum
541 1155 720 1199 dignitatem
728 1177 740 1194 ‚
764 1154 800 1186 ό*
811 1161 868 1186 non
881 1164 917 1190 ea
922 1157 1021 1195 potius
1032 1176 1043 1191 ,
1053 1163 1122 1195 quae

247 1202 285 1242 est
307 1201 468 1246 secundum
492 1205 658 1239 naturalem
689 1207 846 1244 unionem,
882 1201 1050 1239 Anatbema
1071 1201 1125 1245 fit.

247 1250 375 1288 Lucida
392 1253 543 1288 adfirmat
565 1254 602 1287 in
624 1252 757 1291 Christo
778 1253 929 1290 Domino
951 1251 1068 1293 fixisse,
1093 1250 1127 1289 ὃς

236 1302 392 1337 -πκηὶῐίῖο
428 1303 509 1337 duas
543 1304 734 1340 naturaliter
769 1303 878 1336 unitas
903 1300 1125 1348 Hypostases

244 1349 362 1385 Etiam
373 1351 453 1390 alibi
464 1350 544 1387 dicit
553 1364 594 1386 ex
605 1352 731 1386 duabus
742 1352 866 1388 naturis
885 1353 941 1389 seu
957 1349 1126 1393 Hyposta-

248 1400 335 1435 fibus
360 1401 516 1438 constitui
536 1400 722 1440 Christum.
749 1399 799 1436 At
822 1399 900 1435 vero
922 1402 958 1435 in
979 1400 1125 1444 plurimis

248 1450 382 1487 suorum
394 1463 529 1497 operum
540 1452 622 1486 locis
641 1451 789 1496 loquitur
799 1450 899 1496 longe
911 1451 1028 1485 aliter:
1051 1451 1126 1493 Hy-

247 1501 399 1544 postafim
427 1501 545 1545 accipit
566 1512 623 1545 pro
633 1502 774 1536 Persona
787 1526 794 1533 .
822 1501 933 1535 Etiam
954 1500 989 1534 in
1013 1509 1128 1544 quarto

247 1550 308 1585 suo
321 1551 494 1595 Capitulo:
523 1553 554 1584 Si
564 1557 629 1594 quis
636 1551 751 1584 duabus
764 1549 901 1594 Persbnis
920 1550 973 1584 vel
991 1549 1128 1592 Hyposta-

241 1599 323 1641 fibus
345 1612 396 1635 eas
408 1613 493 1634 voces
503 1601 662 1639 attribuit,
682 1603 735 1635 &a
765 1600 879 1644 utique
890 1601 1054 1641 utriusque
1073 1611 1127 1633 na·

248 1657 326 1684 turae
336 1650 516 1686 idiomata.
543 1651 582 1684 In
593 1652 690 1684 tertio
714 1662 773 1694 pro
795 1660 906 1687 natura
915 1673 930 1689 .‚
953 1651 989 1683 in
1008 1659 1125 1694 quarto

246 1700 406 1743 Capitulo
416 1700 508 1735 istam
521 1711 637 1737 vocem
647 1700 766 1746 accipit
787 1712 845 1743 pro
857 1700 999 1738 Persona
1013 1724 1021 1731 .
1047 1699 1128 1732 Haec

246 1750 362 1785 omnia
374 1748 524 1795 producit
539 1751 573 1787 &
584 1760 678 1795 urget
691 1751 800 1787 nescio
813 1751 884 1793 quis
905 1749 1050 1787 Nestorii
1074 1750 1127 1784 de·-

247 1798 301 1833 fen
307 1800 358 1833 sor
367 1797 519 1837 Andreas
529 1823 540 1840 ,
566 1800 718 1839 Sanstum
730 1799 894 1843 Cyrillum
904 1799 1081 1834 oscitantiae
1092 1800 1126 1834 &

245 1847 517 1884 contradictionis
551 1850 682 1894 arguit,
719 1861 757 1883 ac
783 1850 887 1892 ipsum
913 1849 1123 1892 adloquitur·

246 1904 287 1934 Et
299 1899 435 1941 quomodo
447 1922 457 1938 ‚
466 1910 531 1932 cum
542 1898 739 1934 Theodoretus
750 1908 804 1933 tua
823 1900 971 1936 duodecim
983 1900 1128 1940 Capitula

245 1946 379 1990 refutare
389 1949 536 1991 adgressus
546 1948 628 1991 esset,
641 1960 790 1991 nunquam
803 1948 961 1990 defendisti
971 1950 1007 1981 id
1013 1971 1024 1987 ,
1050 1950 1129 1991 quod

245 1998 282 2030 de
291 1996 457 2041 hujusmodi
467 1997 665 2041 Hypostast'bus
686 2003 719 2031 in
739 2003 823 2034 tertio
844 2000 983 2040 capitulo
1001 1997 1126 2042 adseve-

245 2059 297 2078 ras
314 2046 328 2077 ἓ
354 2046 554 2089 ‚Quamobrem
576 2047 740 2088 inconstans
760 2048 815 2081 tibi
835 2047 892 2091 ips?
901 2056 1066 2091 repugnas,
1093 2051 1127 2084 (9*

244 2103 299 2129 tua
319 2101 424 2131 vineta
446 2098 556 2139 caedts,
581 2098 741 2139 aliquando
764 2099 885 2140 quidem
906 2110 999 2131 unam
1018 2098 1127 2138 Christi

245 2153 388 2178 naturam
399 2145 563 2188 adserens,
586 2148 747 2189 aliquando
766 2148 845 2183 duas
870 2146 1033 2190 Personas.
1061 2152 1127 2180 Ma-

240 2206 314 2238 gnae
327 2202 439 2238 gratiae
457 2196 614 2240 Dobltffimo
645 2197 771 2237 Cyrillo,
808 2203 858 2239 qul
891 2197 996 2240 ubique
1029 2199 1128 2236 dive-

241 2243 296 2288 sas
328 2251 360 2279 m
394 2245 519 2288 cbristo*
538 2246 708 2291 Hypostases
740 2248 891 2290 confitetur
911 2273 918 2283 ,
982 2248 1127 2284 Duriora

245 2295 400 2332 eructavit
423 2297 522 2330 Maro
547 2297 725 2332 Edeffenus
758 2297 955 2341 Episcopus.
992 2298 1127 2332 Etenim

245 2344 418 2380 blateravit
432 2347 584 2382 Santstum
594 2347 758 2390 Cyrillum
774 2359 828 2391 per
840 2349 894 2382 sua
913 2347 972 2381 fibi
983 2348 1128 2383 invicem

246 2394 410 2429 contraria
432 2396 586 2438 Capitula
607 2396 671 2430 effe
696 2396 825 2431 Patrem
848 2399 972 2433 Severi.
1001 2396 1128 2433 Ambo-

210 2477 214 2480 .
246 2455 322 2477 rum
333 2444 429 2480 verba
439 2446 535 2479 refert
544 2446 682 2481 Saucius
699 2447 887 2483 Anastafius
907 2447 1030 2484 SInaita
1044 2473 1050 2480 .

300 2492 344 2526 Et
368 2504 425 2536 pro
451 2494 568 2527 saneto
596 2495 726 2537 Cyrillo
749 2496 940 2539 respondet:
968 2497 1096 2537 Audistis
1117 2523 1128 2540 ,

242 2541 360 2586 fratres
372 2566 382 2582 ,
411 2545 554 2576 Draconis
566 2544 721 2585 nequiffimi
741 2548 869 2579 Andreae
888 2553 1041 2586 convitia,
1059 2559 1128 2589 quae

246 2603 284 2625 ex
303 2591 421 2632 pectore
433 2592 723 2632 Nestoriam'veneni
742 2594 897 2635 plenifflmo
914 2597 1062 2630 adversus
1077 2595 1128 2640 sa-

242 2641 448 2682 pientifflmum
468 2642 619 2676 Dollorem
642 2645 783 2681 Cyrillum
804 2644 974 2687 eructavit,
999 2657 1031 2680 eo
1050 2648 1130 2690 quod
1140 2646 1143 2676 Ι

246 2691 362 2723 dixerit
371 2695 510 2724 Naturas
520 2692 571 2734 esse
585 2693 750 2736 Hypostases
761 2716 769 2726 .
798 2697 862 2736 Ego
876 2706 946 2728 num
958 2697 1033 2729 talia
1045 2696 1126 2731 diHa

243 2737 304 2779 fint
317 2740 390 2774 vere?
402 2741 480 2774 illius
498 2740 595 2785 sandi
609 2745 735 2783 Patris,
761 2755 802 2775 an
823 2743 946 2777 aliorum
959 2768 969 2784 ‚
996 2756 1053 2778 non
1075 2745 1127 2778 ba·

247 2789 298 2822 beo
307 2789 420 2823 dicere.
448 2789 608 2833 Univerfits
619 2798 698 2826 enim
715 2790 885 2835 sant‘lorum
909 2796 1036 2829 Patrum
1059 2799 1127 2829 Coe-

248 2847 296 2872 tus
310 2863 320 2879 ,
346 2840 381 2875 &³
401 2838 464 2882 ipsi!
483 2840 609 2875 sanum
633 2843 756 2880 cyrillus
786 2853 842 2875 non
863 2855 920 2876 uno
942 2846 999 2878 loco
1020 2846 1124 2880 dicunt

247 2889 336 2921 aliud
359 2889 411 2934 effe
444 2893 600 2924 Naturam
625 2915 637 2932 ‚
664 2893 698 2924 <St
719 2892 806 2926 aliud
833 2892 1025 2935 Hypostafim.
1079 2898 1124 2929 Et

248 2937 326 2972 banc
337 2940 470 2981 regulam
483 2938 586 2983 secuta
607 2940 760 2975 Catholica
770 2941 895 2983 Ecclesia
916 2944 995 2977 docet
1018 2943 1125 2984 Christi

249 2987 302 3030 effe
312 2989 388 3021 duas
400 2993 539 3022 Naturas
558 2995 680 3034 unitas3
706 2992 782 3027 duas
794 2995 864 3025 verb
886 2992 1053 3038 Hypostases
1071 2993 1124 3039 feu

248 3035 396 3080 Personas
417 3044 450 3070 in
466 3039 514 3072 illo
533 3039 667 3081 profiteri
688 3042 746 3077 vel
758 3040 921 3081 constituere
942 3055 1123 3088 nequaquam

249 3087 351 3121 audet.
378 3092 466 3120 Nam
487 3089 646 3132 Hypostasis
667 3090 747 3123 m‘bil
765 3090 811 3132 est
823 3092 928 3133 aliud,
953 3105 1043 3136 quam
1054 3102 1125 3137 pro-

243 3142 317 3181 pria
332 3135 495 3182 secundum
513 3137 547 3181 se
567 3138 674 3182 ipsam
693 3139 839 3184 Persona.
869 3142 994 3178 Eodem
1020 3144 1122 3180 modo

246 3187 627 3230 respondit,cyri11um
652 3190 783 3226 easdem
808 3190 853 3225 ob
873 3194 982 3228 causas
1006 3194 1125 3229 calum-

246 3236 380 3276 niauti,
403 3236 524 3280 Ioanni
554 3238 679 3282 Gy,gae
706 3238 875 3286 Principi,
902 3243 1063 3284 Herculi,
1087 3254 1124 3278 ac

248 3286 335 3329 apud
344 3285 581 3332 Alexandriam
593 3288 787 3325 Patriarchae
798 3291 946 3327 factionis
967 3291 1125 3327 Theodo-

247 3334 358 3374 sianae:
386 3341 491 3371 Utrum
502 3339 703 3379 Beaticyrtlli
710 3338 771 3381 fine
781 3351 864 3377 voces
885 3342 968 3381 illae,
988 3339 1048 3385 solt
1062 3344 1122 3376 Deo

248 3392 350 3425 notum
362 3385 399 3425 oq
411 3411 419 3424 2
445 3386 626 3424 Contrar-iae
643 3389 751 3425 saneti
764 3389 885 3432 cyrilli
904 3390 946 3425 de
957 3390 1020 3427 hoc
1030 3401 1125 3431 tanto

249 3433 413 3477 Mysterio
425 3448 520 3475 voces
543 3438 752 3475 Anastafium
773 3439 1004 3476 turbaverunt.
1032 3442 1126 3477 Hinc

1189 251 1362 296 suspicatus
1379 250 1424 286 est
1435 250 1515 302 has,
1535 264 1591 289 aut
1611 255 1685 295 istas
1703 256 1766 295 effe
1776 257 1968 300 suppositas,
1992 258 2060 292 fine

1190 299 1438 339 fundamento.
1446 291 1598 341 Certum
1624 306 1669 339 est
1693 304 1802 345 ambas
1827 308 1890 341 esse
1910 283 2059 350 {jusdem

1190 351 1325 395 Cyrilli.
1354 353 1398 386 Et
1425 351 1570 399 Cyrillus
1605 354 1650 388 est
1676 356 1850 393 innoxius,-
1887 356 1942 390 Est
1969 358 2061 393 enim

1188 402 1335 437 imitatus
1345 403 1457 440 suum
1449 413 1483 436 in
1494 401 1718 441 Alexandrina
1728 406 1889 443 Cathedsa
1907 404 2061 443 Anteces-

1190 453 1294 486 sorem
1329 452 1494 496 Magnum
1533 450 1746 489 Athanasium
1758 481 1769 496 ,
1802 456 1990 494 scribentem
2026 456 2062 489 in

1188 504 1304 545 quinta
1322 503 1472 537 oratione
1482 514 1595 538 contra
1619 502 1779 538 Arianos:
1810 509 1889 542 Deus
1909 517 2014 543 revera
2026 503 2063 546 est

1187 563 1249 587 una
1282 551 1427 595 eſsentia,
1448 564 1509 586 una
1528 551 1675 595 bypoflafis
1688 578 1699 594 ‚
1723 556 1758 592 (3
1789 567 1844 587 non
1865 557 1974 598 duplex
1988 580 1999 595 ,
2026 566 2064 589 ne

1188 602 1244 635 duo
1247 602 1309 644 fint
1313 608 1463 644 principia
1479 628 1485 635 .
1503 603 1556 637 *Et
1570 604 1603 637 in
1616 603 1728 650 litteris
1748 602 1789 640 ad
1802 606 1974 642 Africanos
1989 605 2065 648 Epi-

1190 653 1304 696 scopos
1326 651 1459 687 damnat
1480 652 1697 693 Ariminenfis
1725 654 1854 701 Synodi
1875 654 2064 695 decretum,

1190 702 1301 745 quod,
1326 703 1361 736 &
1382 713 1497 736 vocem
1520 701 1605 744 Ufia,

1188 751 1309 794 scripfit
1331 751 1379 789 uti
1391 752 1522 791 Divinae
1533 751 1696 795 Majestati
1708 755 1966 796 incompetentes
1989 776 2000 792 ,
2022 763 2067 787 at-

1190 812 1252 844 que
1262 801 1485 846 prosequitur:
1514 801 1671 844 Hyptfiafis
1682 813 1780 840 autem
1798 802 1925 846 essentia
1936 802 1974 843 est
1987 826 1997 842 ,
2020 814 2067 835 ne-

1188 851 1341 893 quealtud
1352 850 1549 895 fignificatum
1573 851 1663 885 habet
1675 875 1688 897 ,
1713 852 1771 894 m'fi
1791 852 1842 886 boc
1868 850 1964 895 ipsum
1990 853 2069 894 quod

1191 906 1359 940 Hieremias
1371 907 1527 944 Hyparxin
1542 907 1712 940 nominavit
1729 904 1828 938 dicens
1838 914 1852 942 ;
1878 908 1964 935 Nam
1984 902 2068 933 audi-

1183 950 1241 990 stis
1252 962 1350 984 vocem
1361 954 1537 994 &para-ios.
1569 956 1663 992 Nam¹
1674 951 1714 992 θ
1730 951 1885 995 Erpostafis
1909 954 1942 985 Θ·
1962 950 2025 994 Usta
2036 952 2071 984 td

1188 999 1284 1043 ipsum
1294 1001 1331 1042 est
1353 1003 1432 1043 quod
1439 1006 1591 1044 Hyparxis
1605 1027 1613 1035 .
1627 1023 1630 1027 -
1643 1005 1683 1040 ,Ac
1702 1001 1734 1047 fi
1745 1004 1828 1040 dicas
1846 1001 2069 1045 subfistentiam,

1189 1052 1224 1084 la·
1229 1048 1438 1093 subsistentiam
1449 1053 1498 1096 effe
1507 1054 1585 1085 idem
1595 1062 1658 1085 cum
1671 1052 1803 1094 effentia,
1831 1052 1875 1090 Et
1898 1052 1934 1085 in
1956 1051 2071 1090 litteris

1189 1100 1230 1136 ad
1242 1100 1488 1136 Antiochenam
1499 1102 1674 1136 Ecclesiam
1686 1102 1822 1136 affirmat
1843 1101 2012 1144 antiquam
2034 1099 2070 1134 R·

1190 1150 1257 1183 lam
1278 1151 1313 1184 &
1324 1151 1535 1194 periculosam
1555 1152 1639 1187 inter
1660 1152 1846 1187 orientales
1857 1163 1893 1189 ac
1905 1150 2071 1191 Occiden-

1187 1199 1268 1233 tales
1281 1200 1460 1244 Episcopos
1471 1202 1511 1236 de
1523 1201 1624 1236 tribus
1635 1201 1858 1245 hypostasibus
1869 1202 1961 1240 litem
1978 1200 2072 1234 fuine

1189 1248 1380 1284 fundatam·
1371 1263 1407 1285 m
1418 1262 1460 1290 eo
1470 1275 1481 1296 ,
1491 1251 1581 1300 quod
1594 1263 1706 1286 vocem
1717 1251 1932 1295 Hypostafis,
1944 1250 2000 1284 alii
2010 1261 2070 1292 pro

1191 1297 1330 1335 Persona
1343 1301 1525 1347 acciperent
1537 1326 1548 1343 ,
1573 1302 1632 1339 alii
1651 1313 1710 1345 pto
1730 1301 1862 1341 essentia
1878 1302 1912 1335 &
1935 1310 2070 1334 natura.

1190 1349 1324 1383 Sanstus
1334 1350 1503 1392 Cyrinus,
1528 1352 1689 1389 uti&alii
1710 1352 1842 1395 quidam
1865 1351 1997 1388 Patres,
2021 1360 2073 1382 ac·

1189 1406 1341 1442 ceperunt
1353 1410 1492 1441 utroque
1512 1400 1630 1434 modo.
1659 1400 1812 1443 Utraque
1833 1399 2074 1443 significatione

1190 1451 1292 1485 ntitur
1312 1451 1411 1485 etiam
1429 1449 1561 1484 sanstus
1583 1448 1803 1493 Epiphanius.
1832 1450 1969 1482 Etenim
1983 1447 2076 1482 Aria-

1191 1499 1243 1533 nis
1258 1525 1269 1540 ,
1293 1510 1430 1540 vocem,
1458 1499 1520 1540 Ussa
1532 1502 1585 1534 seu
1597 1500 1737 1542 essentia,
1761 1498 2075 1542 repudiantibus,&

1190 1549 1407 1583 clamantibus
1419 1561 1488 1583 non
1497 1550 1625 1592 reperiri
1639 1549 1674 1582 in
1689 1550 1783 1586 sacris
1794 1549 1910 1582 litteris
1922 1547 2075 1591 reposuit.-

1191 1603 1333 1643 Ignorant
1343 1601 1424 1632 idem
1437 1600 1488 1642 esse
1499 1597 1673 1641 Hypostafim
1688 1608 1741 1631 aut
1762 1597 1855 1640 Ufiam
1866 1599 1961 1631 dicere
1970 1622 1978 1630 .
2005 1595 2077 1630 Ad-

1190 1651 1298 1683 firmat
1312 1660 1425 1687 vocem
1437 1647 1594 1690 fflpostasss
1606 1650 1734 1691 reperiri
1747 1649 1780 1681 in
1795 1648 1940 1691 Epistola
1952 1646 1993 1681 ad
2007 1648 2077 1689 He-

1191 1698 1284 1737 breos
1296 1723 1307 1740 ‚
1333 1698 1474 1742 ideoque
1493 1699 1758 1744 &significatum
1774 1697 1862 1731 vocis
1874 1722 1885 1737 ‚
1910 1697 1974 1739 Usta
1991 1721 1998 1728 .
2027 1697 2076 1729 Ar.

1192 1749 1268 1783 vero
1292 1749 1328 1782 in
1353 1748 1419 1783 alio
1446 1749 1523 1782 loco
1544 1746 1675 1787 scribit,-
1712 1747 1757 1786 ob
1782 1749 1816 1780 id
1844 1745 2015 1790 Hypostases
2035 1746 2075 1779 ab

1193 1797 1393 1833 Orientalibus
1403 1797 1584 1842 usurpantur
1593 1823 1604 1840 ,
1626 1807 1659 1831 ut
1671 1796 1867 1840 Personarum
1872 1804 2074 1839 proprletates

1190 1848 1372 1898 subfistentes
1386 1860 1420 1882 ac
1438 1847 1592 1889 existentes
1612 1849 1779 1882 declarent.
1810 1849 1949 1882 Etiam'
1942 1861 1975 1880 in
1999 1845 2075 1880 fidei

1190 1900 1392 1942 expositione
1400 1898 1487 1935 dixit
1507 1899 1640 1936 sanstus
1652 1898 1832 1942 Gregorius
1854 1897 2078 1931 Thaumatur-

1630 703 1664 741 &
1684 713 1800 743 νοεςαι
1821 702 1971 749 hypostasis
1994 715 2064 747 pro·
2083 702 2142 738 Fol-
2172 711 2238 739 719·

2097 1759 2258 1801 Heres1690

2094 1812 2119 1831 C
2141 1812 2185 1835 70.

2098 1844 2121 1870 Η
2132 1839 2252 1878 eres73.

2093 1890 2119 1912 C
2134 1886 2177 1911 16·

1193 1959 1275 1994 gus:
1294 1950 1408 1982 Pater
1429 1949 1464 1983 &⁵
1498 1949 1597 1985 Filius
1627 1953 1738 1981 mentis
1763 1945 1984 1987 confidet-atione
2020 1947 2098 1986 duo„

1194 1997 1287 2042 sunt,
1313 1995 1459 2040 Hypostafi
1446 2008 1568 2034 nunus..
1604 1997 1707 2034 Dixit
1726 1995 1874 2031 adversus
1900 1996 2079 2030 AElianum

1193 2044 1351 2092 gentilem
1362 2073 1372 2089 ‚
1399 2045 1537 2091 ideoque
1549 2047 1665 2092 gentili
1675 2057 1767 2084 more
1779 2071 1789 2086 ‚
1817 2059 1929 2080 vocem
1941 2045 2080 2089 Hyposta-

1187 2096 1251 2144 fis,
1271 2097 1401 2155 ι,ειειτιτρῐῑ
1421 2098 1637 2140 proeffentia:
1665 2097 1944 2131 Accommodavit
1968 2098 1999 2130 se
2020 2096 2080 2129 ho-

1196 2148 1323 2182 miniin
1334 2157 1431 2191 quem
1442 2146 1645 2190 disputabat
1675 2146 1754 2180 Erat
1778 2146 1901 2182 locutio
1922 2145 2077 2186 liberior,

1197 2210 1259 2243 qua
1271 2196 1445 2242 postmodo
1458 2196 1574 2230 Ariani
1589 2198 1660 2230 sunt
1682 2196 1782 2230 abusi
1810 2197 1982 2230 Hincnon
2007 2196 2079 2230 imi-

1197 2248 1314 2283 tanda.
1341 2246 1423 2282 Haec
1434 2244 1531 2280 habet
1542 2246 1687 2291 Magnus
1700 2246 1864 2285 Bafilius
1855 2258 1890 2282 in
1901 2246 2016 2281 litteris
2036 2245 2077 2280 ad

1197 2297 1372 2336 Ecclesiam
1384 2297 1472 2330 Neo·
1477 2296 1725 2333 Caesareensem.

1247 2346 1443 2390 Cyrillum'
1434 2357 1467 2379 m
1485 2346 1628 2387 famosa,
1655 2357 1753 2390 quam
1776 2344 2076 2386 interorthodoxos

1195 2409 1232 2432 ac
1243 2398 1433 2432 Severianos
1455 2396 1635 2443 Episcopos
1659 2395 1770 2434 haberi
1790 2394 1875 2443 juffic
1898 2396 2077 2439 Imperator

1195 2446 1391 2491 justinianus
1402 2445 1600 2486 collatione,
1619 2446 1789 2490 insigniter
1799 2446 1948 2480 defendit
1961 2448 2077 2491 Hypa-

1194 2498 1258 2531 tius
1285 2496 1414 2530 Archi-
1426 2495 1604 2538 Episcopus
1627 2495 1822 2543 Ephefinus.
1861 2496 2013 2538 Etenim
2021 2499 2076 2538 Se·

2099 2224 2180 2263 ¹pist-
2204 2235 2233 2262 5·

1194 2545 1331 2581 verianis
1341 2545 1582 2579 accusantibus.
1578 2560 1585 2566 ·
1612 2545 1735 2582 cyrillus
1759 2551 1791 2577 in
1815 2546 1946 2586 Epistola
1967 2548 2081 2590 ἄαοᾰαῐ
2121 2573 2129 2583 .

1197 2603 1253 2632 cim
1277 2596 1484 2637 Capitulorum
1495 2597 1570 2628 duas
1581 2593 1747 2638 Hypqllases
1753 2603 1810 2636 pro
1819 2596 1933 2629 duabus
1954 2602 2074 2631 naturis

1193 2648 1280 2685 dicit,
1310 2645 1468 2687 reposuit
1494 2647 1564 2678 Ant
1558 2650 1616 2686 ¹qui
1644 2647 1778 2684 Patres,
1810 2646 1844 2677 er
1863 2648 1995 2679 maxime
2014 2650 2073 2704 33⁰·

1192 2701 1295 2733 mani,
1316 2702 1371 2736 pro
1403 2693 1564 2737 Hspostafi,
1599 2695 1634 2727 Θ
1666 2699 1839 2734 Naturam,
1870 2696 1904 2728 (θ’
1926 2686 2072 2738 subfislen-
2114 2735 2119 2741 ,

1191 2751 1267 2780 tiam
1293 2744 1525 2787 nuncupabant.
1564 2744 1648 2778 Unde
1665 2743 1739 2785 ficut
1766 2755 1857 2777 unam
1892 2749 2085 2797 Naturam,

1191 2796 1226 2829 (¹5
1251 2805 1343 2829 unam
1367 2794 1534 2840 effemiam,
1559 2799 1603 2826 ita
1628 2795 1662 2827 (5
1686 2805 1781 2831 unam
1801 2793 1972 2836 Hypostafim
1996 2799 2085 2837 satq-

1190 2844 1245 2878 ⁶¹1ae
1283 2847 1444 2879 Trinitatis
1484 2843 1536 2889 effe
1570 2842 1726 2877 dicebant.
1764 2844 1970 2882 orientalibus
1996 2848 2067 2880 ver&

1183 2893 1298 2937 sanc¹lis
1326 2893 1471 2930 Patribus
1494 2901 1552 2934 pro
1577 2892 1706 2938 Persona
1725 2892 1950 2941 sufiipientibus
1977 2900 2070 2937 Hypo·

1181 2943 1300 2987 stafim‚
1327 2945 1361 2979 (²5
1380 2942 1454 2987 ficut
1472 2951 1535 2978 tres
1562 2941 1705 2986 Personas
1726 2966 1737 2983 ,
1761 2950 1808 2979 ita
1831 2945 1865 2980 (θ’
1889 2953 1949 2978 tres
1976 2946 2069 2991 Ι-ζφρο·

1185 2992 1276 3037 stases
1302 2999 1335 3027 in
1361 2993 1473 3027 5am¹7a
1498 2996 1649 3028 Trinitate
1680 2994 1848 3031 dicentibus
1878 3002 1934 3036 per
1968 2995 2065 3028 multa

1187 3052 1318 3085 tempora
1343 3044 1486 3084 dzffidlum
1506 3042 1626 3084 fadum
1660 3042 1699 3087 est
1732 3049 1813 3080 inter
1839 3047 2009 3078 orientales
2030 3045 2065 3078 Θ

1188 3092 1387 3127 occidentales
1421 3091 1544 3127 sanetas
1580 3092 1721 3134 Ecclesias
1741 3119 1749 3127 .
1790 3093 1938 3137 Exponit
1972 3093 2064 3128 istius

1187 3141 1411 3177 controverfiae
1431 3142 1568 3184 seriem,
1591 3152 1689 3183 atque
1716 3144 1907 3181 concludit:
1936 3142 2063 3176 sanlius

1189 3190 1360 3233 Athanafius
1384 3190 1537 3234 utriusque
1559 3191 1670 3235 ltnguae
1690 3199 1832 3239 peritus,
1851 3201 1908 3238 per
1920 3196 1978 3229 Dei
1992 3204 2063 3237 gra-

1187 3249 1262 3276 tiam
1285 3242 1331 3273 ad
1342 3243 1532 3276 ‘concordiam
1556 3248 1726 3277 revocavit.
1764 3247 1811 3279 Et
1834 3243 1873 3278 ab
1897 3254 1929 3279 eo
1955 3252 2066 3285 tempo-

1188 3305 1218 3326 re
1242 3289 1329 3334 usque
1351 3297 1386 3326 tn
1406 3289 1581 3325 hodiernum
1604 3293 1685 3326 diem
1707 3293 1838 3338 &apud
1858 3303 1913 3328 nos
1929 3294 1964 3327 ἐν
1981 3292 2066 3338 apud

1189 3347 1356 3381 Romanos,
1384 3339 1458 3386 ficut
1482 3353 1543 3378 una
1568 3341 1727 3387 Hypestafis
1745 3367 1756 3384 ‚
1791 3343 1826 3376 ό·
1850 3353 1919 3381 ηηα,
1935 3346 2063 3387 Natura

1188 3399 1221 3430 in
1243 3395 1392 3426 Trinitate
1412 3389 1570 3435 sufiipitur
1581 3414 1597 3430 ,
1621 3392 1654 3424 (τ
1671 3389 1741 3434 ficut
1766 3399 1828 3426 tres
1856 3389 2000 3435 Personas
2027 3397 2062 3426 m

1191 3441 1302 3477 santra
1328 3444 1476 3476 Trinitate
1499 3439 1688 3482 eonfitemur,
1713 3440 2062 3489 ita&tressubstantias

1947 3492 2008 3534 glo·
