2340 3736
77 811 234 851 L.2.Epist.

67 859 130 890 ‘¹4·
155 863 196 888 15.

79 893 108 922 F.
134 903 195 928 ¹93·

77 935 139 969 L3.
158 942 234 973 023.

81 984 95 1001 2
120 990 127 1000 ι

80 1162 144 1199 Ι..3-
157 1166 230 1196 026-

500 122 607 166 Da
678 120 1270 167 LATRQCINIO
1340 120 1825 170 EPHESINO.

254 206 339 243 inter
360 207 559 240 Francorum
581 203 761 246 Episcopos
780 201 917 247 graviter
938 201 1134 237 lamentatur

257 255 451 292 Chronicon
464 251 637 297 Thegani.
664 253 775 286 Etiam
789 252 972 287 Gerardum
984 252 1135 300 Engolifi

256 306 400 341 mensem
424 304 622 347 Episcopum
645 302 709 336 hoc
733 303 816 337 vitio
839 303 874 335 in
895 302 984 340 Petri
1012 302 1135 346 Leonis

254 354 393 392 schisma
405 354 571 396 profecisse
582 353 716 392 testatur
727 351 888 392 Arnulfus
900 350 1134 398 Arch‘iijaco-

255 416 316 441 nus
329 403 478 442 Ecclefiae
503 397 681 447 sagiensis.
712 403 755 437 Et
768 402 910 439 scandali
936 401 970 433 in
987 400 1133 435 Leonem

253 455 384 492 tertium
396 453 595 492 Pontificem
608 453 758 490 attentati
771 455 911 486 austeres
934 451 1026 485 fuisse
1036 461 1133 493 nepo·

252 514 302 538 tes
316 504 536 542 Antecessoris
548 503 688 540 Adriani
699 501 794 548 primi
820 500 963 545 scribunt
976 511 1132 544 magnum

253 552 364 598 Belgii
410 552 604 590 Chronicon
636 553 672 591 ἃ
704 550 904 588 Guilielmus
938 550 1134 589 Malmesbe=

254 604 383 638 rienfis.

305 652 409 687 Porro
421 664 530 688 aureas
552 662 679 690 cruces,
706 651 833 694 aliaque
851 650 1063 686 Ecclefiarum
1085 661 1133 685 or-

254 714 409 738 namenta
422 704 455 736 in
467 702 728 746 consanguineos
738 699 933 743 profundere
953 701 996 734 est
1009 702 1131 735 crimen

253 766 407 791 enorme,
433 751 512 794 Ejus
534 752 628 790 causa
652 750 806 789 Natalem
829 751 1059 793 Salonitanum
1073 751 1133 787 Ar-

254 803 519 847 chiesspiscopum
533 800 677 837 Romam
689 801 840 838 evocavit
857 801 1038 847 Gregorius
1062 801 1133 835 Ma-

252 863 337 900 gnus
350 877 360 897 ‚
385 851 570 890 Rudolfum
584 851 829 897 Moguntinum
840 851 934 897 fuisse
944 852 1133 898 ρῃᾳιῃᾶοηε

254 914 328 940 tum
349 900 458 935 scribit
469 912 627 946 magnum
640 902 746 946 Belgii
765 900 979 936 Chronicon:
1006 900 1133 940 Dunel—

252 954 396 987 mensem
422 951 622 995 Episcopum
647 977 658 992 ‚
694 952 774 991 dum
806 951 908 990 Archi
918 971 928 977 -
941 952 1132 988 Diaconum

250 1002 346 1044 hujus
356 1002 473 1036 crimin
482 1005 506 1035 is
518 1013 608 1036 reum
631 1013 699 1035 non
711 1000 856 1036 vindicat
868 1026 878 1042 ,
904 1002 1058 1046 punitum
1082 1001 1130 1035 di-

250 1052 374 1086 vinitus
396 1053 539 1095 Symeon
554 1052 742 1092 Monachus
757 1051 984 1091 Dunelmenfis
998 1075 1006 1084 .

300 1101 425 1136 Merito
435 1103 534 1148 igitur
544 1102 693 1142 laudatur
702 1102 719 1135 a
731 1103 757 1135 F
759 1101 919 1136 lodoardo
931 1102 1132 1142 Hinctuarus

250 1151 419 1187 Remenfis
430 1178 440 1193 ‚
466 1153 554 1196 quod
581 1151 746 1190 Bernardo
766 1152 893 1186 Comiti
904 1151 1103 1192 Tholosano
1123 1178 1133 1194 ‚

249 1205 438 1247 propinquo
452 1203 508 1235 suo
520 1226 530 1241 ‚
556 1202 704 1237 Ecclefiae
716 1202 883 1241 Remenfis
895 1201 978 1246 apud
993 1203 1130 1250 Aquita—

248 1264 312 1286 nos
322 1253 408 1286 bona
421 1253 453 1290 in
466 1253 656 1294 praestariam
677 1252 853 1296 postulanti
875 1252 1075 1298 responderit
1099 1259 1143 1302 ie¹

246 1313 309 1336 nec
321 1301 410 1345 posse
436 1312 495 1335 nec
516 1301 633 1336 audere
652 1301 698 1336 ob
718 1303 827 1336 Sanc‘ti
846 1302 995 1346 Remigii
1021 1302 1130 1347 prohi-

247 1352 354 1386 bentis
366 1351 605 1386 testamentum.
633 1352 808 1391 Ludovico
818 1353 917 1387 tertio
929 1353 1129 1391 Francorum

246 1401 373 1447 Regi,
410 1412 524 1435 omnes
562 1402 631 1446 ejus
666 1403 933 1447 consanguineos
969 1402 1130 1441 honorare

246 1451 444 1495 spondenti,
470 1451 654 1491 dummodo
678 1450 833 1487 Odoacro
851 1476 862 1492 ,
890 1451 1019 1492 homini
1047 1453 1127 1488 indi-

246 1513 319 1546 gno
346 1502 553 1536 confirmaret
590 1502 825 1546 Episcopatum
860 1502 1130 1546 Belluacensem‚

246 1551 321 1586 vere
347 1552 571 1596 episcopaliter
595 1553 763 1597 respondit
789 1552 879 1593 idem
896 1554 1099 1594 Hincmarus
1119 1569 1130 1589 :

1933 138 1995 188 45

1194 203 1232 237 In
1254 198 1424 242 Epiftvpali
1448 201 1602 242 mimsteric’
1620 207 1767 240 carnalem
1784 212 1982 250 propinquum
2008 217 2066 239 non
2089 202 2243 241 Epist-¹23

1196 247 1371 293 recognvfioe·
1399 251 1443 288 Et
1454 251 1648 289 Benedictus
1657 254 1869 292 duodecimus
1882 281 1892 296 ,
1919 256 2070 291 laudatis·
2086 253 2140 280 ⁰9·
2156 254 2199 273 ¹⁰·

1196 301 1289 347 fimus
1300 299 1457 340 Pontifex
1467 324 1479 351 ²,
1498 303 1687 351 accedentes
1696 307 1959 351 consanguineos
1969 317 2068 351 agno·

1197 351 1264 403 vig,
1290 360 1327 384 ut
1340 351 1501 393 Iacobus,
1527 362 1596 394 ηοξ]
1620 363 1655 385 ut
1678 352 1855 398 Pontifex,
1878 358 1933 399 qui
1959 356 2068 392 nullos

1195 401 1454 444 consanguineos
1466 400 1583 434 habeat
1596 424 1607 440 ‚
1633 402 1740 444 eisque
1762 418 1830 443 non
1852 405 1942 440 dedit
1957 405 2067 447 aliud,

1196 450 1252 484 nisi
1275 446 1463 488 necessarias
1482 449 1609 485 itineris
1629 451 1804 495 impensas.
1832 454 1942 490 Antea
1977 455 2068 489 enim

1197 500 1374 539 vocabatur
1394 502 1532 546 Jacobus
1542 501 1583 536 de
1592 501 1620 534 F
1621 513 1704 536 urno
1716 527 1726 542 ‚
1753 504 1941 539 Monachus
1952 505 2071 541 Cister-

1194 551 1305 591 cienlis
1317 577 1324 585 .
1351 552 1432 590 Haec
1444 553 1538 591 refert
1549 563 1706 597 magnum
1733 553 1839 597 Belgii
1852 554 2046 596 Chronicon
2059 582 2069 600 ‚

1194 600 1315 635 addens
1340 602 1381 636 de
1397 603 1614 636 laudatiffimo
1642 603 1720 651 item
1733 602 1895 648 Pontifice
1906 607 2069 651 Gregorio
2088 623 2111 649 p,
2135 624 2202 658 298·

1193 652 1370 685 undecimo
1384 677 1391 683 .
1418 654 1496 685 Ades
1517 654 1537 684 ἃ
1557 659 1686 697 cognatis
1704 651 1768 695 ficis
1790 655 1873 694 apud
1894 653 2071 692 Avenione'in

1188 700 1383 744 fatigabatur
1396 726 1406 741 ,
1434 712 1467 736 ut
1489 709 1591 736 exiens
1613 705 1651 736 de
1673 711 1754 736 terra
1780 705 1814 737 (9⁶
1832 711 1998 747 cognatione
2014 706 2072 750 sua

1194 754 1320 783 Romam
1335 749 1565 795 proficifieretur
1576 778 1583 789 2
1609 753 1788 801 Opulentis
1799 755 1889 787 enim
1903 754 2072 800 Episcopis

1194 802 1228 835 ὅ(
1248 800 1386 840 Clericis
1407 805 1542 846 cognati
1562 812 1729 847 tamquam
1756 805 1957 849 sanguisugae
1968 805 2072 840 solent

1195 850 1349 889 incubare
1359 876 1366 883 .
1401 851 1443 892 Et
1456 851 1535 887 hinc
1546 853 1762 890 Ecclefiarum
1775 853 1863 888 bona
1875 854 1916 888 ab
1940 854 2073 898 Episco-
2090 852 2122 898 C}-
2138 858 2182 894 ,²5-

1197 912 1310 946 porum
1322 903 1574 948 consanguineis
1586 904 1653 948 regi
1681 914 1738 938 aut
1748 904 1965 950 administrari
1986 915 2072 952 vetat
2089 888 2210 958 (T'ssgssel'

1196 951 1314 992 Canon
1327 951 1560 996 (Antioc-benus
1572 979 1579 986 .
1607 953 1663 988 Ab
1681 965 1796 1001 eorum
1822 954 2075 1003 administratio-
2093 975 2126 998 A.
2139 950 2223 1007 1¹·39·

1198 1013 1238 1035 ne
1261 1013 1422 1047 cognatos
1444 1004 1604 1047 Hugonis
1627 1005 1757 1038 secundi
1772 1029 1783 1045 ,
1805 1003 1944 1040 Abbatis
1965 1002 2075 1040 slanffl

1197 1052 1376 1096 Augustini
1397 1053 1660 1095 Cantuarienfis,
1686 1055 1780 1099 ejecit
1793 1056 2007 1091 Innocentius
2033 1058 2076 1091 se-

1195 1102 1345 1142 cundus,
1370 1103 1516 1138 imitatus
1530 1104 1729 1149 Gregorium
1753 1106 1940 1150 Magnum,
1966 1107 1984 1140 a
2007 1118 2074 1148 quo

1197 1152 1334 1196 Joannis
1355 1153 1458 1195 quarti
1478 1154 1672 1188 Patriarchae
1708 1155 2073 1201 Constantinopolitani

1198 1213 1297 1247 nepos
1308 1201 1326 1235 ὲ
1337 1201 1466 1236 Palatio
1479 1203 1692 1242 patriarchali
1713 1206 1831 1246 ejectus
1854 1206 1898 1241 est
1910 1232 1921 1248 ,
1946 1206 1991 1241 ob
2002 1219 2077 1241 cau·
2093 1203 2148 1230 Li.
2163 1198 2249 1237 Epist.

1197 1250 1290 1286 sasiri
1304 1252 1370 1296 ejus
1382 1252 1497 1290 litteris
1506 1253 1648 1292 omnino
1659 1254 1830 1292 videndas.
2094 1253 2110 1277 9
2121 1252 2140 1269 ¹·

1245 1302 1317 1336 Hic
1327 1302 1429 1346 igitur
1441 1303 1545 1337 carnis
1555 1304 1589 1337 ὅ(
1601 1304 1770 1348 sanguinis
1781 1316 1873 1339 amor
1884 1308 1928 1340 est
1943 1309 2076 1342 tertium

1197 1353 1319 1387 crimen
1332 1377 1343 1392 ,
1369 1352 1457 1394 quod
1471 1353 1503 1386 in
1517 1353 1655 1397 Synodo
1675 1354 1842 1398 Berytensi
1856 1356 2007 1400 Episcopi
2031 1358 2078 1399 ju-

1197 1403 1284 1439 dices
1294 1403 1448 1437 dixerunt
1458 1405 1521 1438 esse
1531 1404 1658 1448 pietatis
1669 1405 1893 1447 proditionem
1906 1408 2021 1441 fastam
2032 1409 2077 1441 ob

1197 1454 1374 1496 pecunias,
1400 1455 1528 1491 causam
1549 1454 1765 1496 sufficientem
1787 1454 1827 1490 ad
1852 1455 2077 1492 damnandum

1198 1503 1419 1547 Episcopum,
1446 1503 1585 1548 ideoque
1611 1516 1687 1539 ante
1706 1505 1820 1540 omnia
1832 1505 2007 1544 voluerunt
2034 1509 2076 1544 ab

2088 738 2200 772 F.319.

1196 1553 1437 1595 accusatoribus
1447 1554 1482 1588 in
1495 1554 1588 1590 Ibam
1602 1555 1728 1599 probari
1742 1580 1749 1592 .,
1793 1581 1796 1582 ⁷

663 1809 1504 1917 CAPITULUM
1561 1826 1660 1912 X.

216 2100 221 2105 „
399 2037 487 2084 Uia
522 2034 628 2088 dum
662 2039 876 2091 memoria
912 2039 1034 2089 fieret
1068 2038 1308 2092 sancitorum
1344 2047 1591 2112 Martyrum
1617 2080 1632 2105 ‚
1666 2062 1755 2096 non
1790 2046 1850 2096 est
1885 2045 2083 2115 datum*

436 2109 587 2153 vinum
623 2106 680 2153 ad
714 2106 967 2159 sacrificium
1002 2112 1176 2172 altaris,
1215 2111 1271 2161 ad
1306 2111 1712 2174 sanctificationem,
1750 2121 1792 2166 δε
1823 2119 1975 2185 populi
2011 2117 2080 2166 di-

252 2172 551 2222 stributionem
584 2211 597 2234 ‚
632 2175 711 2223 nifi
746 2176 982 2229 admodum
1019 2184 1220 2244 exiguum
1245 2218 1259 2241 ,
1306 2187 1348 2231 &
1383 2182 1586 2232 vitiosum
1613 2220 1627 2244 ‚
1675 2202 1726 2233 ac
1771 2187 1958 2236 lutosum
1985 2225 1998 2248 ,
2035 2193 2079 2237 δε

252 2242 373 2309 quasi
409 2261 462 2292 eo
497 2260 696 2310 tempore
732 2247 1051 2299 vindemiatum
1080 2271 1091 2299 :
1127 2254 1192 2303 Ut
1227 2269 1282 2302 ex
1315 2252 1398 2300 hoc
1435 2270 1691 2316 cogerentur
1715 2292 1728 2316 ‚
1765 2259 1844 2322 qui
1880 2257 2079 2324 deputati

254 2313 422 2361 fuerant
457 2314 695 2363 ministrare
706 2352 719 2376 ‚
756 2315 811 2365 de
845 2317 1036 2369 tabernis,
1070 2320 1254 2370 omnino
1289 2322 1434 2383 vitiosi
1469 2341 1718 2391 comparare
1754 2325 1822 2376 sex
1857 2325 2077 2387 sextarios,

252 2385 332 2450 qui
368 2400 447 2432 nec
484 2383 742 2436 sufficerent:
780 2385 855 2436 -Ιῑὲ
892 2405 940 2438 ut
976 2389 1071 2451 his,
1106 2394 1185 2457 qui
1221 2389 1408 2442 sanctum
1445 2410 1599 2461 corpus
1634 2394 1945 2447 distribuebant
1964 2435 1977 2458 ,
2013 2403 2079 2447 in-

252 2470 405 2503 nueret
442 2470 490 2503 ut
526 2455 850 2518 ingrederentur
886 2496 899 2520 ,
944 2462 1051 2526 quia
1085 2458 1254 2524 sanguis
1290 2480 1380 2511 non
1416 2465 1721 2524 inveniretur3
1768 2468 1854 2515 illis
1890 2467 2078 2517 bibenti-

250 2523 331 2572 bus
359 2561 372 2584 ,
426 2528 469 2572 &
504 2540 606 2573 tunc
642 2543 692 2574 ac
728 2526 888 2597 semper
923 2530 1183 2586 habentibus
1219 2531 1435 2583 diversum
1470 2538 1514 2583 ὅτ.
1547 2536 1746 2589 mirabile
1779 2540 1932 2603 vinum
1958 2575 1972 2589 .
2010 2544 2077 2603 Et

251 2593 342 2641 haec
378 2599 471 2642 acta
506 2593 603 2645 sunt
636 2596 810 2648 conscio
845 2605 888 2652 δε
924 2600 1151 2656 admonito
1186 2621 1265 2663 eo,
1300 2606 1380 2670 qui
1414 2604 1674 2671 potestatem
1700 2607 2078 2673 ministeriorumd

252 2663 462 2714 habebat:
500 2667 571 2715 cui
594 2671 649 2716 δε,
682 2666 845 2717 dictum
879 2670 941 2720 est
963 2687 1023 2726 ut
1059 2677 1101 2722 δε
1137 2672 1224 2741 ipse
1259 2674 1510 2727 admoneret
1538 2675 1798 2745 Episcopum
1835 2695 1934 2738 cum
1969 2673 2078 2735 fidu-

252 2735 320 2781 cia
341 2768 352 2779 .
389 2735 590 2787 Etcum
624 2740 734 2788 nihil
772 2738 933 2791 fecisset
957 2779 970 2802 ,
1007 2743 1086 2792 illo
1121 2759 1317 2811 tempore
1352 2748 1491 2795 coaffiti
1526 2744 1668 2797 sumus
1705 2766 1782 2797 nos
1818 2752 1861 2806 δε
1896 2747 2078 2818 ipsum-

251 2804 662 2856 Reverendiffimum
698 2809 956 2879 Episcopum
992 2813 1136 2863 rursus
1168 2814 1429 2872 admonere.
1467 2820 1525 2865 Et
1561 2818 1661 2872 cum
1690 2816 1924 2880 didicisset,
1960 2818 2078 2882 haud

250 2890 471 2992 plepmotus
506 2876 568 2925 est
590 2914 604 2939 ‚
638 2878 710 2929 sed
745 2882 1031 2954 contempsit,
1067 2882 1134 2936 ita.
1166 2902 1217 2936 ut
1252 2887 1382 2937 multi
1406 2886 1558 2937 nostrae
1587 2891 1784 2939 civitatis
1821 2890 1922 2939 hinc
1957 2889 2077 2940 scan-

283 2961 307 2992 a
325 2961 560 2996 izarentur.
1149 2959 1150 2962 ’

1194 3114 1311 3148 vinum
1332 3124 1474 3149 recenter
1497 3114 1737 3151 vindemiatum
1759 3116 1793 3151 in
1818 3117 1974 3152 ficrificio
1994 3116 2074 3150 citra

1195 3165 1412 3201 neceffitatem
1422 3164 1586 3208 usurpasse
1595 3178 1651 3200 aut
1664 3168 1833 3211 permisisse
1845 3193 1853 3200 .
1882 3168 2074 3201 Etiamnum

1193 3212 1293 3248 hodie
1315 3215 1495 3257 frequenter
1519 3216 1654 3252 meliora
1674 3218 1760 3262 gulae
1782 3217 1822 3252 ad
1847 3217 1992 3258 mensam
2001 3227 2076 3259 pro·

1193 3262 1360 3307 phanam‚
1386 3265 1463 3300 Deo
1473 3264 1514 3299 ad
1527 3266 1687 3302 Divinam
1709 3267 1827 3302 damus
1836 3268 1913 3307 vina
1937 3265 2075 3310 viliora,

468 3104 909 3160 SC‘HOLIONa

247 3246 416 3331 Hlnc
427 3259 514 3292 patet
525 3250 689 3291 decretum
709 3256 767 3292 sub
778 3257 852 3300 Julii
872 3259 974 3303 primi
983 3257 1127 3295 Pontifi-

307 3315 316 3319 ·»
382 3311 428 3333 cis
437 3302 574 3336 nomine
586 3304 752 3349 vulgatum
765 3332 775 3348 ‚
801 3310 890 3353 quod
904 3322 1040 3346 uvarum
1057 3322 1128 3356 gra·

248 3359 291 3382 na
326 3351 506 3385 consecrari
543 3363 629 3387 vetat
661 3380 672 3395 ‚
709 3359 898 3399 permittens
933 3362 1124 3396 necessitatis

245 3399 341 3453 causa
363 3401 500 3443 exprimi
524 3402 559 3436 in
580 3404 714 3439 calicem
734 3430 745 3445 ‚
781 3409 844 3443 effe
864 3409 1006 3454 antiquae
1030 3411 1126 3445 tradi-

244 3449 331 3483 tioni
356 3452 528 3488 conforme
551 3480 557 3487 .
596 3453 687 3492 Nam
711 3457 746 3494 ὀε
771 3455 827 3494 hic
860 3461 1026 3498 accusatur
1051 3459 1122 3497 lbas

1194 3324 1298 3356 neque
1318 3324 1450 3356 tamen,
1476 3315 1566 3357 quod
1588 3317 1700 3361 pejus,
1728 3317 1881 3361 punimur
1907 3326 1964 3359 aut
1984 3328 2076 3350 accu-

1194 3364 1301 3398 samur
1323 3389 1330 3396 .
1357 3365 1411 3400 Ex
1432 3364 1498 3400 hoc
1524 3366 1603 3403 item
1628 3367 1784 3411 Capitulo
1810 3377 1897 3411 patet
1923 3369 2016 3411 panis
2042 3366 2076 3399 δε

1193 3414 1260 3447 vini
1281 3414 1317 3448 in
1338 3415 1433 3452 altari
1453 3416 1742 3453 sanstificatiouem
1766 3418 1829 3453 effe
1852 3428 1964 3453 verum
1988 3416 2077 3451 sacri-

1192 3463 1322 3506 ficium.

1947 3513 2028 3548 CA-
