2340 3736
677 81 762 123 AJ‘)
798 78 1082 123 SYNODUM
1117 65 1709 129 CHALCEDONENSEM.

272 164 420 195 memoriae
437 185 449 202 ,
475 161 513 195 6·
531 158 676 202 Eusebius
695 160 943 200 reverendiffimus
954 157 1118 201 Episcopus
1130 180 1141 196 ,

270 225 308 245 cx
321 213 477 254 Gestorum
489 212 524 244 ό·
534 215 728 253 cognitionum
736 206 912 253 fi-rutatione
924 235 935 250 ,
962 212 996 245 (5
1005 208 1073 252 ipsa
1086 219 1154 243 voce

269 262 466 304 quorumdam
478 283 488 299 ,
514 266 566 302 qui
577 269 646 293 tunc
658 262 765 299 synodo
771 260 965 303 praefuerunt
979 285 989 301 ‚
1014 259 1147 301 confiten-

268 317 344 344 tium
351 309 386 354 se
404 309 527 353 errasse,
553 310 706 351 &frustra
717 322 762 343 eos
787 310 934 354 damnasse
948 335 960 350 ,
987 316 1059 353 quia
1076 309 1154 342 nihil

267 367 344 394 circa
360 359 454 401 fidem
464 358 663 406 monstrantur
688 361 814 404 errasse,
842 360 1031 400 ostenduntur
1045 359 1150 401 injuste

235 427 237 430 ·
269 409 408 452 depositi,
432 412 554 442 videtur
575 411 657 444 nobis
676 411 787 452 justum
807 411 878 453 effe,
897 409 927 451 fi
927 411 1074 451 placuerit
1101 413 1154 442 Di-

267 456 411 500 vtmfflmo
422 461 581 501 &piiffimo
596 464 719 494 Domino
736 460 826 501 nostro
837 483 848 499 ,
873 461 969 492 eidem
977 468 1067 502 poene
1083 463 1152 492 Dio-

261 509 378 554 ftorum
391 512 656 552 reverendiffimum
668 509 843 553 Episcopum
852 510 1049 543 Alexandriae
1061 532 1071 547 ‚
1089 514 1120 554 J
1123 522 1153 542 u-

266 561 402 594 venalem
439 560 620 604 Episcopum
651 558 905 603 Hierosolymorum
931 584 941 599 ‚
978 559 1152 600 Thalaffium

265 609 446 653 Episcopum
458 608 621 653 Caesaraeae
643 611 841 651 Cappadocia
857 635 868 649 ‚
893 608 1057 653 Eusebium
1075 613 1152 652 Epi-

234 693 237 696 ,
259 659 380 703 scopum
403 665 522 698 Ancyra
544 685 554 701 ,
582 659 746 700 Eustatium
768 661 947 705 Episcopum
959 663 1060 700 Beryti
1080 683 1091 699 ‚
1117 662 1151 695 Θ

265 710 410 747 Bafflium
431 708 612 751 Episcopum
622 709 757 742 seleuciae
783 708 907 752 Isauriae
920 734 930 749 ,
957 716 1008 753 qui
1019 719 1090 744 tunc
1096 718 1151 752 po·

264 758 393 800 testatem
406 760 654 801 &principatum
662 761 767 798 synodi·
777 767 933 793 tenuerunt
944 784 954 799 ‚
974 759 1127 804 subjacere
1140 785 1151 800 ,

264 812 299 844 (θ’
310 808 441 852 asanaa
461 809 590 843 Concilio
595 807 759 851 secundum
780 812 899 854 regulas
911 811 950 842 ab
972 809 1149 853 Episcopali

263 861 411 901 dignitate
427 857 496 899 fieri
520 858 631 891 alienos
655 883 667 899 ‚
705 860 838 894 omnibus
858 871 926 903 quae
948 859 1149 903 consequenter

263 907 413 951 allasunt
422 909 468 941 ad
481 905 604 951 sacrum
618 912 736 952 Apieem
759 910 926 952 referendis
939 934 946 941 .
975 910 1020 944 Et
1032 912 1150 945 Orien-

260 957 345 992 tales
365 969 443 993 cum
464 957 523 992 fibi
558 955 794 994 adhaerentibus
817 960 971 1003 Episcopi
995 961 1146 995 acclama·

260 1017 360 1041 runt:
390 1013 451 1042 Hoc
453 1008 568 1048 justum
571 1011 723 1050 judicium
736 1035 743 1042 .
771 1009 938 1053 Dioscorum
949 1009 1087 1049 Christus
1101 1012 1150 1045 de-

255 1057 356 1101 posuit
380 1082 388 1090 .
427 1060 612 1093 Homicidam
633 1059 767 1101 christus
800 1059 931 1104 deposuit
954 1086 961 1093 .
1000 1065 1148 1100 Martyres

260 1112 345 1142 Deus
359 1110 553 1144 vindicavit.
581 1109 623 1143 Et
638 1109 793 1154 Episcopi
807 1111 1009 1154 Illyriciani:
1037 1117 1148 1147 Omnes

257 1168 455 1200 erravimus,
482 1171 581 1193 omnes
594 1164 717 1195 veniam
742 1172 927 1196 mereamur.
956 1161 1148 1204 Spectabant

257 1208 309 1241 illi
336 1208 378 1242 ad
390 1209 584 1243 Romanum
606 1210 889 1251 patriarchatum,
916 1209 1059 1255 ideoque
1069 1212 1146 1245 San-

260 1257 304 1291 eu
317 1257 444 1292 Leonis
465 1257 506 1292 de
516 1259 636 1295 Sansto
659 1259 863 1296 Flaviano&
888 1261 1027 1304 profano
1042 1261 1147 1304 Euty-

259 1306 358 1342 chete
379 1307 543 1351 judicium
575 1311 773 1352 praevaricati
793 1335 804 1350 ,
841 1309 1016 1354 singularis
1047 1312 1148 1346 veniae

256 1358 362 1402 gratia
383 1357 549 1393 habebant
571 1370 675 1403 opus.
702 1359 806 1394 Porro
827 1360 1049 1406 gloriofiffimi
1066 1360 1147 1405 judi·

256 1418 310 1442 ces
335 1410 535 1443 memoratos
558 1408 741 1453 Episcopos
761 1421 832 1445 non
858 1409 1035 1452 deposuere
1054 1436 1066 1452 ,
1093 1412 1151 1447 sed·

253 1457 429 1494 dumtaxat
454 1458 642 1504 judicarunt
672 1461 796 1507 deponi
819 1471 877 1506 per
899 1460 1146 1505 Synodurusdi-

282 1519 341 1542 nos
355 1534 362 1542 .

253 1520 278 1555 g
303 1559 349 1592 Et
361 1569 572 1602 perrexerunt
586 1574 598 1594 .-
623 1558 822 1604 Unusquisque
841 1562 997 1599 reverendi
1016 1573 1140 1596 imorum

254 1607 741 1653 Epifhoporumpraesentissanffl
753 1613 882 1645 Concilii
890 1637 902 1653 ,
928 1614 1070 1654 quomodo
1081 1623 1142 1647 cre·

252 1659 330 1700 dat,
357 1665 390 1691 in
405 1657 528 1701 scriptis
543 1658 603 1701 fine
624 1660 682 1694 ullo
702 1670 783 1695 metu
795 1684 806 1702 ,
833 1664 892 1695 Dei
914 1668 1048 1698 timorem
1066 1672 1139 1697 ante

246 1707 317 1753 ficos
341 1709 434 1743 oculos
457 1717 572 1751 ponens
585 1734 595 1749 ,
621 1719 766 1752 exponere
783 1711 910 1753 festinet
935 1736 946 1752 ‚
971 1711 1140 1756 cognoscens

251 1763 395 1801 ‘paoni-am
416 1761 621 1799 Diviniffimus
636 1763 782 1794 Dominus
805 1761 897 1801 noster
915 1760 1080 1805 secundum
1091 1774 1141 1796 ex·
1179 1800 1181 1802 ,

246 1806 417 1851 positionem
427 1814 461 1841 in
485 1813 595 1842 Nicaea
605 1819 849 1853 congregatorum
872 1820 1064 1845 trecentorum
1091 1814 1139 1846 de-

249 1857 430 1892 cometam
443 1856 614 1901 fundorum
631 1861 780 1905 Patrum,
807 1862 841 1894 (a
851 1859 1011 1902 secundum
1034 1862 1139 1904 exposi-

249 1913 381 1948 tionem,
405 1914 459 1950 qui
475 1907 539 1949 post
561 1920 609 1942 eos
619 1908 749 1950 fuorunt
762 1935 772 1949 ‚
800 1920 916 1944 centum
940 1918 1139 1956 quinquagin-

250 1967 309 1998 ta,
334 1959 370 1992 (π’
386 1956 548 2001 secundini
558 1964 713 1994 canonicas
738 1959 891 2001 Epistolas
906 1961 1136 2003 &expofitiones

246 2004 421 2051 sanc‘Iorum
435 2010 588 2050 Parrum,
616 2010 773 2053 Gregorii,
798 2009 905 2053 Bafilii
923 2036 934 2051 ‚
961 2011 1114 2052 Athanasii
1126 2037 1136 2052 ,

252 2057 391 2096 Hilarii,
419 2056 580 2099 Ambrosti,
604 2060 639 2092 ό·
662 2061 764 2097 cyrilli·
787 2061 863 2094 duas
887 2066 1039 2094 canonicas
1061 2065 1136 2103 Epi-

246 2102 338 2148 stolas
352 2112 385 2139 in
395 2106 548 2149 preſsna
553 2113 657 2150 prima
668 2110 778 2148 synodo
786 2109 963 2151 publicatas
991 2112 1136 2153 &confir-
1174 2147 1176 2149 ,

250 2165 353 2189 maias
365 2178 376 2195 ‚
399 2157 494 2190 credit
505 2181 516 2198 ,
543 2158 621 2190 nullo
630 2158 719 2191 modo
742 2158 781 2191 ‘ab
793 2170 896 2192 eorum
903 2159 966 2201 fide
975 2162 1113 2194 recedens
1122 2181 1133 2194 ›.

251 2208 379 2239 Etenim
414 2207 670 2248 reverendiffimus
708 2207 972 2252 Archi-Episcopus
1004 2208 1132 2253 senioris

250 2255 335 2289 urbis
357 2259 463 2290 Roma
475 2260 535 2291 Leo
555 2257 704 2291 adversus
727 2257 875 2301 infidelem
895 2259 930 2292 ὦ·
955 2264 1135 2294 contrariam

248 2304 399 2340 catholicae
409 2307 544 2350 religioni
555 2315 749 2351 emergentem
760 2308 976 2342 dubitationem
1003 2308 1086 2352 visus
1097 2309 1134 2350 est

248 2356 294 2388 ad
313 2357 491 2390 reverenda-
512 2363 662 2391 memoriae
688 2359 878 2392 Flavianum
900 2357 996 2403 misisse
1021 2359 1134 2402 Episto-

249 2406 331 2439 iam.
357 2406 435 2441 Hac
455 2405 490 2440 iu
515 2405 663 2450 Epistola
675 2407 738 2442 sese
757 2407 973 2444 &sannorum
997 2409 1131 2444 Parrum

248 2455 452 2490 confessione
469 2464 540 2490 non
550 2457 703 2491 receffiffe
723 2458 954 2502 profitebatur,
981 2469 1053 2494 eam
1068 2471 1133 2503 per-

249 2503 378 2539 miserat
388 2503 408 2538 a
431 2503 571 2548 synodo
584 2505 725 2545 discuti,
743 2507 778 2541 &
789 2519 865 2542 cum
878 2510 1061 2544 sanctorum
1074 2509 1133 2545 Pa-

249 2564 337 2588 rrum
352 2554 635 2598 Scriptisconferri
649 2578 661 2595 ‚
685 2566 723 2590 ac
734 2566 805 2591 tum
818 2569 859 2591 ex
874 2559 940 2602 ipsa
955 2558 1132 2603 Eutychia-

251 2614 310 2637 ηας
322 2604 395 2638 lites
406 2601 536 2638 definiri
548 2603 716 2640 mandarat
724 2606 856 2641 Sanstus
866 2607 937 2642 Leo
950 2632 961 2648 ‚
987 2608 1130 2654 ideoque

250 2652 381 2698 gloriosi
402 2652 525 2697 judices
544 2653 714 2699 defignant
738 2657 862 2691 sanctos
882 2656 994 2692 Patres
1017 2682 1028 2699 ,
1054 2671 1129 2694 cum

247 2714 390 2746 quorum
417 2702 550 2748 Scriptis
561 2713 710 2748 oporteat
721 2705 789 2740 fieri
802 2706 1017 2742 collationem
1029 2734 1037 2742 .
1064 2711 1130 2744 De-

248 2755 380 2797 ssgnant
391 2763 462 2788 non
473 2754 649 2789 Nicaenum
661 2756 895 2791 tantummodo
908 2757 1105 2800 Symbolum
1121 2784 1131 2799 ,

247 2803 348 2837 sed&
371 2803 803 2849 Constantinopolitanum:
831 2805 996 2842 Adversus
1023 2810 1128 2853 Apol-

247 2853 440 2887 linaristicas
462 2853 659 2895 Eutychetis
683 2867 808 2903 nugas,
835 2857 1031 2900 symbolum
1044 2858 1128 2895 istud

246 2903 334 2936 varie
362 2904 560 2938 infamantes
584 2930 592 2938 .
631 2906 779 2942 Secunda
801 2908 910 2942 Sanffti
944 2907 1065 2952 Cyrilli
1089 2910 1129 2944 ad

214 2997 219 3002 ι
246 2953 444 2996 Ephefinam
460 2954 634 2996 Synodum
645 2957 725 2991 leeia
738 2982 749 2998 ,
774 2958 808 2992 &
821 2968 876 3000 per
901 2958 1001 3001 ipsam
1013 2961 1130 2994 confir-

247 3013 335 3037 mata
362 3003 512 3046 Epistola
523 3004 569 3037 est
590 3005 739 3049 Epistola
761 3006 937 3043 duodecim
961 3009 1130 3053 capitulo-

244 3064 343 3094 rum,
370 3052 555 3098 ideoque&
577 3054 667 3089 illam
678 3058 725 3091 uti
747 3055 975 3094 authenticam
997 3059 1130 3104 gloriosi

245 3102 367 3146 judices
380 3102 540 3148 habuere.
569 3103 687 3149 Usque
697 3106 903 3146 adaccensos
914 3120 1025 3145 cereos
1035 3135 1047 3152 ‚
1074 3112 1127 3146 seu

247 3153 402 3190 ultimam
415 3149 578 3199 vesperam
589 3153 688 3191 Aetio
700 3156 831 3193 duravit
845 3182 853 3191 .

586 3356 779 3452 „tay

1938 96 2030 141 253

1421 214 1759 267 ACTIO
1832 223 1910 268 II.

1311 361 1345 395 D
1360 354 1746 401 secundamAfflonem,
1770 362 1886 396 fastam
1907 360 1998 394 sexto
2020 357 2097 394 Idus

1335 410 1494 445 octobres
1516 431 1527 447 ‚
1565 407 1658 450 loqui
1679 420 1846 453 coeperunt
1879 408 2095 456 gloriofiffimi

1215 457 1356 502 judices,
1385 467 1539 505 rogantes
1560 458 1578 491 ὲ
1601 459 1708 493 Sancti
1736 460 1883 495 Flaviani
1903 461 1936 495 <Sc
1958 457 2094 494 Eusebii

1217 511 1435 552 Dorylaeensis
1454 533 1465 549 ‚
1501 518 1584 551 quos
1604 508 1776 542 crudeliter
1804 512 1838 544 &
1861 507 2095 545 latrocinaliter

1214 559 1388 594 damnatos
1409 560 1475 603 jam
1485 557 1613 592 abunde
1634 558 1803 592 constabat
1818 584 1827 599 ‚
1854 563 1944 595 causa
1960 561 2093 603 procedi

1214 608 1255 643 ad
1289 608 1508 650 discutiendas
1529 610 1743 644 controversa:
1768 607 1845 642 fidei
1875 611 2092 653 quaestiones,

1208 667 1265 701 pro
1275 660 1379 702 quibus
1393 662 1428 694 (o’
1441 660 1573 694 maxime
1584 660 1746 695 Concilium
1752 659 1872 701 facium
1880 668 1947 692 erat
1957 684 1967 698 ,
1993 661 2092 705 idque

1207 709 1281 743 ,fine
1306 715 1413 743 timore
1434 735 1444 750 ‚
1465 714 1572 752 gratia
1597 734 1607 748 ‚
1632 715 1794 742 inimicitia
1816 735 1826 751 ,
1857 710 1891 749 δε
1916 708 2092 745 addentes:

1213 761 1290 792 Scire
1300 771 1354 793 vos
1381 761 1514 794 volumus
1526 781 1536 797 ‚
1562 765 1635 800 quia
1647 768 1711 792 tam
1738 754 1937 800 Divinifflmus
1949 759 2027 792 orbis
2038 769 2094 793 ter-

1213 822 1256 843 rae
1267 805 1410 843 Dominus
1425 834 1436 850 ,
1462 820 1553 853 quam
1566 820 1619 841 nos
1631 809 1807 842 catholicam
1812 810 1905 852 fidem
1926 812 1946 841 ἂ
1958 817 2093 845 trecentis

1212 863 1308 894 decem
1321 862 1354 895 (5
1368 861 1428 893 otio
1441 858 1588 894 Patribus
1600 883 1611 899 ‚
1636 859 1670 891 (3⁵
1681 860 1701 891 d
1707 857 1823 902 sandlis
1835 869 1950 893 centum
1962 863 1995 895 (w
2008 866 2095 905 quin-

1212 916 1354 954 quaginta
1368 935 1379 950 ,
1405 921 1457 944 nec
1469 920 1524 944 non
1536 911 1556 942 a
1569 915 1685 943 caeteris
1692 907 1876 952 sanlltffimis
1889 911 1924 944 (θ’
1943 910 2095 953 gloriofiffl-

1211 967 1268 994 mis
1292 961 1437 994 Patribus
1460 961 1609 994 traditam
1634 960 1806 1001 custodimus
1830 985 1840 1000 ‚
1868 961 1902 994 (9⁶
1931 959 2093 1003 secundum

1213 1072 1292 1094 num
1310 1085 1321 1100 ‚
1346 1062 1394 1095 uti
1409 1059 1631 1103 unumewfidei
1652 1060 1877 1095 fundamentis
1888 1061 1999 1095 denuo
2017 1072 2092 1104 pro-

1211 1110 1361 1144 fitentur.
1389 1112 1434 1145 Et
1450 1110 1604 1154 Episcopi
1617 1121 1732 1145 omnes
1754 1111 1995 1146 acclamarunt:
2023 1115 2091 1145 Ex-

1207 1158 1374 1203 pofitionem
1396 1162 1525 1195 alteram
1543 1160 1643 1193 nullus
1648 1160 1731 1203 facit
1744 1186 1753 1194 .
1779 1167 1887 1204 Neque
1912 1171 2065 1196 tentamus
2076 1187 2088 1204 ,

1211 1222 1303 1252 neque
1315 1212 1458 1250 audemus
1479 1220 1622 1252 exponere
1635 1235 1642 1242 .
1671 1214 1840 1245 Docuerunt
1852 1218 1931 1246 enim
1953 1215 2066 1247 Patres
2079 1237 2092 1253 ,

1211 1262 1245 1295 (θ’
1255 1266 1287 1293 in
1309 1262 1433 1302 Scriptis
1446 1261 1642 1302 custodiuntur
1664 1272 1731 1303 quae
1741 1262 1778 1295 ab
1790 1268 1832 1295 eis
1839 1260 1913 1306 sunt
1935 1262 2063 1304 expofita
2074 1287 2086 1303 ‚

1210 1312 1333 1344 &citra
1343 1322 1379 1344 ea
1397 1311 1492 1344 dicere
1502 1321 1562 1344 non
1578 1311 1746 1352 possumus.
1776 1311 1884 1346 Addit
1907 1312 2087 1355 Cecropius

1209 1360 1511 1403 sebastopolitanus
1533 1362 1570 1395 in
1582 1360 1686 1402 prima
1713 1361 1872 1395 Armenia
1885 1361 2063 1404 Episcopus
2076 1377 2087 1396 .-

1208 1408 1403 1452 Emerserunt
1412 1423 1480 1452 quae
1493 1412 1537 1443 ad
1550 1409 1701 1448 Eutychen
1709 1410 1905 1452 pertinebant
1915 1435 1926 1450 ‚
1954 1413 1988 1445 (τ
1998 1410 2090 1454 super·

1176 1456 1178 1458 ’
1208 1466 1245 1493 iis
1250 1462 1356 1503 forma
1368 1462 1444 1493 data
1453 1460 1491 1501 est
1500 1463 1520 1493 ᾶ
1528 1459 1703 1503 fhchiffimo
1715 1459 1959 1503 Archi-Episcopo
1979 1465 2089 1494 Roma-

1208 1522 1256 1544 nae
1266 1510 1348 1543 urbis
1361 1533 1372 1548 ,
1397 1509 1585 1553 &sequimur
1597 1521 1662 1542 eum
1676 1534 1686 1550 ,
1714 1512 1748 1544 (9²
1758 1511 1901 1553 Epistolae
1908 1513 1974 1551 ejus
1988 1524 2087 1545 omnes

1202 1559 1422 1604 subscripst'imcs
1432 1584 1442 1591 .
1469 1561 1513 1594 Et
1525 1559 1678 1602 Episcopi
1690 1571 1805 1594 ornnes
1821 1561 1912 1607 :Jsta
1925 1574 2023 1594 omnes
2043 1564 2088 1595 di-

1206 1617 1299 1646 cimus
1310 1635 1317 1642 .
1347 1610 1496 1654 Exponit
1517 1608 1751 1644 Theodoretus
1776 1611 1928 1654 Cyrenfis
1955 1611 2087 1655 Episco-

1207 1673 1266 1704 pus
1276 1662 1312 1695 in
1323 1659 1439 1696 litteris
1449 1659 1489 1695 ad
1502 1661 1655 1694 Sanstum
1667 1659 1792 1704 Papam
1814 1660 1983 1695 Leonem:
2011 1666 2087 1696 Inci-

1206 1713 1308 1745 dimus
1319 1716 1351 1744 in
1372 1711 1447 1750 illa,
1474 1722 1542 1753 quae
1554 1711 1592 1744 de
1614 1711 1783 1744 salvatoris
1796 1714 1910 1753 Deique
1935 1711 2084 1753 nostriIn-

1204 1767 1375 1795 carnatione
1384 1759 1538 1794 Sanffitas
1550 1759 1649 1801 vestra
1667 1757 1782 1804 scripsit
1793 1785 1804 1800 ‚
1830 1763 1864 1795 (J
1875 1762 2019 1795 admirati
2035 1761 2085 1806 fic-

1204 1823 1271 1845 mus
1282 1809 1420 1846 exae‘a'am
1433 1817 1528 1853 operis
1551 1811 1738 1854 diligentiam
1750 1836 1757 1843 .
1783 1812 1879 1853 opus
1891 1812 1976 1846 istud
1991 1837 2002 1853 ,
2029 1815 2079 1848 uti

1178 1896 1180 1898 ,
1205 1861 1401 1905 Apostolico
1411 1860 1590 1896 charastere
1602 1860 1737 1903 plenum
1749 1887 1759 1902 ‚
1769 1861 1941 1905 infigniter
1949 1861 2059 1897 laudat
2071 1886 2079 1895 .

1203 1912 1260 1945 Est
1271 1911 1460 1956 dogmatica
1472 1911 1540 1953 ejus
1563 1910 1604 1944 ad
1616 1910 1768 1944 Sanssum
1789 1911 1982 1946 Flavianum
2001 1913 2080 1956 Epi-

1176 1975 1179 1987 <
1202 1960 1283 1994 stola
1308 1984 1319 2002 ‚
1346 1961 1380 1994 in
1405 1958 1569 2003 Ephefino
1591 1960 1771 1994 latrocinio
1802 1971 1857 2004 per
1880 1960 2080 1997 Dioscorum

1176 2007 1178 2009 ’
1203 2012 1379 2055 suppressa.
1407 2009 1714 2050 Post‚latrocinium
1740 2010 1831 2045 missa
1842 2010 1917 2045 esta
1940 2011 2082 2048 Pontifi-

1200 2073 1237 2095 ce
1248 2072 1302 2104 per
1312 2071 1428 2095 omnes
1442 2060 1592 2095 Orientis
1605 2060 1782 2101 Ecclefias,
1801 2062 1845 2100 βε
1857 2071 1934 2095 ante
1947 2064 2080 2105 praesen-

1212 1010 1310 1054 ipsam
1330 1013 1477 1045 credimus
1499 1036 1505 1042 .
1532 1009 1727 1053 Symbolum
1752 1010 2096 1055 Constantinopolita-

2107 1663 2237 1703 Epistu-

1200 2122 1267 2145 tem
1290 2109 1528 2154 Synodum‘ab
1549 2109 1706 2143 omnibus
1731 2104 1902 2154 Episcopis
1923 2111 2080 2147 subscribi
2111 2117 2114 2120 ’

1198 2161 1298 2205 juffa.
1328 2160 1372 2194 Et
1384 2170 1501 2194 omnes
1510 2161 1662 2204 germane
1684 2159 1867 2195 orthodoxi
1890 2161 2082 2207 subscripse-

1201 2222 1234 2244 re
1250 2223 1257 2243 :
1281 2209 1395 2244 Tanta
1408 2212 1530 2252 semper
1544 2209 1627 2253 apud
1640 2212 1791 2252 cunetas,
1815 2210 1917 2245 etiam
1928 2213 2082 2248 Orienta-

1199 2261 1244 2295 les
1255 2285 1265 2301 ,
1292 2259 1448 2295 Ecclefias
1463 2260 1527 2295 fuit
1540 2260 1710 2295 auctoritas
1721 2261 1803 2296 sedis
1815 2271 1853 2296 ac
1871 2261 2079 2299 definitionis

1199 2313 1359 2347 Romana:
1371 2334 1379 2342 .
1547 2324 1549 2326 >

1247 2360 1463 2396 Perrextrunt
1485 2359 1617 2405 gloriosi
1640 2358 1763 2403 judices
1786 2375 1793 2394 :
1819 2364 1850 2394 Si
1866 2363 1964 2404 piacet
1986 2367 2081 2399 Reve-

1196 2416 1304 2446 rentiae
1324 2410 1428 2451 vestrae
1450 2435 1461 2451 ‚
1492 2409 1662 2454 sanc‘liffimi
1683 2411 1875 2446 Patriarchae
1898 2436 1909 2452 ,
1946 2413 1980 2448 id
2005 2414 2053 2457 ‘est
2068 2440 2079 2456 ,

1194 2461 1418 2506 Metropolitae
1440 2484 1452 2501 ‚
1480 2459 1660 2504 singularum
1686 2463 1916 2496 Provinciarum
1936 2466 2076 2514 eligentes

1187 2510 1315 2557 stngulos
1324 2519 1377 2544 aut
1397 2511 1479 2544 binos
1487 2508 1551 2552 fitae
1572 2518 1708 2552 propriae
1729 2510 1852 2554 quisque
1878 2515 2051 2553 Provinciae
2063 2539 2076 2556 ,

1198 2569 1230 2595 in
1241 2563 1336 2595 medio
1347 2559 1533 2604 transeuntes
1544 2583 1555 2599 ‚
1581 2562 1615 2594 Θ
1624 2566 1813 2595 communiter
1823 2562 1860 2595 de
1866 2562 1930 2604 fide
1942 2564 2076 2598 tracian-

1194 2622 1240 2646 tes
1262 2636 1273 2652 ,
1298 2622 1367 2654 quae
1390 2612 1559 2651 complacita
1577 2609 1727 2651 fuerint,
1753 2611 1889 2645 omnibus
1914 2613 2075 2655 manifesta

1192 2661 1387 2702 constituant,
1416 2660 1563 2702 quatenus
1581 2658 1612 2701 fi
1620 2683 1631 2700 ,
1656 2668 1690 2693 ut
1710 2668 1872 2703 optamus,
1897 2674 1997 2697 omnes
2008 2675 2074 2698 con-

1187 2710 1354 2756 senserint,
1377 2708 1516 2753 fhlvatur
1538 2715 1634 2742 omnis
1645 2709 1846 2754 ambiguitas,
1867 2711 1914 2753 fin
1936 2716 2008 2747 vero
2019 2716 2077 2748 ali-

1192 2768 1243 2805 qui
1265 2767 1416 2795 contraria
1430 2784 1440 2800 ,
1465 2761 1545 2802 qaod
1553 2771 1612 2794 non
1627 2767 1789 2802 putamus,
1814 2761 1977 2805 sapuerint
1989 2787 2001 2805 ,
2027 2768 2075 2799 ita

1188 2812 1262 2854 fiet,
1291 2820 1324 2845 ut
1345 2821 1442 2845 eorum
1461 2812 1632 2844 voluntates
1655 2810 1818 2853 manifestae
1842 2812 2072 2852 constituantur.

1187 2861 1352 2905 Episcopi
1362 2861 1575 2904 reposuerunt
1586 2874 1597 2894 :
1618 2864 1655 2894 In
1666 2863 1788 2904 scriptis
1804 2860 2004 2903 expositionem
2014 2875 2072 2897 non

1186 2912 1317 2954 facimus
1330 2924 1340 2955 ·,
1367 2911 1481 2955 Regula
1493 2910 1531 2951 est
1543 2915 1769 2954 quaepraedicat
1784 2910 1914 2954 sufficere
1926 2913 2074 2958 quaesunt

1192 2961 1321 3005 expofita
1335 2986 1354 2996 ,μ
1368 2962 1482 3005 Regula
1493 2963 1561 2998 vult
1572 2963 1665 2995 aliam
1687 2961 1888 3004 expositionem
1909 2975 1967 2997 non
1983 2964 2070 3006 fieri,

1192 3015 1243 3044 Ea
1267 3023 1334 3054 quae
1347 3015 1474 3046 Patrum
1480 3010 1553 3054 fient
1562 3020 1719 3045 teneantur
1732 3036 1739 3043 .
1766 3011 1908 3047 Nullum
1920 3013 2071 3049 adversus

1193 3062 1339 3097 Nestorii
1363 3071 1479 3105 nugas,
1502 3062 1682 3096 Decretum
1713 3062 1879 3106 scripserat
1900 3088 1911 3103 ‚
1938 3065 1992 3099 sed
2015 3075 2069 3098 eas

1193 3113 1332 3147 Nicaeno
1345 3109 1505 3153 Symbolo
1530 3110 1686 3145 adversari
1705 3113 1771 3146 sola
1783 3113 1855 3147 viva
1866 3124 1946 3147 voce
1964 3113 2070 3148 osten-

1193 3162 1282 3196 derat
1309 3159 1471 3203 Ephefina
1492 3161 1647 3204 Synodus
1667 3185 1678 3201 ,
1705 3162 1811 3206 ipsum
1844 3163 1952 3197 denuo
1972 3188 1983 3204 ,
2018 3163 2069 3197 uti

1191 3210 1371 3255 trophaeum
1383 3210 1536 3244 omnium
1557 3209 1718 3246 haerefium
1731 3212 1859 3247 abunde
1879 3212 2070 3257 profligato-

1192 3262 1272 3295 rium
1290 3261 1505 3300 ,confirmans
1515 3286 1524 3301 ,
1537 3259 1720 3304 addensque
1733 3263 1907 3297 Canonem
1918 3262 1960 3297 de
1972 3263 2067 3298 nullo

1192 3312 1231 3346 ad
1245 3311 1346 3354 ipsum
1359 3310 1511 3345 faciendo
1535 3311 1583 3345 vel
1598 3312 1694 3345 unius
1709 3313 1799 3346 vocis
1819 3309 2063 3348 additamento.

1193 3361 1235 3395 Et
1246 3360 1383 3404 Valenti
1397 3359 1551 3406 Augusto
1565 3385 1579 3402 ,
1603 3362 1733 3407 roganti
1745 3362 1879 3398 unicam
1890 3363 2043 3398 voculam
2055 3387 2068 3405 ,

1939 3420 2017 3448 Con—
