2340 3736
81 488 157 526 Cap.
178 499 220 524 ¹4·

66 1596 137 1641 vAst.
157 1610 188 1635 4.

74 3121 159 3160 Epist.
187 3128 231 3161 63.
246 3116 503 3152 Theodoretum
514 3143 521 3152 .
547 3122 600 3152 Ne
610 3120 740 3153 aliarum
748 3115 868 3154 sedium
879 3122 923 3154 ad
933 3132 1003 3155 eam
1014 3145 1024 3161 ,
1045 3134 1136 3165 quam

71 3170 99 3192 C·
123 3172 147 3193 1-

240 1479 315 1514 tare
328 1494 339 1511 ‚
350 1472 385 1507 &
399 1471 419 1506 a
431 1470 679 1507 Gloriofiffimis
690 1470 856 1515 judicibus
866 1471 1006 1507 traditos
1018 1471 1138 1505 damna

71 2086 161 2126 Epist-
185 2098 233 2126 ¹3·

698 92 782 137 Dr:
820 89 1062 134 SYNODO
1096 87 1635 136 CHALctrDONENsL

259 179 362 211 caufae
375 175 635 210 retractationem
647 197 657 211 ,
685 173 870 215 firmarique
888 170 993 205 solum
1006 195 1016 211 ‚
1041 172 1149 205 exclu-

259 229 295 262 so
308 224 681 265 Constantinopolitano
693 247 703 262 ,
731 220 925 264 Symbolum
949 223 1146 258 Nicaenum:

258 276 399 311 Addidit
432 286 500 308 non
524 273 726 307 Dioscorum
757 271 966 307 solummodo
989 296 998 311 ‚
1037 271 1090 305 sed
1115 272 1147 306 ὅ(

256 326 359 370 ipsum
375 322 596 367 Eutychetem
624 323 747 366 passum
757 323 939 357 calumnias
958 322 998 355 de
1021 319 1123 355 haerefi
1137 347 1147 362 ,

255 377 399 418 ideoque
412 374 628 409 restituendos
644 398 650 404 .
678 372 771 406 Hinc
782 374 891 406 coacta
904 372 967 410 fuit
993 371 1145 413 Synodus

253 426 296 459 ad
321 424 555 468 publicandum
581 423 730 458 Edictum
752 447 763 463 ,
790 422 878 465 quod
905 419 1086 454 immobilis
1111 423 1148 455 sit

252 474 390 518 dejectio
414 475 568 508 Dioscori
597 498 607 514 ,
633 474 788 515 nullaque
811 471 858 505 illi
884 471 951 512 spes
972 469 1150 505 restitutio-

254 526 307 560 nis
318 551 325 557 .
352 525 456 557 Tunc
469 550 478 564 ‚
505 526 552 557 uti
566 522 672 557 scribit
688 521 859 558 Liberatus
871 519 1044 555 Diaconus
1057 545 1068 561 ‚
1096 521 1149 555 de-

254 584 399 618 portatus
421 573 467 607 est
490 574 639 618 Gangras
660 573 694 604 in
719 569 981 617 Paphlagoniam
1006 579 1035 611 ,¹
1057 571 1148 613 juxta

253 624 408 658 affiduam
421 623 550 667 Synodi
563 620 859 656 exclamationem.-
886 623 1067 663 AEgyptium
1086 627 1148 662 esci-

252 677 307 708 lio.
335 675 388 708 Ac
399 674 531 708 tandem
554 672 589 706 in
601 671 669 717 ejus
690 671 803 707 locum
814 670 987 707 ordinatus
1012 670 1058 704 est
1070 671 1149 707 San-

254 727 325 759 ctus
342 725 508 759 Protetius
518 747 525 755 .

305 774 408 808 Porro
419 775 461 808 de
492 770 665 815 Episcopis
675 768 793 814 Ephesi
820 782 877 815 per
888 770 1093 806 Dioscorum
1107 770 1148 804 la·

252 825 314 868 pfis
336 822 459 857 addunt
481 823 516 856 in
539 821 700 861 sententia
721 821 838 865 Legati
861 821 1009 857 Romani
1035 845 1042 853 .
1082 822 1148 855 Illis

252 873 409 916 Apostolica
422 872 513 906 sedes
528 877 650 905 veniam
656 870 797 913 prestitit
815 872 852 904 de
862 877 902 904 iis
916 895 927 911 ‚
952 883 1021 913 quae
1034 870 1076 904 ibi
1090 882 1148 904 non

250 923 420 957 voluntarie
429 921 467 954 ab
479 927 519 955 eis
525 921 606 965 gesta
613 920 688 964 sunt
700 946 711 961 ‚
736 926 788 966 qui
800 923 834 955 &⁹
848 920 990 955 hallensis
1008 929 1151 963 perman·

249 965 354 1017 [erunt
373 971 543 1005 obedientes
569 971 744 1016 sanBtffimo
763 969 947 1016 Archi-Epis
944 980 1011 1014 copo
1033 974 1149 1011 Leoni,

246 1024 374 1057 &omni
389 1020 495 1065 sanilo
508 1024 543 1057 (Β
563 1020 729 1065 universali
754 1022 882 1055 Concilio
897 1035 907 1054 .·
935 1023 1034 1062 HuJus
1043 1027 1147 1065 gratia

248 1074 285 1107 ὦ·
310 1078 343 1105 in
359 1071 419 1116 sua
441 1078 641 1107 communione
664 1083 711 1106 eos
728 1070 803 1115 ficut
824 1071 979 1115 confideles
999 1069 1148 1115 fitscepit-

246 1122 422 1169 Qosdam
433 1131 510 1156 ante
523 1122 696 1167 Synodurn
710 1133 764 1166 per
791 1121 991 1157 Lucentiam
1016 1121 1151 1164 Episco-

245 1184 330 1216 pum
354 1184 393 1206 ac
406 1172 563 1218 Bafilium
589 1171 841 1216 Presbyterum,
866 1182 906 1207 ea
931 1171 972 1206 de
984 1172 1078 1208 causa
1106 1171 1147 1205 le-

248 1232 348 1267 gatos
362 1222 695 1265 Constantinopolim
705 1247 716 1262 ‚
743 1222 904 1265 quosdam
916 1221 951 1255 in
966 1221 1032 1264 ipsa
1044 1220 1151 1262 Syno-

244 1270 291 1304 do
314 1295 327 1311 ‚
364 1269 521 1305 videlicet
553 1271 745 1315 Iuvenalem
779 1270 1148 1314 Hierosolymitanum‚

243 1318 458 1356 Thalaffium
484 1320 721 1356 Caesareensem
743 1344 754 1361 ,
781 1320 937 1356 Bafilium
971 1321 1152 1354 seleucien-

243 1371 314 1405 sem
334 1395 347 1412 ,
388 1370 569 1407 Eusebium
603 1370 822 1414 Ancyranum
845 1395 857 1411 ,
894 1383 932 1404 ac
965 1370 1150 1405 Eustatinm

245 1419 487 1463 Berytensem‚
515 1420 635 1455 vetitos
660 1421 786 1456 recitari
799 1420 841 1455 ab
863 1420 1027 1456 Anatolio
1038 1420 1079 1456 ad
1106 1421 1151 1454 al-

243 1521 332 1555 tioni
345 1520 382 1555 in
395 1521 528 1565 plenam
543 1521 672 1566 Synodi
696 1521 892 1564 potestatem
907 1546 918 1562 ,
946 1533 1006 1565 pro
1031 1520 1150 1564 quibus

248 1571 489 1615 poenitentibus
510 1570 694 1606 clamarunt
711 1571 866 1615 Episcopi
889 1571 967 1605 alii:
994 1570 1151 1613 Ipfietiam

247 1625 381 1663 quinque
395 1620 536 1664 Episcopi
551 1620 644 1663 fidei,
673 1620 869 1666 dogmaticae
891 1621 999 1655 Sancti
1025 1622 1149 1657 Leonis

250 1669 429 1714 Epistolae‚
479 1669 721 1717 subsctipserunt
742 1696 754 1714 ,
780 1683 918 1716 rogamus
940 1682 989 1706 eos
1013 1676 1147 1711 intrare.

247 1719 388 1762 Recepti
401 1720 537 1755 tandem
551 1722 625 1755 sunt
636 1722 677 1755 ad
689 1721 841 1756 Anatolii
866 1722 1149 1761 intercessionem,

245 1769 439 1813 rursumque
461 1770 683 1805 acclamarunt
706 1770 861 1815 Episcopi
893 1783 901 1803 ε
936 1776 1006 1804 Haec
1030 1778 1148 1814 integra

245 1820 391 1853 adunatio
402 1843 414 1861 ‚
439 1818 504 1853 baec
513 1828 582 1862 pax
594 1819 789 1863 Ecclefiatum
808 1844 818 1852 .
843 1821 955 1867 Qare
967 1821 1008 1854 ad
1033 1818 1149 1854 Theo-

245 1869 399 1905 doretum
429 1868 512 1914 Cyri
528 1870 741 1914 Episcopum
775 1869 847 1905 vere
871 1870 981 1904 scribit
1013 1872 1149 1906 Sanctus

246 1920 320 1955 Leo
342 1920 450 1958 solum
471 1920 738 1964 impoenitentem
762 1921 964 1955 Dioscorum
978 1945 988 1960 ‚
1017 1921 1147 1955 nullum

245 1980 325 2006 cum
339 1970 399 2004 illo
426 1970 626 2014 Episcopum
640 1971 674 2004 in
690 1969 753 2007 hac
778 1971 917 2014 synodo
931 1971 1075 2013 periisse.
1102 1971 1147 2005 Et

247 2019 395 2053 Gelafius
415 2018 573 2054 Pontifex
596 2022 631 2054 in
654 2021 771 2056 litteris
793 2021 837 2054 'ad
865 2020 1044 2064 Episcopos
1066 2022 1147 2055 Dar

247 2068 353 2102 daniae
378 2082 389 2103 .·
427 2072 464 2102 In
480 2071 587 2109 synodo
609 2069 840 2113 chalcedonensi
861 2072 949 2105 Sedes
986 2071 1146 2113 Apostolica

248 2118 441 2163 Pontificibus
475 2124 640 2161 innumeris
664 2144 674 2159 ‚

247 2167 393 2210 Ephelmo
405 2191 417 2207 ,
442 2175 565 2202 veniam
583 2167 770 2212 poscentibus
790 2168 856 2212 sola
882 2170 1028 2210 conceffit‚

245 2216 302 2261 fita
309 2217 440 2260 perfidia
457 2226 669 2261 permanentes
694 2219 887 2253 nihilominus
896 2217 957 2261 sua
969 2220 1144 2253 auctoritate

243 2263 408 2311 ptostraw't
420 2292 432 2308 ,
457 2280 548 2312 quam
559 2275 763 2313 congregatio,
794 2281 863 2311 quae
875 2271 934 2303 illic
940 2278 997 2310 pro
1011 2275 1145 2303 veritate

248 2319 423 2360 reparanda
442 2319 558 2352 collec‘la
572 2318 680 2361 fuerat
693 2344 703 2360 ,
728 2318 766 2359 est
784 2318 906 2363 secuta.
935 2321 1089 2362 ‚Quoniam
1104 2319 1143 2361 fi-

249 2369 343 2402 cutid
351 2393 362 2408 ‚
388 2369 470 2411 quod
472 2374 575 2411 prima
596 2371 688 2403 Sedes
704 2379 762 2402 non
778 2369 966 2413 probaverat
981 2392 992 2408 ,
1016 2368 1144 2410 constare

249 2423 434 2461 nonpotuit;
454 2417 495 2461 fic
504 2420 586 2462 quod
596 2419 649 2453 illa
659 2417 769 2464 censuit
789 2420 1015 2461 judicandum,
1043 2421 1146 2454 Eccle

241 2467 289 2511 ‘fia
298 2465 492 2512 totarsuscepit
504 2494 510 2500 .

712 2125 762 2162 qui
784 2121 939 2154 latrocinio
973 2129 1146 2154 corruerant.

1056 2171 1091 2203 o·
1112 2176 1145 2203 in

273 2551 276 2554 .
298 2517 456 2565 Restabat
481 2516 556 2552 fidei
581 2518 736 2555 definitio
758 2531 795 2555 ac
815 2520 1005 2566 dogmatica
1034 2520 1142 2554 Sancti

250 2567 375 2603 Leonis
393 2566 540 2611 Epistola
553 2593 563 2608 ,
590 2580 644 2612 per
656 2568 853 2613 Eutychetis
874 2582 911 2605 ac
923 2570 1077 2604 Dioscori
1093 2572 1143 2604 fae-

247 2629 321 2651 cern
341 2615 383 2651 de
412 2617 609 2652 Nestoriana
646 2619 752 2654 scabie
785 2618 917 2663 peffime
949 2620 1145 2660 diffamata,

248 2678 347 2709 quam
358 2666 415 2700 etsi
436 2666 594 2702 Pontifex
606 2668 1000 2704 nullisrettactationibus
1020 2670 1139 2704 autd1

248 2715 500 2760 sceptationibus
512 2718 651 2753 volucrit
661 2717 776 2763 subjici
789 2744 800 2759 ‚
826 2719 1017 2754 dubitantes
1029 2730 1138 2754 tamen

247 2767 289 2800 de
307 2766 363 2801 illa
377 2766 556 2813 Episcopos
578 2768 712 2813 paterne
733 2768 847 2803 instrui
872 2769 1038 2813 permisit,
1066 2770 1141 2814 Epi-

247 2817 427 2860 scoposque
441 2816 635 2862 Illyricanos
654 2831 692 2853 ac
704 2819 894 2854 Palaestinos
918 2819 1138 2854 instruxerunt

246 2868 397 2900 laudatus
408 2865 663 2911 Theodoretus,
688 2881 725 2904 ac
738 2869 856 2904 AEtius
884 2870 1034 2904 Ecclefiae
1046 2871 1139 2905 Con-

248 2907 551 2961 ffantinopolitanae
560 2917 675 2953 Archi·
678 2921 870 2960 Diaconus,
895 2920 1038 2965 reliquos
1050 2920 1138 2958 Ana-

247 2966 336 3000 tolio
348 2966 495 3009 ejusdem
505 2969 647 3014 civitatis
658 2970 830 3015 Episcopo
837 2969 1044 3014 instruendos
1055 2971 1138 3006 Glo-

247 3016 406 3051 riofiffimi
430 3016 554 3060 judices
575 3019 736 3062 tradidere,
756 3044 765 3054 .
813 3020 1039 3055 Permiffionis
1064 3033 1139 3056 cau-

247 3069 315 3100 sam
350 3067 491 3110 exponit
524 3067 695 3104 Pontifex
722 3070 757 3111 in
783 3069 900 3115 litteris
925 3071 967 3105 ad
993 3070 1136 3107 eundem

246 3173 365 3201 ceteris
377 3172 511 3200 omnium
524 3173 670 3203 Domtnus
682 3169 935 3214 vnltdrpraefidere
944 3196 954 3212 ,
980 3170 1134 3215 consensus

247 3217 451 3260 affentationts
473 3220 632 3252 videretur
644 3242 656 3258 ,
678 3227 731 3253 aut
753 3221 982 3263 unaqualibet
999 3222 1136 3265 obrepere

231 3267 332 3313 ppffet
341 3266 473 3313 adversa
493 3265 641 3312 suspicio,
666 3274 784 3305 inventi
800 3272 889 3314 prius
910 3270 1006 3315 sunt,
1034 3277 1086 3315 qut
1099 3273 1136 3305 de

240 3318 366 3357 judiciis
387 3317 493 3358 nostris
516 3319 615 3363 ambig
617 3327 718 3354 erent.
746 3323 792 3353 Et
812 3322 884 3354 dum
895 3321 1046 3365 nonnulli,
1073 3319 1132 3364 dis-

243 3364 403 3410 senfionum
421 3373 540 3403 incitati
562 3369 699 3410 aut‘lore,
725 3371 772 3403 ad
794 3371 1038 3404 contradictionis
1059 3371 1135 3405 bella

241 3415 436 3460 prqffltunt,
438 3420 490 3454 ad
506 3422 608 3463 majus
632 3419 738 3456 bonum
760 3444 772 3463 ,
798 3421 911 3456 malum
930 3422 994 3463 ejus
1019 3421 1136 3456 auctore

1914 105 2018 147 ·125

1214 175 1303 205 totius
1327 169 1469 202 bonitatis
1490 167 1702 212 dzspensante‚
1723 179 1906 212 perventum
1931 172 1990 212 est.
2020 173 2094 204 Dul-

1210 228 1272 254 cius
1276 219 1307 261 st
1321 220 1443 261 quidem
1467 231 1590 252 munera
1612 224 1738 253 Divinae
1756 227 1866 265 gratiae
1884 229 2094 263 proveniunt,

1211 277 1325 314 quoties
1350 282 1407 303 non
1414 268 1476 310 fine
1498 275 1616 312 magnis
1635 267 1794 311 sudoribus
1816 281 1990 313 acqusrunt.
2019 273 2095 305 Ete-

1213 322 1282 355 nim
1294 320 1359 364 jam
1388 319 1549 354 instruffiS
1560 319 1728 362 Episcopis
1748 322 1811 354 fuit
1830 321 1901 364 post
1921 321 2096 355 Nicaenum

1212 371 1246 405 &
1257 368 1667 413 Constantinopolitanum
1680 369 1877 411 Symbolum
1888 370 1998 404 denuo
2016 373 2096 405 lecta

1214 419 1359 463 Epistola
1372 444 1383 460 ,
1410 418 1606 461 admissaque
1618 419 1719 453 tantis
1741 421 1993 457 acclamantium
2014 432 2099 464 ‚gau-

1211 471 1276 506 diis
1295 493 1306 509 ‚
1335 481 1372 504 ut
1391 482 1465 505 eam
1487 470 1621 503 Relatio
1641 468 1806 512 synodalis
1830 472 1867 504 ad
1891 471 2097 505 Mattianum

1216 521 1402 566 Principem
1414 531 1507 555 vocet
1520 519 1597 554 fidei
1609 518 1803 553 orthodoxae
1827 522 2016 554 columnam
2030 544 2039 559 ‚
2062 522 2098 555 δε

1212 570 1331 604 addat.
1358 570 1615 612 Impenetrabilem
1638 575 1671 602 in
1691 574 1769 600 omni
1791 580 1885 602 errore
1901 580 2099 614 propugnato-

1210 632 1273 654 rem
1293 622 1372 654 Deus
1379 621 1518 662 providit
1533 620 1644 660 nobis,
1670 620 1705 653 (θ’
1718 622 1862 652 Romanae
1885 621 2016 662 Ecclefiae
2038 624 2098 653 Pa-

1206 678 1282 712 pam
1306 672 1350 703 ad
1360 671 1518 703 victoriam
1535 674 1734 712 praeparavit
1760 693 1770 709 ,
1797 669 1941 701 dollrinis
1962 682 2025 703 eum
2040 680 2098 712 per

1212 725 1311 753 omnia
1323 725 1465 754 veritatis
1477 726 1643 764 accingens,
1652 730 1687 753 ut
1700 720 1950 762 quemadmodum
1966 719 2097 760 fervens

1209 769 1316 810 affecqu
1330 773 1439 803 Petrus
1451 795 1460 810 ‚
1486 772 1521 805 Θ
1533 770 1579 803 bic
1601 769 1705 810 affec‘lu
1709 770 1899 810 ferventiore
1921 771 2075 803 decertans
2089 796 2099 811 ‚

1210 832 1323 855 omnem
1334 822 1380 853 ad
1397 824 1495 854 Deum
1502 818 1574 864 sens
1571 832 1620 854 um
1633 821 1916 863 intelligentiamque
1929 821 2078 862 perducat
2092 845 2099 851 .

1210 870 1315 905 Texit
1327 871 1486 915 insignem
1503 870 1655 913 Epistolae
1670 868 1859 914 apologiam
1869 869 2020 904 adversus
2043 870 2101 903 cri-

1211 921 1389 955 minatores
1425 920 1691 963 Eutychianistas
1717 943 1728 958 ‚
1755 920 1931 954 ostendens
1968 920 2101 953 Divinis

1211 971 1428 1015 Scripturis&
1447 970 1584 1005 Patrum
1607 970 1803 1005 confeffioni
1816 981 1871 1014 per
1883 970 1997 1003 omnia
2024 981 2102 1003 con-

1210 1022 1369 1055 formem.
1397 1022 1441 1055 Et
1455 1021 1590 1056 Relatio
1601 1021 1640 1055 ad
1655 1021 1760 1064 ipsum
1772 1019 1994 1054 Pontificem:
2017 1022 2100 1052 Vocis

1211 1071 1292 1104 beati
1304 1074 1387 1103 Petri
1397 1083 1427 1105 es
1449 1071 1582 1105 omnibus
1595 1070 1763 1112 constitutus
1786 1076 1934 1112 interpres
1947 1094 1958 1111 ,
1983 1072 2050 1113 ejus
2067 1070 2104 1113 fi-

1212 1122 1260 1155 dci
1271 1120 1514 1161 beatificationem
1521 1120 1614 1164 fitper
1623 1134 1723 1155 omnes
1736 1122 1886 1154 adducens
1896 1145 1904 1152 .

1264 1170 1374 1204 Etiam
1396 1171 1473 1204 fidei
1497 1172 1667 1205 decretum
1690 1171 1815 1204 nullam
1842 1171 2015 1214 regulam,
2041 1170 2101 1203 nifi

1214 1220 1379 1255 laudatam
1400 1220 1583 1263 Epistolam
1609 1220 1722 1254 habuit
1747 1246 1754 1254 .
1791 1221 1945 1254 Formata
1970 1223 2104 1254 fuerunt

1212 1271 1342 1306 decreta
1356 1273 1445 1313 du0·‚
1467 1271 1619 1306 Primum
1635 1295 1646 1311 ,
1672 1270 1761 1314 quod
1777 1270 1930 1304 Rusticus
1944 1272 2104 1304 Romanae

1214 1320 1360 1356 Ecclefiae
1371 1320 1565 1361 ffiaconus,
1591 1322 1718 1362 Synodi
1743 1322 1966 1364 compilator,
1995 1321 2104 1355 noluit

1209 1371 1300 1415 gestis
1320 1368 1467 1413 inserere,
1495 1370 1642 1412 placebat
1670 1371 1841 1414 Episcopis
1857 1371 2035 1409 omnibus,
2062 1371 2105 1403 ei-

1212 1421 1440 1464 queacuntfis
1463 1422 1527 1455 fuit
1550 1421 1789 1455 acclamatum.
1817 1420 1981 1462 Epistolam
2000 1421 2104 1462 defini-

1213 1478 1254 1504 tio
1271 1470 1432 1513 firmavit:
1463 1471 1553 1503 Archa
1566 1470 1659 1513 Epts
1645 1480 1734 1513 opus
1760 1475 1816 1505 Leo
1842 1496 1853 1511 ‚
1878 1480 1912 1503 ut
1933 1473 2102 1510 credimus,
2124 1461 2186 1492 Ast·
2213 1469 2237 1496 5·

1209 1519 1373 1561 fici-redit.
1401 1520 1770 1564 Definitiosubfhribatur.
1800 1521 1925 1563 Etipse
1940 1521 2101 1554 Eusebius

1216 1571 1397 1614 Episcopus
1418 1571 1633 1615 Doryleenfis
1656 1584 1663 1604 :
1692 1573 1759 1605 Alia
1779 1570 1909 1613 definitio
1941 1583 2000 1603 non
2016 1572 2077 1613 fiat
2096 1595 2104 1603 .

1218 1622 1262 1656 Et
1285 1620 1342 1655 alii
1356 1620 1484 1664 plurimi
1509 1621 1663 1665 Episcopi
1688 1634 1695 1654 :
1719 1626 1779 1654 Aut
1802 1620 1933 1662 definitio
1949 1620 2102 1662 persistat,

1214 1680 1269 1704 aut
1290 1670 1489 1714 discedimus.
1518 1672 1589 1705 Soli
1608 1682 1685 1705 curn
1707 1670 1900 1715 quibusdam
1925 1671 2104 1705 orientalis

1215 1722 1404 1755 Dioeceseos
1423 1721 1594 1765 Epist-opis
1607 1721 1753 1755 Romani
1765 1721 1880 1766 Legati
1904 1722 2056 1764 pauculas
2069 1723 2103 1755 in

1212 1770 1291 1814 illa,
1318 1771 1528 1816 ambiguas&
1540 1771 1979 1815 equivocationiobnoxiaffi
2008 1783 2105 1806 voces

1213 1821 1438 1864 improbarunt
1459 1845 1470 1860 ‚
1497 1822 1638 1866 ideoque
1661 1822 1847 1857 constanter
1857 1820 2030 1855 adversum
2056 1834 2104 1855 ac-

1210 1871 1404 1906 clamatores
1415 1874 1550 1906 cunstos
1571 1873 1611 1907 ad
1626 1872 1881 1907 Gloriofiffimos
1902 1871 2026 1912 judices
2038 1872 2106 1906 fue-

1211 1932 1243 1954 re
1266 1921 1476 1956 interlocuti.
1503 1924 1534 1954 ,Π
1548 1933 1608 1956 non
1629 1921 1811 1965 consentiunt
1823 1921 1965 1964 Epistolae
1992 1922 2105 1963 Apollo—

1209 1972 1258 2004 lict
1269 1983 1304 2004 ac
1314 1970 1537 2011 beatiffimlvtri
1564 1975 1659 2014 Papae
1682 1976 1790 2007 LeonIs
1806 1996 1816 2011 ‚
1839 1973 1945 2014 jubete
1955 1972 2038 2004 nobis
2057 1985 2106 2006 re·

1206 2020 1322 2064 scripta
1339 2023 1408 2054 dari
1419 2045 1430 2060 ,
1453 2032 1487 2057 ut
1499 2031 1689 2056 revertamur
1699 2046 1709 2061 ‚
1735 2025 1770 2058 (ff
1782 2022 1823 2055 tbi
1835 2024 1965 2061 synodus
1982 2023 2106 2056 celebre-

1211 2082 1276 2105 tur.
1305 2071 1484 2114 Etjudices
1496 2073 1641 2106 omnino
1663 2072 1882 2106 obedierunt:
1913 2073 1997 2106 Fieri
2012 2084 2105 2107 man-

1211 2120 1329 2156 darunt
1350 2120 1441 2156 aliud
1462 2145 1473 2163 ,
1510 2122 1671 2156 Dominis
1693 2121 1855 2157 Romanis
1880 2123 2101 2165 placiturum,

1211 2171 1376 2205 decretum
1388 2195 1400 2211 ‚
1427 2169 1604 2206 addentes.
1631 2173 1663 2204 51·
1685 2171 1735 2204 hoc
1746 2183 1804 2205 non
1825 2173 1900 2205 velit
1912 2170 2009 2211 vestra
2028 2175 2103 2205 san-

1210 2221 1320 2260 nitas,
1350 2218 1525 2263 cognoscite,
1553 2227 1624 2265 quia
1633 2227 1667 2255 in
1688 2222 1831 2263 partibus
1856 2223 2101 2261 occidentalibus

1209 2269 1371 2312 babetfieri
1389 2272 1519 2309 synodus
1533 2295 1544 2310 ,
1568 2273 1600 2305 eb
1622 2274 1702 2312 quod
1723 2271 1906 2316 Religiofitas
1937 2272 2034 2312 vestra
2056 2273 2103 2306 bic

1209 2321 1301 2353 noluit
1313 2321 1350 2353 de
1368 2332 1445 2354 vera
1456 2322 1490 2354 (τ
1510 2319 1675 2356 orthodoxa
1681 2322 1747 2364 fide
1770 2322 1978 2356 indubitanter
2000 2323 2104 2364 defini-

1207 2370 1709 2416 re.Qarefastumdec1-etum
1730 2372 1819 2407 aliud
1832 2396 1842 2412 ,
1868 2373 1920 2406 cui
1933 2371 2030 2415 plene
2050 2373 2102 2407 ad·

1207 2419 1339 2455 clamari
1350 2422 1460 2465 potuit
1475 2434 1486 2455 :
1502 2421 1679 2464 -Epistolam
1701 2422 1987 2466 definittofirmavit
1999 2448 2007 2455 .
2035 2423 2101 2457 Ve-

1206 2471 1238 2504 re
1251 2470 1360 2514 itaque
1383 2471 1424 2504 ad
1437 2469 1639 2507 Michaelem
1660 2472 1850 2517 Augustum
1863 2472 1972 2507 scribit
1997 2472 2103 2507 Nico-

1205 2521 1274 2555 laus
1285 2521 1408 2564 primus
1427 2521 1587 2556 Pontifex
1602 2547 1609 2554 .
1637 2522 1773 2564 Epistola
1783 2523 1886 2557 Sanc‘li
1910 2527 2019 2558 Leonis
2041 2527 2101 2556 Pa-

1199 2579 1251 2613 pae
1261 2572 1346 2612 apud
1354 2583 1453 2605 omnes
1467 2573 1635 2605 Orientales
1652 2576 1682 2606 E
1680 2570 1812 2615 piscopos
1824 2573 1899 2606 adeo
1917 2574 2031 2613 exstitit
2043 2585 2099 2612 ve:

1203 2622 1343 2655 nerabilis
1358 2646 1369 2661 ‚
1395 2631 1428 2654 ut
1440 2621 1517 2659 hanc
1541 2622 1707 2656 columnam
1718 2622 1901 2664 orthodoxie
1928 2633 2070 2656 vocarent
2082 2649 2092 2664 ,

1203 2673 1238 2706 (Ὺ
1249 2682 1346 2705 omnes
1360 2677 1394 2704 in
1404 2682 1440 2704 ea
1454 2695 1464 2711 ,
1492 2671 1627 2715 Praesule
1653 2671 1973 2713 Constantinopolitano
1987 2678 2096 2707 Anato-

1201 2722 1239 2754 lto
1242 2723 1460 2763 praecedente
1482 2719 1717 2764 subscriberent:
1745 2728 1795 2755 lta
1804 2732 1836 2755 ut
1848 2721 2091 2764 Chalcedonensis

1201 2782 1313 2815 magna
1334 2773 1465 2810 synodus
1477 2773 1523 2805 nil
1544 2773 1706 2816 definitffe,
1733 2774 1778 2806 nil
1800 2771 1957 2817 respuisse,
1985 2775 2034 2807 nil
2048 2772 2098 2816 fic-

1196 2820 1332 2865 scepiffe‚
1359 2820 1416 2863 mfi
1421 2823 1500 2864 quod
1521 2822 1575 2856 vel
1584 2823 1638 2856 illa
1649 2824 1701 2856 vel
1722 2828 1802 2858 vices
1818 2823 1984 2865 Apostolicae
2006 2826 2093 2857 sedis

1200 2872 1241 2904 ibi
1260 2870 1447 2915 reservantes
1470 2871 1670 2915 difinierunt,
1692 2876 1901 2915 projecerunt,
1927 2875 1978 2907 vel
1996 2875 2095 2906 admi-

1194 2920 1330 2965 serunt,
1351 2923 1476 2964 penitus
1499 2922 1692 2967 agnoscatur.
1720 2923 1833 2957 Tanta
1855 2923 1941 2967 apud
1964 2934 2092 2958 tantam

1200 2971 1372 3016 synodum
1385 2971 1447 3005 fuit
1457 2972 1617 3008 Romanae
1628 2972 1702 3008 Sedi
1715 2973 1872 3016 potestas
1901 2974 2090 3008 Laudatum

1201 3022 1370 3063 decretum
1381 3022 1664 3066 egregie—,exponit
1692 3022 1926 3064 Theorianus,
1953 3024 2094 3058 Manne-

1202 3072 1240 3106 lis
1262 3073 1429 3107 comneni
1444 3070 1588 3118 Augusti
1614 3074 1779 3118 Legatus,
1810 3074 1845 3108 in
1867 3074 2092 3119 disputatione

1200 3134 1276 3156 cum
1292 3123 1444 3156 Niercese
1455 3121 1640 3157 Paniai-cha
1655 3124 1891 3159 Armeniorum
1907 3150 1914 3157 .

1252 3172 1336 3206 Asta
1348 3171 1414 3205 haec
1426 3172 1502 3206 sunt
1519 3184 1574 3217 per
1583 3174 1730 3218 quinque
1740 3173 1898 3208 Actiones
1921 3175 1973 3208 seu
1987 3173 2093 3207 seffio-

1202 3234 1258 3256 nes
1277 3221 1475 3265 synodales,
1502 3227 1640 3267 quarum
1662 3225 1835 3262 noviffima
1847 3225 1928 3258 facta
1952 3224 2013 3257 fuit
2031 3235 2091 3257 un-

1201 3272 1328 3306 decima
1341 3271 1506 3307 Calendas
1529 3272 1746 3308 Novembris.
1775 3270 1912 3312 Easdem
1927 3273 2090 3308 Calendas

1201 3323 1316 3356 ottavo
1330 3323 1409 3359 fasta
1419 3322 1464 3357 est
1487 3323 1575 3358 sexta
1588 3323 1687 3358 Aetio
1699 3348 1710 3364 ‚
1736 3323 1788 3356 cui
1803 3323 1939 3357 tandem
1951 3324 2089 3358 Martia-

1202 3383 1260 3406 nus
1273 3371 1440 3418 Augustus
1463 3383 1538 3406 cum
1564 3374 1700 3416 piissima
1722 3383 1823 3407 uxore
1845 3372 2016 3408 Pulcheria
2041 3375 2089 3406 in-

1201 3422 1332 3465 terfuit‚
1357 3424 1537 3467 cunctaque
1558 3422 1623 3458 huc
1648 3424 1749 3468 usque
1774 3423 1864 3469 gesta
1885 3424 2010 3459 recitari
2034 3434 2090 3457 au-

1929 3473 2037 3515 divit,

2122 2533 2206 2573 Epist.
2250 2558 2257 2565 .
