2294 3782
237 223 436 311 „cendi
454 221 543 307 vi
564 266 587 314 ,κ
623 247 759 326 qua
800 246 928 325 quo
947 216 1165 301 animo
1183 241 1343 322 erga
1364 211 1618 316 testm,
1656 245 1790 323 qua
1826 215 2046 322 obser·-

240 336 515 423 vantia
513 359 587 416 te
627 341 710 415 1&
727 331 912 415 cultu
939 326 1352 436 profhquar,
1394 327 1730 413 declarare
1757 327 2048 441 poffem

238 451 512 537 Verum
532 474 685 532 cum
699 444 775 527 id
787 442 962 526 nullo
982 444 1172 526 modo
1180 442 1350 551 pos*
1324 470 1443 534 m
1465 441 1635 526 illud
1646 470 1820 526 certe
1840 445 2055 526 velim

240 561 377 645 tibi
384 558 829 673 persuadeas,
866 587 971 641 me
995 557 1062 641 in
1081 586 1255 640 omni
1273 581 1437 641 vita
1475 563 1558 637 ὠ»
1588 550 2056 680 beneficiorum

242 702 515 760 tuorum
530 700 889 754 memorem
893 668 1267 776 futurum
1280 678 1361 753 (ιι
1379 666 1578 769 officii
1595 699 1761 752 mei
1815 669 2054 750 Omni-

241 793 365 875 bus
383 811 610 873 autem
619 786 930 892 precibus
947 784 1049 869 D
1070 783 1154 866 O.
1177 787 1337 880 M,
1359 784 1519 868 dum
1539 784 1799 869 vivam
1817 786 2044 876 orabo,

207 927 346 986 vut
355 900 639 1006 nobiliss
612 928 815 985 mam
848 895 1183 998 vetustiss
1154 925 1485 1004 mamque
1512 912 1788 1023 gentem
1821 923 2052 991 tuam,

235 1045 353 1102 res
363 1041 521 1101 tuas
540 1043 796 1106 omnes,
837 1024 961 1098 tua
980 1013 1265 1097 demum
1279 1008 1543 1118 confilia
1578 1008 2052 1118 omniafortu-

237 1129 394 1234 net}
419 1129 550 1215 De
569 1129 709 1214 tuis
726 1139 952 1212 autem
968 1126 1276 1210 laudibus
1283 1126 1644 1237 prudenter
1660 1151 1868 1220 taceo,
1884 1127 2063 1232 quod

236 1255 469 1350 neque
464 1267 573 1327 tu
596 1271 708 1327 eas
716 1266 846 1349 pro
880 1267 1004 1327 tua
1021 1236 1337 1341 modestia
1354 1267 1479 1323 non
1494 1235 1752 1340 moleste
1770 1234 2055 1345 ferres,-

238 1371 443 1465 neque
462 1372 580 1471 ego
599 1356 752 1442 illas
770 1384 901 1440 una
920 1356 1282 1460 eademque
1280 1354 1495 1438 brevi
1521 1349 1785 1461 epistola
1821 1355 2056 1458 exequi

227 1463 518 1580 possem
576 1467 1108 1580 Posttaejamdiu
1137 1467 1272 1551 illae
1290 1463 1463 1574 seint
1497 1497 1565 1551 ιιι
1601 1463 1839 1592 illustri
1871 1466 2055 1549 loco:

238 1576 519 1694 illasque
529 1609 863 1692 praectpue
884 1613 1034 1668 cum
1050 1607 1370 1677 tuentur,
1427 1606 1575 1663 tum
1613 1582 1821 1665 etiam
1847 1577 2054 1688 poste

237 1727 336 1780 ris
347 1695 583 1783 nollris
600 1699 987 1781 indicabunt
1042 1704 1126 1780 (ι’
1142 1695 1434 1806 dignitas
1449 1721 1606 1787 tua,
1677 1703 1760 1778 <9⁶
1776 1695 2054 1804 legatio-

235 1839 347 1895 nes
366 1824 421 1894 a
419 1835 497 1891 te
510 1812 721 1895 obitae
731 1813 913 1935 apud
943 1806 1130 1920 Caes
1110 1839 1260 1892 ares
1286 1810 1626 1916 potentiss
1618 1804 1784 1914 mos
1764 1839 1892 1915 que
1911 1811 2052 1894 Re,

227 1953 399 2036 ges-,-
444 1926 635 2032 apud
643 1954 804 2035 quos
841 1954 907 2007 ιιι
935 1925 1374 2035 procurandis
1410 1923 1747 2009 rebusA
1720 1917 2054 2034 postolicae

238 2040 437 2122 Sedis
450 2039 702 2123 nullum
719 2068 842 2122 non
848 2036 1187 2146 specimen
1207 2035 1448 2135 dedist'i
1491 2062 1615 2123 aut
1639 2038 2051 2160 probitatis,

240 2174 366 2232 aut
373 2151 786 2257 prudentae
844 2178 982 2235 aut
998 2152 1471 2242 liberalitatis,
1530 2174 1655 2232 aut
1691 2174 2049 2260 integrita

239 2263 371 2356 tis,
430 2287 555 2343 aut
573 2264 990 2357 innocentiae,
1029 2290 1153 2346 aut
1168 2267 1522 2347 virtutum
1541 2292 1870 2359 omnium,
1896 2293 2048 2369 quae

226 2377 563 2500 pertinent
581 2378 674 2457 ad
684 2379 925 2460 virum
941 2379 1359 2487 Principem.
1416 2379 1627 2460 Nunc
1645 2402 1872 2459 autem
1906 2380 2050 2462 Ro-

238 2519 367 2572 mae
385 2519 451 2572 ιιι
469 2515 664 2572 tanta
682 2493 1020 2573 hominum
1056 2493 1196 2577 luce
1234 2493 1335 2575 ita
1371 2517 1437 2575 te
1463 2492 1689 2603 geris,
1749 2516 1828 2573 ut
1859 2520 2047 2573 nemo

237 2633 406 2686 unus
424 2633 547 2685 non
580 2608 1006 2688 vehementer
1033 2607 1375 2718 gaudeat,
1432 2631 1498 2688 te
1531 2608 1624 2686 ad
1655 2630 2048 2687 caeterorum

237 2718 611 2800 Hominum
629 2719 999 2802 utilitatem
1018 2734 1219 2828 atque
1240 2721 1331 2801 ad
1343 2744 1446 2800 tui
1466 2720 1743 2802 nominis
1752 2718 2048 2828 gloriam

238 2832 627 2939 ampliffima
699 2830 822 2933 ista
901 2834 1300 2914 aucloritate
1352 2833 1602 2942 pollere
1639 2896 1654 2913 .
1729 2835 2005 2915 Interea
2027 2898 2044 2924 ‚

236 2945 558 3054 Princeps
576 2947 645 3028 E
645 2947 1092 3049 minentiffime
1112 3012 1130 3041 ,
1151 2943 1396 3051 fruere
1418 2947 1678 3028 leclione
1695 2949 1934 3029 horum
1970 2944 2048 3024 li-

235 3058 545 3151 brorum,
605 3062 722 3168 qui
741 3090 813 3142 eo
819 3057 1065 3166 justius
1083 3064 1175 3142 ad
1187 3086 1253 3142 te
1272 3063 1596 3153 veniunt,
1638 3090 1766 3169 quo
1787 3071 2039 3164 majore

239 3170 532 3251 doclrina
570 3170 995 3283 spostolicae
1028 3176 1403 3268 Sedis&
1438 3174 1894 3256 Conciliorum
1930 3201 2046 3253 au-

239 3284 619 3366 Horitatem
638 3311 944 3395 aperiunt
979 3312 1180 3396 atque
1197 3283 1604 3392 defhndunt.
1655 3282 2044 3396 praesertim

238 3427 408 3478 vero
428 3426 578 3480 cum
596 3400 682 3480 ab
720 3428 794 3479 eo
813 3401 1067 3481 homine
1087 3396 1340 3511 scripti
1360 3397 1541 3505 fint,
1601 3429 1830 3508 quem,
1890 3403 2045 3484 dum

1806 3517 1954 3562 viveret
1966 3549 1978 3574 ‚
