2340 3736
1929 115 1992 167 63

229 358 935 478 ffiffiffiffi
949 413 1068 468 &0453
1096 411 1213 466 &2⁶³9
1227 409 1345 465 (Ξᾷξὲ
1362 410 2065 468 wffiffiffiffisffl

287 574 826 669 CONCILII
938 566 2010 661 CHALCEDONENSIS

642 735 1150 798 DEFINITIO
1203 734 1320 790 DE
1380 734 1536 789 FID
1563 736 1607 793 E
1635 773 1648 788 .

479 899 670 948 Ominus
705 896 847 951 noster
874 933 889 957 ,
923 899 966 943 &
1003 896 1200 949 Salvator
1223 891 1350 960 Jesus
1383 892 1586 949 Christus
1620 890 1828 949 notitiam
1862 889 1966 943 fidei
2000 892 2067 942 di-

515 967 688 1038 scipulis
722 966 808 1017 suis
841 963 1016 1015 firmans
1039 1003 1053 1028 ,
1090 965 1203 1015 dixit
1231 985 1244 1014 :
1287 971 1426 1012 Pacem
1459 984 1584 1013 meam
1617 964 1778 1031 relinquo
1812 965 1921 1012 vobis
1947 1001 1960 1025 ,
1992 982 2069 1033 pa-

516 1059 593 1088 cem
627 1057 751 1087 meam
786 1037 832 1085 do
865 1038 972 1085 vobis
998 1056 1011 1085 e
1046 1038 1111 1085 Ut
1144 1036 1289 1088 nullus
1321 1033 1503 1085 dissonet
1538 1033 1566 1084 ὲ
1600 1037 1783 1104 proprio
1808 1036 1926 1090 circa
1960 1033 2070 1099 dog-

514 1125 634 1159 mata
666 1109 847 1179 pietatis
884 1144 898 1169 ,
945 1105 1018 1159 sed
1051 1121 1102 1156 ut
1149 1107 1312 1175 pariter
1361 1108 1562 1159 veritatis
1596 1105 1826 1157 ostendant
1860 1105 2069 1174 praedica-

231 1183 404 1233 tionem
428 1217 443 1229 .
480 1183 600 1249 Qia
633 1178 740 1229 vero
775 1196 866 1231 non
900 1176 1056 1229 definit
1092 1193 1170 1245 per
1203 1177 1378 1229 zizania
1412 1174 1485 1224 sua
1517 1174 1722 1229 diabolus
1757 1176 1913 1228 contra
1948 1175 2070 1230 semi-

229 1269 289 1306 na
322 1253 502 1319 pietatis
536 1249 753 1315 insurgere
779 1286 793 1313 ,
841 1252 887 1298 &
920 1246 1084 1316 semper
1136 1246 1306 1315 aliquid
1341 1263 1506 1297 novum
1542 1262 1698 1301 contra
1732 1250 1967 1298 veritatem
2003 1249 2073 1297 in-

230 1324 383 1377 venire
411 1341 425 1371 :
461 1324 644 1389 Propter
679 1321 764 1369 hoc
799 1320 1021 1375 Dominus
1055 1355 1069 1378 ,
1104 1334 1154 1373 ut
1187 1316 1412 1367 consuevit
1447 1354 1460 1379 ,
1496 1316 1734 1385 providens
1768 1318 1961 1366 humano
1996 1335 2071 1380 ge-

230 1395 366 1453 neri,
400 1390 636 1460 piiss'imum
672 1391 790 1440 hunc
822 1394 867 1439 &
900 1387 1187 1443 fideliffimum
1220 1387 1279 1437 ad
1305 1389 1626 1438 aemulationem
1662 1389 1799 1438 erexit
1827 1392 2071 1455 Imperato-

231 1480 324 1512 rem
338 1499 353 1523 ‚
387 1466 432 1514 ὅτ
459 1461 655 1530 undique
676 1459 917 1516 Sacerdotii
941 1458 1138 1509 Praefides
1163 1457 1220 1509 ad
1247 1457 1289 1509 se
1310 1460 1605 1519 convocavit,
1637 1474 1685 1507 ut
1712 1460 1854 1522 gratia
1883 1460 2071 1508 Domini

228 1535 430 1582 omnium
459 1533 652 1585 nostrum
664 1531 828 1582 Christi
851 1546 1085 1599 operante,
1122 1547 1298 1584 omnem
1326 1529 1507 1596 quidem
1535 1529 1751 1581 mendacii
1776 1528 2071 1596 pestilentiam

231 1602 262 1655 ὲ
283 1603 448 1653 Christi
468 1603 627 1654 ovibus
658 1617 903 1652 removeret
922 1638 935 1662 ,
971 1599 1236 1665 germinibus
1272 1616 1418 1652 autem
1454 1602 1653 1649 veritatis
1688 1617 1760 1648 eas
1795 1598 2071 1666 pinguescere

233 1671 397 1727 faciat.
435 1671 569 1740 Qod
593 1677 637 1722 &
661 1672 921 1739 perfecimus
947 1673 1169 1720 communi
1193 1667 1359 1737 judicio
1383 1669 1591 1732 dogmata
1617 1671 1880 1737 expellentes
1903 1673 2074 1730 erroris,

231 1747 278 1791 δε
312 1743 591 1796 inerrabilem
626 1746 805 1791 Patrum
840 1744 1150 1791 innovavimus
1184 1739 1313 1789 fidem
1335 1777 1348 1800 ,
1385 1740 1642 1809 Symbolum
1670 1756 1961 1789 trecentorum
1997 1739 2073 1789 de.⁹

232 1829 330 1862 cem
357 1848 372 1873 ,
408 1815 452 1860 &
486 1816 586 1861 οᾶο
622 1811 827 1861 omnibus
863 1809 1172 1879 praedicantes.
1209 1814 1268 1859 Et
1303 1828 1403 1870 eos,
1438 1813 1516 1878 qui
1553 1811 1664 1866 hanc
1700 1812 1838 1861 veluti
1877 1808 2070 1859 tefferam

235 1883 418 1954 pietatis
454 1897 715 1950 acceperunt
739 1919 752 1942 ,
801 1896 851 1930 ut
886 1883 1086 1950 proprios
1123 1885 1273 1930 Patres
1308 1883 1450 1937 etiam
1486 1879 1795 1942 adscribimus,
1832 1898 1905 1929 eos
1936 1883 2068 1929 nimi-

235 1952 334 2003 rum
350 1989 366 2013 ,
392 1955 470 2019 qui
500 1950 648 2021 postea
675 1954 722 2002 in
745 1968 903 2015 magna
918 1952 1308 2020 Constantinopoli
1335 1952 1591 2014 congregati
1616 1949 1712 1999 sunt
1734 1966 1912 2000 centum
1941 1954 2070 2018 quin-

237 2025 476 2088 quaginta,
501 2021 738 2075 &eandem
764 2021 893 2071 fidem
924 2022 1004 2090 ipsi
1013 2040 1192 2090 quoque
1203 2020 1569 2072 confirmaverunt
1584 2057 1596 2069 .
1633 2024 1921 2077 Decernimus
1938 2023 2073 2085 igitur

235 2090 461 2151 ordinem,
489 2097 532 2141 δε
556 2109 710 2142 omnes
735 2093 943 2142 formulas
973 2092 1287 2154 custodientes,
1313 2110 1412 2158 quae
1437 2091 1494 2140 de
1506 2091 1591 2140 fide
1606 2089 1703 2139 sunt
1730 2091 2001 2151 constitutae,
2030 2096 2074 2141 δε

235 2177 317 2215 nos
351 2159 501 2215 sandtae
536 2161 703 2229 Synodi
738 2161 962 2231 quondam
1005 2165 1052 2211 in
1087 2161 1257 2230 Epheso
1292 2161 1410 2217 facita>
1438 2198 1452 2221 ,
1505 2165 1625 2225 cujus
1662 2160 1862 2211 Praessdes
1901 2161 2073 2211 suerunt

235 2229 484 2280 beatiffimae
519 2233 739 2281 memoriae
773 2232 1014 2283 Celestinus
1049 2236 1347 2286 Romanorum
1385 2268 1398 2291 ,
1443 2236 1486 2279 δε
1521 2231 1722 2298 Cyrillus
1757 2231 2075 2284 Alexandrino.-

235 2318 358 2360 rum,
393 2305 437 2350 &
472 2300 721 2369 praefulgere
760 2301 941 2370 quidem
965 2307 1088 2352 redtae
1122 2306 1167 2351 δε
1192 2303 1480 2357 immaculatae
1505 2300 1606 2350 fidei
1634 2302 1944 2369 expositionem
1970 2306 2074 2353 San-

233 2376 426 2432 &corunh
462 2377 506 2421 δε
542 2370 878 2423 beatissimorum
914 2388 1206 2427 trecentorum
1242 2371 1393 2421 decem
1430 2376 1474 2421 &
1508 2376 1607 2421 οᾶο
1642 2376 1819 2424 Patrum
1862 2409 1875 2433 ,
1911 2375 1990 2440 qui
2026 2375 2074 2422 in

234 2444 390 2495 Nicaea
437 2442 708 2510 temporibus
757 2446 838 2511 piae
888 2445 1107 2493 memoriae
1153 2443 1434 2494 Constantini
1482 2446 1764 2516 Imperatoris
1814 2447 2071 2506 congregati

234 2510 361 2562 sunt:
398 2515 567 2564 Servari
601 2529 748 2563 autem
783 2519 827 2563 δε
862 2531 937 2574 ea,
972 2531 1069 2581 quae
1105 2512 1220 2581 apud
1257 2513 1687 2580 Constantinopolim
1740 2512 1766 2563 a
1806 2513 2069 2566 sanffiffimis

234 2598 412 2631 centum
446 2584 769 2651 quinquaginta
804 2584 1004 2636 Patribus
1040 2583 1215 2634 decreta
1249 2583 1344 2632 sunt
1380 2621 1393 2644 ,
1440 2582 1496 2631 ad
1531 2582 1805 2651 expellendas
1842 2584 2069 2651 quidemn

236 2650 410 2701 haereses
434 2687 447 2711 ,
483 2670 581 2720 quae
615 2671 669 2707 eo
703 2670 898 2722 tempore
933 2657 1283 2717 germinaverant
1321 2691 1334 2714 ‚
1371 2659 1415 2705 &
1451 2651 1509 2706 ad
1543 2652 1925 2708 confirmationem
1960 2652 2068 2718 ejus-

236 2720 339 2772 dem
373 2722 624 2776 Catholicae
670 2729 713 2778 &
748 2725 1010 2792 Apostolicae
1058 2725 1206 2773 nostrae
1241 2722 1369 2774 fidei.

308 2791 524 2843 Sufficeret
559 2793 737 2862 quidem
775 2794 831 2850 ad
866 2797 1039 2863 plenam
1074 2797 1376 2859 cognitionem
1417 2831 1431 2855 ,
1481 2799 1524 2845 &
1559 2794 1936 2844 confirmationem
1973 2796 2067 2861 pie-

239 2864 345 2914 tatis
382 2863 465 2913 hoc
499 2863 666 2933 sapiens
702 2871 745 2918 &
779 2865 960 2915 salutare
995 2865 1155 2915 divinae
1189 2868 1338 2928 gratiae
1364 2865 1648 2933 Symbolum.
1686 2870 1757 2914 De
1791 2869 1918 2914 Patre
1947 2867 2067 2914 enim

238 2937 282 2982 &
317 2933 430 2981 Filio
464 2937 507 2982 δε
542 2938 701 3006 Spiritu
738 2935 881 2991 sancito
915 2937 1221 3004 perfedtionem
1256 2935 1387 2985 docet
1414 2973 1427 2997 ,
1463 2953 1515 2991 ac
1551 2938 1735 2985 Domini
1771 2935 1904 2985 nostri
1939 2935 2066 2985 inhu-

241 3006 539 3056 manationem
573 3005 758 3056 fideliter
794 3007 1111 3075 accipientibus
1145 3005 1419 3073 repraesentat
1442 3042 1455 3053 .
1502 3006 1583 3055 Sed
1618 3007 1830 3073 quoniam
1866 3006 1947 3066 hi,
1986 3009 2065 3072 qui

241 3075 442 3122 veritatis
477 3076 705 3143 reprobare
739 3077 1093 3145 praedicationem
1128 3093 1367 3138 conantur,
1403 3094 1479 3144 per
1515 3080 1708 3144 proprias
1731 3075 1902 3128 haereses
1929 3092 2066 3132 novas.

241 3160 375 3194 voces
410 3162 671 3207 genuerunt:
709 3149 802 3201 Alii
838 3147 1016 3215 quidem
1055 3147 1306 3216 mysterium
1340 3145 1669 3213 dispensationis
1705 3149 1893 3196 Domini
1922 3183 1934 3206 ,
1970 3162 2068 3212 quae

241 3229 422 3285 propter
456 3232 535 3265 nos
573 3215 682 3265 fasta
717 3217 779 3266 est
802 3254 814 3278 ,
862 3230 1132 3286 corrumpere
1169 3215 1503 3285 praesumentes3
1548 3221 1592 3267 &
1625 3235 1781 3271 vocem
1818 3218 2067 3265 Theotocos

242 3282 297 3332 de
333 3286 516 3347 Virgine
552 3285 643 3334 dici
671 3284 966 3351 denegantes:
1003 3290 1096 3339 Alii
1131 3304 1275 3336 autem
1311 3287 1603 3336 confusionem
1640 3292 1683 3336 &
1709 3288 1964 3335 mixtionem
2000 3288 2067 3334 in-

250 3352 549 3416 troducenteS,
585 3360 630 3406 &
666 3373 795 3405 unam
831 3375 1028 3407 naturam
1064 3356 1143 3407 effe
1178 3359 1320 3406 carnis
1355 3361 1398 3411 δε
1434 3359 1701 3410 Divinitatis
1737 3354 1864 3404 stulte
1903 3356 2068 3406 confina

245 3439 420 3486 genteS,
456 3430 500 3480 &
537 3426 774 3494 passibilem
809 3429 1023 3490 unigeniti
1058 3431 1273 3482 Divinam
1308 3443 1506 3480 naturam
1540 3445 1617 3496 per
1649 3426 1942 3478 confusionem
1967 3444 2066 3494 pro«

1891 3495 2019 3542 digiost}
