2340 3736
57 697 88 726 1.-
107 705 132 725 a.

58 1206 90 1237 L.
97 1204 146 1237 i-c.
151 1214 162 1241 5
168 1226 175 1234 .

64 2572 156 2606 Am.

199 1134 201 1136 r
228 1092 421 1124 correctores
443 1092 495 1124 seu
510 1090 725 1125 moderatores
746 1085 954 1133 Ac'ephalos,
979 1089 1000 1124 a.
1019 1090 1114 1125 nobis

408 89 582 162 „DE

231 199 319 246 quod
332 203 394 232 Deo
417 195 688 239 nibilimpofflbile:
713 194 817 243 Qod
839 192 874 234 in
900 188 1045 238 Epistola
1065 192 1104 227 ad

231 248 398 286 militeseo
409 246 576 286 turbatos,
602 246 685 280 &in
698 245 867 289 Dnssogo,
892 246 945 279 cui
970 244 1105 289 Epigra-

231 298 314 344 phe,
342 301 421 331 Deus
440 295 640 338 impassibilis,
667 293 708 329 de
731 295 936 338 imperitia&
963 293 1107 338 blasphe-
1168 285 1280 331 habet,
1306 290 1695 334 necadumtatemsufficn,
1721 293 1803 336 quod
1811 298 1910 326 nonin
1919 294 2047 327 anatbe-
2112 292 2139 307 *⁸

650 98 1241 159 Lirnocxxito
1310 105 1780 155 Ernestuo.

1925 125 1986 163 29

1168 189 1342 226 Machiota
1356 190 1535 235 Episcopus
1548 189 1791 226 Alexandrinus
1803 192 1884 227 dicit
1895 193 1978 237 apud
1991 191 2044 227 Li-

1169 242 1314 276 beratum
1326 239 1611 284 Carthaginensem
1627 255 1638 275 .·
1665 243 1840 284 Imperfec‘t’e*
1861 242 2047 286 EdiHumse'
2065 269 2142 299 Ca„
2161 282 2165 300 ¹
2174 276 2202 302 8.

229 348 296 383 mia
307 346 445 381 revincit
455 345 714 381 Theodoretus.
743 346 795 379 Ex
806 344 924 378 eodem
944 344 1107 387 principio
1167 351 1249 375 mate
1271 342 1374 380 synodi
1386 340 1427 383 fic
1443 340 1577 383 fabium.
1608 342 1781 383 Synodum
1801 342 1893 376 enim
1918 343 2046 378 tacebat

230 397 345 432 Petrus
355 397 451 431 Fullo
464 418 474 435 ‚
498 406 595 439 purus
605 405 702 439 putus
725 392 972 438 Eutychianista
984 417 995 434 ,
1021 393 1107 427 sacro

229 446 387 491 Trisagio
411 445 538 480 addidit
561 470 572 485 ,
598 448 662 489 ,Qui
683 444 837 486 crucifixus
857 441 896 481 est
915 450 976 484 pro
1000 443 1108 483 nobis,

230 495 403 540 scribitque
424 497 459 529 in
483 495 702 530 collectaneis
721 492 920 526 Theodorus
934 491 1049 526 Lestor
1068 492 1109 526 de

228 547 459 581 Alamundaro
481 569 491 585 ,
518 546 752 579 Saracenorum
778 540 967 583 Phylarcho
993 565 1003 581 ,
1029 553 1108 576 con-

228 596 320 630 verso
331 595 371 629 ad
399 596 495 628 fidem
511 618 522 635 ,
544 602 735 635 tentatoque
748 603 802 635 per
827 592 978 624 Severum
991 591 1109 626 Antio·

225 644 370 679 ebenum
392 645 518 679 Pseudo
538 642 738 684 Episcopum
762 641 803 675 ad
818 641 984 685 perfidiam
1008 642 1108 684 Euty.

225 694 381 729 chianam
402 719 409 726 .
435 692 583 726 Fabulam
601 700 780 724 commentus
802 691 840 731 est
855 715 865 731 ,
881 693 972 734 ¹quod
988 691 1106 724 litteras

227 745 372 789 accepiffit
383 767 395 784 ‚
419 752 486 785 quae
504 739 677 782 Michaelem
704 741 916 785 Archangelum
926 751 1072 775 mortuum
1076 740 1110 783 fi

224 794 399 838 gnificarent
407 816 415 823 .
438 789 692 833 Respondentibus
703 790 875 835 Episcopis
886 792 996 826 Severi
1010 792 1112 835 Lega-

229 841 390 887 tiseffeboc
399 841 577 882 impoffibile.
605 843 758 884 ,Quomodo
773 847 886 884 igitur,
912 846 1012 884 inquit
1038 841 1115 880 Phy-

229 891 346 927 larchus
355 915 367 928 ‚
386 889 416 932 fi
420 891 497 924 duas
509 900 635 923 naturas
648 890 781 932 christus
795 903 851 924 non
864 891 954 923 habet
965 914 975 930 ,
1002 892 1114 923 nudam

228 952 337 977 erucem
355 945 437 974 Deus
454 942 603 982 pertulit,
626 941 691 974 eiam
701 952 737 975 ne
762 943 889 985 Angelus
909 942 1027 983 quidem
1045 947 1115 982 pati

229 999 284 1025 aut
293 996 367 1023 mori
377 999 466 1032 queat
477 991 494 1022 ἒ
520 991 567 1024 lta
580 990 729 1026 novellus
741 989 945 1026 Christianus
972 990 1112 1023 vetustos

229 1041 410 1083 Episcopos
434 1039 594 1084 pudefecit
616 1066 623 1072 .
652 1041 776 1074 Erroris
801 1040 977 1074 absurditas
994 1040 1114 1084 peperit

228 1140 357 1175 Latinis
367 1140 478 1184 passim
489 1140 591 1174 diuos
601 1139 933 1184 Semi-Eutychianos
943 1164 954 1180 ,
974 1151 1114 1184 quorum

232 1201 336 1234 nugas
355 1191 389 1224 ὃς
417 1201 525 1224 veram
546 1191 709 1235 originem
742 1201 915 1235 exponunt
946 1189 1116 1224 Facundus

231 1239 477 1274 Hermianenfis
488 1264 498 1278 ‚
525 1240 558 1273 δε
569 1239 739 1275 Liberatus
750 1239 1015 1286 carthaginensis
1027 1263 1035 1271 -

282 1287 390 1322 Addit
411 1289 517 1322 Sancti
527 1290 674 1324 Flaviani
696 1302 733 1324 ac
743 1291 812 1332 ejus
824 1290 951 1334 Synodi
982 1289 1116 1323 Relatio

233 1338 274 1373 ad
296 1339 449 1373 SanCtutn
470 1339 637 1373 Leonem.
664 1337 894 1379 DicitEutycbes
920 1351 1039 1373 carnem
1063 1343 1107 1371 Do

232 1394 307 1422 mini
326 1389 529 1431 coeffentialem
539 1389 621 1422 nobIs
645 1389 872 1432 nonsubfistere‚
902 1400 1055 1432 tamquam
1080 1401 1118 1423 ex

233 1438 316 1472 nobis
331 1437 500 1482 susceptam
511 1443 544 1473 &
565 1440 765 1473 coadunatam
775 1444 832 1475 Dei
858 1439 949 1474 Verbo
956 1438 1119 1483 ficundum

229 1487 440 1532 subfistentiam
452 1513 462 1529 ,
484 1487 541 1532 fid
562 1493 711 1533 Virginem
729 1492 847 1533 quidem
862 1514 874 1530 ‚
898 1502 965 1533 quae
986 1501 1051 1523 eum
1071 1501 1116 1532 ge·

231 1545 299 1572 nuit
313 1562 322 1577 ,
342 1537 501 1582 secundum
521 1550 639 1572 carnem
648 1540 730 1573 nobis
752 1539 1022 1583 conficbftannalem
1043 1541 1094 1581 effe
1111 1564 1120 1578 ,

230 1587 329 1630 ipsum
353 1598 454 1623 autem
474 1591 632 1623 Dominum
653 1602 711 1623 non
725 1589 876 1633 suscepiffi¹
886 1602 927 1624 ex
948 1601 984 1623 ea
1003 1601 1122 1623 carnem

229 1637 450 1680 substantialem
458 1640 539 1672 nobis
551 1664 561 1679 ,
586 1641 732 1681 &corpus
745 1643 864 1672 Domini
874 1652 932 1673 non
943 1640 994 1684 effe
1000 1642 1123 1681 quidem

233 1695 335 1728 corpus
348 1687 473 1721 bominis
485 1712 495 1727 ,
521 1687 683 1721 humanum
693 1693 764 1722 vero
773 1699 876 1732 corpus
902 1691 951 1731 effi·
962 1715 975 1730 ,
997 1691 1075 1732 quod
1085 1689 1121 1729 est

234 1743 272 1768 ex
283 1740 400 1778 Virgine
410 1764 418 1771 .
445 1738 488 1770 Et
502 1739 533 1770 in
547 1739 607 1770 alia
623 1738 797 1772 Relatione
809 1765 816 1772 .
845 1742 961 1780 Adiecit
986 1743 1021 1774 et
1031 1741 1123 1772 aliam

235 1791 417 1826 impietatem
430 1810 440 1826 ,
466 1788 566 1819 dicens
588 1795 689 1829 corpus
713 1790 850 1828 Domini,
875 1791 956 1831 quod
964 1800 1002 1821 ex
1024 1792 1123 1821 Maria
1144 1792 1146 1795 '

225 1834 348 1877 fabium
362 1835 413 1875 est,
428 1846 487 1868 non
497 1836 553 1879 effe
563 1839 664 1877 nofi'rae
671 1836 952 1881 substantiae‚neque
961 1837 1122 1881 consperfio-

239 1890 299 1925 nis,
309 1882 367 1927 sed
377 1885 538 1919 humanum
547 1888 667 1929 quidem
675 1888 753 1920 illud
759 1898 921 1928 vocat‚non
930 1898 1031 1921 tamen
1039 1890 1122 1921 nobis

233 1932 475 1978 consubstantiale
483 1962 493 1977 ,
515 1948 606 1979 neque
610 1944 748 1980 genitrici
754 1942 822 1979 ejus
828 1937 991 1982 sbi-undum
998 1950 1121 1972 earnem.

235 1986 425 2020 Dominum
446 1987 602 2029 profeffiis
611 1987 655 2022 est
680 1990 853 2030 perfeetum
876 1989 1046 2023 hominem
1059 2012 1069 2028 ‚
1092 2001 1122 2022 at

234 2035 301 2068 fine
326 2047 423 2070 carne
444 2035 817 2072 nobisconsubflantiali
829 2064 839 2072 .
865 2039 944 2082 Ejus
954 2048 1047 2073 mens
1057 2051 1123 2074 erat

236 2083 447 2125 labyrinthus
457 2087 490 2119 δε
501 2098 580 2127 aqua
592 2088 659 2121 fine
683 2089 788 2123 fundo
802 2104 813 2122 .·
841 2090 934 2123 Hinc
944 2101 1012 2134 quo
1030 2090 1120 2124 sensu

237 2133 459 2167 Dominicum
486 2146 600 2178 corpus
620 2135 798 2171 humanum
820 2138 975 2182 quidem,
1001 2151 1034 2172 at
1052 2151 1121 2173 non
1142 2162 1144 2165 -

234 2179 390 2216 hominis
409 2184 588 2218 affirmaret·
602 2210 611 2223 ‚
638 2186 765 2220 edicere
787 2198 955 2230 nunquam
992 2189 1095 2222 voluit
1111 2213 1121 2228 ,
1142 2225 1144 2228 ,

234 2231 356 2266 affiiue
376 2242 520 2275 repetens
532 2246 543 2265 .-
572 2238 644 2267 Non
665 2235 780 2277 disputo
793 2239 829 2269 de
841 2247 952 2271 natura
976 2241 1035 2270 Dei
1044 2244 1119 2271 mei.

235 2282 405 2323 Suspectus
415 2283 477 2316 fuit
499 2295 575 2317 cum
590 2283 773 2319 Valentino
786 2298 888 2320 errare
903 2286 982 2320 illud
1006 2289 1024 2321 e
1034 2289 1119 2321 coelo

236 2330 372 2365 allatum
382 2357 394 2372 ,
415 2333 449 2366 δε
460 2332 619 2368 duntaxat
628 2335 806 2370 formatum
818 2337 849 2369 in
861 2335 1006 2381 Virgine
1018 2359 1032 2375 ,
1051 2348 1117 2370 non

233 2391 276 2415 ex
305 2381 388 2423 illa,·
409 2383 520 2417 verum
556 2385 641 2427 apud
680 2385 842 2428 Ioannem
883 2386 1117 2430 Presbyterum

222 2431 268 2465 ’ἀ
302 2431 468 2466 Andream
506 2434 695 2468 Diaconum
719 2460 729 2475 ‚
756 2437 859 2470 Sandii
897 2433 1114 2471 Flaviani'&

234 2481 367 2522 synodi
391 2482 460 2524 ejus
498 2483 641 2529 Legatos
666 2509 676 2525 ,
703 2487 896 2529 expurgavit
931 2488 961 2520 se
986 2486 1116 2529 questus

236 2532 444 2574 derogationes
455 2533 573 2575 aliquas
585 2535 882 2578 adversursellic‘las
894 2537 934 2569 ab
943 2536 1093 2579 aliquibus
1106 2559 1116 2575 ‚

236 2581 321 2623 quasi
335 2582 471 2621 dixerit,
499 2590 572 2625 quia
596 2587 678 2618 Deus
704 2586 834 2619 Verbum
849 2585 1062 2630 carnemfieam
1082 2588 1118 2619 de

237 2632 305 2663 eoelo
326 2632 489 2666 deduxerit
501 2644 511 2664 ι
536 2633 646 2677 Effese
655 2641 814 2669 innoxium
833 2636 872 2669 ab
891 2635 1057 2679 hujusmodi
1068 2638 1117 2670 de-

237 2685 387 2724 rogatione
405 2706 415 2714 .
452 2681 494 2715 Et
521 2682 642 2717 libellis
667 2686 731 2719 suis
753 2685 917 2730 Ephefino
945 2688 1118 2729 latrocinio

236 2728 393 2764 exhibitis
415 2731 564 2766 inseruit:
594 2735 824 2770 Anathematizo
843 2738 1056 2776 Valentinum,
1081 2738 1117 2771 et

236 2790 283 2812 eos
297 2802 309 2818 ,
335 2786 388 2822 qui
397 2782 501 2815 dieunt
522 2794 645 2817 carnem
654 2788 773 2819 Domini
794 2787 831 2820 de
842 2788 908 2820 coelo
925 2785 1111 2830 defiendiffe.

236 2828 282 2863 Et
295 2829 442 2875 Diogeni
453 2832 627 2876 Cyziceno
654 2834 817 2880 Episcopo
830 2838 958 2881 roganti
973 2861 986 2876 ,
1012 2839 1111 2869 Domi·

236 2890 274 2911 ne
294 2879 440 2918 Eutyches
455 2905 464 2921 ,
494 2885 574 2917 unde
596 2886 684 2928 ergo?
711 2889 788 2919 Dic:
817 2886 910 2920 Nihil
923 2887 1092 2930 respondit
1105 2911 1116 2927 ,

228 2927 352 2962 ‘nolens
375 2929 537 2973 disputare
555 2933 598 2968 de
615 2945 727 2970 natura
756 2936 820 2970 Dei
844 2937 910 2970 sui.
939 2936 1114 2971 Fatebatur

235 2986 347 3012 tamen
360 2979 543 3018 Dominum
555 2995 620 3018 non
634 2986 868 3021 tantummodo
896 2987 928 3020 in
946 2986 1087 3031 Virgine
1102 3010 1113 3026 ,

236 3026 338 3063 sed&
347 3040 391 3062 ex
401 3029 454 3063 illa
477 3031 700 3069 incarnatum.
727 3036 783 3070 Ad
794 3040 875 3080 quas
887 3046 989 3081 nugas
1010 3036 1042 3076 in
1056 3037 1115 3079 Sy-

235 3077 329 3111 nodo
342 3078 708 3127 Constantinopolitana
735 3087 816 3120 reste
825 3084 909 3120 dixit
929 3087 1114 3120 Florentius

236 3126 401 3162 Patricius
421 3154 431 3170 ,
459 3126 562 3166 homo
584 3134 723 3170 Laicus.
750 3137 826 3168 Cim
851 3146 949 3170 mater
958 3136 1041 3169 nobis
1050 3148 1129 3170 con·¹

232 3174 502 3222 substantialtsfi't‚
524 3185 629 3223 procul
642 3185 729 3218 dubio
750 3187 784 3220 <it
793 3185 876 3228 filius
886 3185 1109 3230 consubstantia-

237 3227 276 3259 lis
288 3226 326 3267 est
336 3229 421 3261 nobit
432 3254 439 3260 .
469 3231 573 3265 Filius
586 3244 722 3278 namque
733 3235 830 3269 matri
844 3247 912 3271 non
924 3236 1027 3279 potest
1043 3248 1109 3270 non

236 3278 301 3310 elle
330 3278 615 3315 consubstantialis
636 3307 643 3314 .
671 3282 801 3319 Ethaec
825 3285 870 3325 est
897 3287 991 3321 causa
1017 3310 1028 3326 ‚
1055 3298 1112 3319 cur

239 3328 412 3369 quomodo
437 3330 610 3372 Synodum
641 3330 942 3370 chalcedonensem
963 3360 975 3376 ,
1013 3336 1057 3369 ita
1080 3336 1113 3370 &

238 3374 389 3410 Zenonis
413 3376 717 3424 AugustiEdiuum
741 3384 909 3419 Enoticon
924 3385 995 3428 puri
1008 3386 1112 3428 Euty-

235 3423 404 3463 chianistae
414 3429 474 3465 lint
500 3429 701 3466 abominati.
727 3433 853 3469 Eorum
876 3445 960 3469 unus
970 3436 1115 3479 joannes

1170 391 1379 425 solummodo
1399 410 1419 429 ,x
1436 399 1504 424 non
1526 389 1701 425 damnabat
1724 405 1733 434 3
1760 393 1853 440 Qin
1876 403 1954 426 cum
1978 394 2043 436 ipsa

1172 441 1384 485 profitebatur
1396 441 1537 475 Domini
1547 438 1784 476 humanitatem
1794 444 1857 478 esse
1865 443 1961 478 nobis
1969 454 2048 477 con-

1171 489 1414 526 substantialem
1425 512 1437 520 -
1906 525 1910 528 .

1225 542 1337 575 Etiam
1362 540 1428 575 haec
1450 538 1644 584 Eutychetis
1665 540 1787 579 verba,
1814 543 1956 585 Confiteor
1966 544 2044 576 duas

1172 600 1300 624 naturas
1309 601 1380 624 ante
1391 593 1603 624 adunationem
1614 615 1624 630 ,
1651 591 1725 624 sunt
1744 592 1895 632 profeffio
1910 592 2047 627 absurda

1173 652 1272 683 atque
1294 643 1460 685 perversa,
1487 643 1705 684 Sanstumque
1726 640 1921 675 Flavianum
1942 643 2049 688 arguit

1175 691 1307 724 Sanetus
1330 692 1417 731 Leo,
1447 691 1536 734 quod
1549 703 1619 725 eam
1645 692 1726 724 nulla
1740 696 1937 732 increpatione
1958 702 2052 733 repre·
2219 732 2221 734 Ι

1177 739 1312 773 henderit
1323 762 1334 778 ,
1357 740 1562 783 &sermonem
1582 747 1671 774 nimis
1682 740 1885 783 infipientem,
1910 741 2052 784 nimisque
2070 731 2112 768 Ep
2127 733 2227 760 ¹0⁶⁵·

1177 788 1377 833 blasphemum
1395 792 1442 822 ita
1455 790 1544 833 fuisse
1566 792 1694 834 omiffum
1706 815 1718 831 ‚
1744 790 1830 834 quafi
1850 790 1947 830 nihil,
1975 794 2054 833 quod

1177 839 1354 883 offenderet,
1380 843 1446 883 estet
1465 842 1601 874 auditum
1613 855 1624 874 .·
1652 843 1730 880 Cum
1741 851 1805 874 tam
1826 843 1916 883 impie*
1926 843 2054 874 duarum

1179 899 1356 923 naturarum
1368 899 1441 924 ante·
1457 895 1689 923 incarnationem
1699 897 1866 935 unigenitus
1888 895 1947 925 Dei
1957 892 2055 924 Filius

1171 940 1260 983 fuiffe
1271 941 1388 973 dicatur
1400 965 1410 980 ‚
1432 951 1523 982 quam
1534 941 1651 982 nefarie
1661 966 1671 981 ,
1687 941 1841 984 postquam
1851 943 1980 974 Verbum
1990 951 2058 974 caro

1172 990 1293 1031 fabium
1303 990 1341 1031 est
1354 1015 1363 1031 ,
1391 1000 1502 1023 natura
1514 998 1546 1023 in
1574 1003 1605 1024 eo
1608 990 1766 1035 fingularis
1779 989 1942 1034 adseritur.
1971 991 2060 1025 Cau-

1183 1041 1247 1073 sam
1260 1041 1315 1074 dat
1328 1041 1361 1073 in
1374 1040 1488 1074 litteris
1499 1041 1538 1074 ad
1551 1042 1715 1085 Julianutn
1729 1042 1930 1085 Episcopum
1950 1041 2060 1076 Coen-

1183 1091 1246 1123 sem
1260 1114 1266 1120 .
1296 1090 1429 1122 Arbitror
1440 1092 1516 1124 talia
1523 1093 1746 1134 proloquentem
1760 1091 1811 1124 boc
1823 1091 1931 1126 babere
1938 1090 2060 1135 persua-

1178 1137 1243 1181 ficm
1257 1162 1267 1178 ‚
1293 1140 1373 1181 quod
1382 1146 1485 1171 anima
1498 1164 1507 1179 ‚
1529 1142 1766 1182 quamsalvator
1775 1139 1934 1184 adfiampfit
1947 1166 1956 1182 ,
1973 1142 2060 1183 prius
2081 1144 2216 1186 Epist-11.

1182 1194 1214 1221 in
1225 1189 1302 1222 coelis
1310 1187 1352 1231 fit
1372 1199 1573 1229 commorata,
1601 1202 1690 1231 quarn
1701 1193 1739 1224 de
1762 1195 1863 1223 Maria
1875 1196 1994 1236 Virgine
2010 1199 2060 1224 na.'

1179 1236 1329 1282 sceretur,
1354 1249 1477 1280 eamque
1479 1238 1535 1280 fibi
1544 1239 1670 1272 Verbum
1681 1246 1714 1271 in
1723 1243 1957 1281 uterocopularit
1970 1268 1977 1274 .
2005 1242 2066 1275 sed

1185 1287 1392 1322 hoccaeholicae
1417 1299 1531 1322 mentes
1545 1313 1556 1329 ‚
1582 1288 1722 1332 auresque
1733 1301 1791 1322 non
1815 1291 1943 1323 tolerant
1956 1315 1966 1330 ,
1992 1297 2065 1332 quia

1188 1336 1365 1381 nibilsecum
1387 1341 1532 1373 Dominus
1543 1340 1579 1371 de
1587 1341 1654 1373 coelo
1665 1347 1791 1373 veniens
1803 1339 1905 1380 nostrae
1926 1342 2066 1374 conditio-

1187 1394 1233 1421 nis
1243 1388 1378 1421 exhibuit
1389 1413 1398 1420 .
1427 1393 1553 1423 Natura
1564 1390 1779 1432 quippenostra
1792 1401 1849 1422 non
1853 1390 1895 1432 fic
1904 1389 2066 1433 adsumpta

1186 1437 1223 1478 est
1237 1463 1246 1478 ,
1273 1448 1307 1471 ut
1323 1440 1411 1480 prius
1431 1449 1532 1473 creata
1551 1440 1615 1482 post
1637 1439 1858 1483 adsumeretur,
1879 1439 1938 1484 sed
1947 1450 1980 1474 ut
2002 1438 2068 1484 ipsa

1188 1487 1393 1532 adsumptione
1403 1498 1567 1524 crearetur.
1599 1491 1739 1524 Animas
1750 1491 1958 1534 effecorpore
1985 1490 2070 1534 prio-

1190 1549 1234 1572 res
1245 1538 1290 1572 est
1305 1541 1427 1583 dogma
1443 1546 1477 1572 in
1495 1545 1620 1584 Origene
1631 1544 1736 1574 merit&
1762 1542 1942 1574 damnatum
1954 1566 1964 1581 ,
1991 1541 2073 1583 ejus-

1189 1599 1251 1632 que
1259 1587 1418 1623 Pontifex
1431 1590 1607 1632 suspeistum
1621 1589 1737 1624 habuit
1750 1584 1971 1634 Eutychetem
1994 1592 2074 1624 For-

1188 1642 1242 1671 san
1270 1649 1346 1671 cum
1363 1639 1588 1682 ›Apollinario
1611 1641 1721 1685 potius
1742 1641 1887 1675 animam
1916 1641 2070 1674 Domino

1189 1688 1383 1732 abnegarit,
1409 1689 1482 1722 ideo
1505 1688 1574 1731 ‹Jus
1593 1701 1713 1733 corpus
1732 1689 1844 1724 dicens
1866 1691 2046 1725 humanum
2059 1714 2070 1730 ‚

1188 1749 1220 1771 at
1246 1748 1311 1771 non
1336 1738 1482 1772 hominis
1498 1763 1508 1778 ,
1534 1740 1647 1782 utpote
1671 1740 1760 1784 quod
1782 1751 1851 1774 non
1876 1742 1917 1774 ab
1940 1741 2067 1781 anima,

1189 1787 1243 1821 sed
1264 1787 1390 1831 abipso
1411 1789 1485 1822 Deo
1499 1788 1614 1824 Verbo
1636 1790 1837 1824 vivificatum
1858 1803 1926 1825 non
1952 1793 2070 1825 faceret

1190 1837 1356 1872 hominem
1369 1839 1483 1873 nostra:
1493 1840 1726 1883 conspersionis
1739 1865 1745 1872 .
1775 1839 1821 1875 At
1836 1842 1908 1883 quis
1923 1851 2069 1884 penetret

1189 1888 1315 1922 sensum
1338 1890 1478 1931 imperiti
1504 1889 1649 1924 hominis
1664 1915 1673 1930 ,
1700 1891 1844 1925 nolentis
1866 1891 1906 1925 de
1928 1891 1995 1925 Dei
2021 1892 2070 1924 sui

1188 1949 1300 1971 natura
1325 1939 1489 1983 disputare
1513 1941 1530 1971 ,ἲ
1556 1940 1730 1987 Qidquid
1758 1942 1796 1974 fit
1821 1965 1832 1982 ‚
1867 1941 2070 1976 Dioscorum

1187 1987 1447 2022 Alexandrinum
1475 1989 1674 2033 Episcopum
1697 2015 1707 2031 ‚
1733 1989 1800 2032 ejus
1830 1992 2071 2034 protestorem,

1188 2038 1279 2072 fuiffie
1291 2039 1513 2084 origenistam
1526 2040 1658 2074 testatur
1669 2041 1833 2085 Georgius
1845 2041 2014 2076 Cedrenus
2026 2066 2034 2074 .

1251 2308 1505 2361 CAPUT
1541 2312 1998 2360 SECUNDUM.

1322 2467 1479 2537 Aliquot
1501 2470 1704 2537 quastiones
1730 2472 1780 2520 de
1806 2469 1927 2536 baenfi

1489 2579 1728 2645 Eutychiana
1738 2616 1751 2629 .

1252 2734 1352 2770 Rima
1369 2735 1504 2780 quaestio
1521 2735 1587 2777 est,
1613 2736 1782 2781 quomodo
1805 2736 1947 2772 Ecclesia
1972 2737 2063 2773 dam-

1224 2814 1226 2816 ,
1276 2787 1360 2820 narit
1380 2787 1415 2820 ὅ(
1428 2785 1657 2831 Apollinarirn
1676 2787 1709 2820 ἀ
1722 2785 1938 2831 Eutychetem
1961 2787 2006 2822 ob
2016 2791 2061 2823 as-

1180 2837 1293 2870 sertam
1314 2836 1451 2871 duarum
1484 2837 1518 2870 in
1542 2836 1675 2871 Christo
1697 2839 1850 2872 Domino
1871 2847 2059 2872 naturarum

1178 2885 1377 2920 mixtionem
1392 2911 1403 2927 ‚
1425 2887 1672 2922 conversionem
1684 2912 1693 2927 ,
1720 2898 1777 2921 aut
1786 2898 2034 2932 temperaturam
2046 2913 2059 2928 ‚

1177 2947 1250 2980 quae
1268 2937 1332 2970 esse
1344 2935 1473 2971 videtur
1489 2937 1611 2982 dogma
1629 2938 1782 2973 conflans
1793 2938 1926 2972 Patrnm
1945 2937 2059 2972 ortho—

1175 2986 1340 3020 doxorum
1363 2986 1382 3018 ἒ
1407 2988 1541 3021 Etenim
1567 2989 1643 3023 audi
1669 2985 1893 3033 Theologiam
1915 2988 2057 3022 Marcio-

1177 3037 1226 3070 nis
1236 3061 1244 3068 .
1273 3039 1291 3070 5
1293 3042 1306 3068 i
1318 3040 1400 3072 Deus
1412 3047 1502 3071 natus
1505 3038 1610 3082 ficiffet
1622 3064 1632 3080 ,
1660 3040 1693 3072 (π
1705 3038 1851 3072 bominem
1861 3040 1934 3072 ver?
1943 3036 2055 3080 induisl

1172 3084 1215 3130 set
1229 3110 1240 3126 ,
1267 3089 1348 3120 Deus
1370 3086 1421 3130 effe
1446 3087 1584 3131 defifflt,
1611 3095 1750 3122 amittens
1775 3090 1854 3132 quod
1869 3098 1958 3127 erat,
1983 3090 2056 3120 dum

1170 3137 1207 3177 fit
1217 3138 1296 3178 quod
1307 3148 1366 3169 non
1378 3148 1449 3170 erat
1462 3162 1468 3168 .
1495 3140 1565 3171 Ideo
1574 3150 1643 3182 nego
1665 3141 1760 3173 Deum
1768 3146 1805 3173 in
1822 3138 1968 3173 bominem
1979 3139 2053 3170 veri

1173 3185 1368 3228 conversum,
1390 3188 1437 3218 ita
1457 3195 1490 3219 ut
1512 3189 1548 3222 et
1570 3187 1741 3232 nasceretur>
1759 3191 1793 3224 (tt
1813 3199 1903 3222 carne
1920 3195 2055 3228 corpora·

1174 3244 1255 3267 retur
1268 3259 1278 3275 ‚
1304 3241 1376 3277 qula
1394 3236 1522 3278 quisine
1540 3238 1604 3281 fine
1624 3240 1660 3278 est
1673 3265 1682 3280 ,
1708 3245 1799 3272 etiam
1819 3237 2053 3271 inconvertibilis

1166 3282 1204 3326 fit
1217 3308 1227 3324 ‚
1252 3285 1356 3328 necesse
1375 3285 1429 3326 est.
1458 3287 1645 3332 Respondet
1667 3288 1743 3324 vero
1763 3286 1992 3322 Tertullianus
2014 3287 2050 3320 in

1178 3333 1259 3367 libro
1283 3333 1325 3368 de
1346 3347 1441 3370 carne
1454 3335 1576 3372 Christi
1591 3365 1598 3371 .
1626 3340 1721 3372 Plane*
1743 3347 1854 3371 natura
1874 3336 2053 3371 convertibi-
2071 3357 2140 3395 Cap.
2158 3366 2187 3395 3·

1175 3386 1247 3418 lium
1266 3395 1301 3417 ea
1321 3385 1383 3428 lege
1393 3386 1452 3427 est,
1477 3398 1514 3420 ne
1533 3396 1729 3431 permaneant
1749 3393 1781 3420 in
1803 3398 1833 3419 eo
1835 3411 1854 3431 ,
1882 3388 1962 3429 quod
1985 3398 2052 3419 con-

1177 3439 1308 3469 vertitur
1323 3439 1356 3468 in
1376 3442 1420 3470 eis
1441 3461 1455 3479 ‚
1481 3440 1515 3471 (e
1535 3441 1579 3471 ita
1602 3450 1659 3471 non
1676 3438 1878 3480 permanendo
1901 3445 2058 3479 pereant3.

1931 3487 2002 3519 dum
