2340 3736
90 502 190 540 Ep.83.
202 504 248 531 86.

646 164 711 194 DE
753 144 979 211 Qumra
1013 147 1250 193 SYNoDO
1286 140 1622 191 GnuaRAtr.

264 232 395 277 Cyrillo
415 232 546 269 fecerit,
570 231 701 266 testatus
721 232 765 266 est
785 234 819 266 in
833 229 1137 273 Constantinopoli-

265 293 341 318 tana
365 291 441 314 cum
462 282 641 316 Severianis
660 283 827 327 Episcopis
838 281 1016 316 collatione
1026 282 1139 323 Hypa-

265 332 329 366 tius
350 332 564 374 Ephesiorum
590 332 768 376 Episcopus
781 356 792 373 ‚
818 344 855 367 ac
875 332 939 374 ipse
949 330 1140 364 Theodore-

264 392 317 416 tus
339 380 374 414 in
396 381 509 416 litteris
529 383 569 416 ad
591 383 796 425 Sporatium,
822 383 855 415 in
878 381 993 415 litteris
1004 378 1045 414 ad
1057 378 1140 412 Dio·

265 433 395 466 scorum
415 432 523 465 Sanffi
537 432 654 475 Cyrilli
670 433 904 470 Succefforem‚
931 431 964 464 &
979 430 1011 462 in
1025 429 1141 463 litteris

266 481 307 515 ad
318 482 469 516 Sanetum
481 483 672 516 Flavianum
694 483 891 525 Episcopum
904 479 1140 513 Constantino-

266 530 450 576 politanum
470 557 477 564 .
506 532 613 567 Etiam
638 543 714 566 cum
740 533 892 565 Romana
914 528 1056 563 Ecclesia
1079 529 1141 572 ple·

266 593 344 615 nam
356 592 467 624 pacem
478 582 553 616 iniit
566 605 573 613 .
595 582 714 625 Liquet
724 592 766 614 ex
777 580 844 623 ejus
856 579 896 614 ab
909 579 1024 622 iniquo
1035 578 1140 622 Ephe-

234 667 242 679 Ρ
267 632 327 665 sini
360 631 524 666 latrocinii
546 632 669 674 judicio
689 630 729 664 ad
751 630 901 664 Sandium
914 630 1060 663 Leonem
1070 628 1141 661 Ma-

267 692 371 727 gnum
392 681 588 714 Pontificem
611 680 848 723 appellatione,
874 679 971 713 variis
994 679 1033 713 ad
1054 688 1142 712 eum-

266 732 341 765 dem
360 730 394 763 &
416 732 583 773 Dominos
606 729 794 763 Cardinales
820 728 993 772 Epfflolis,
1020 729 1143 762 Roma-

266 792 349 815 num
374 779 556 814 Primatum
587 780 757 824 infigniter
777 779 1003 822 profitentibus
1031 802 1042 818 ,
1080 788 1140 811 nec

267 841 336 864 non
368 832 502 874 egregio
529 829 669 872 ejusdem
693 829 866 863 Pontificis
886 830 927 863 ad
947 829 1053 872 ipsum
1076 828 1144 860 Re-

268 880 402 924 sponso.
430 879 533 925 Qod
553 880 661 913 Santsti
687 879 804 922 Cyrilli
819 878 972 922 Capitula
987 880 1039 911 seu
1052 875 1141 910 Ana-

267 929 491 964 thematismos
505 929 641 973 recipere
653 955 663 970 ,
688 929 721 962 ὅτ
731 930 749 963 ὲ
761 929 824 963 suis
837 930 871 963 in
883 928 938 962 illa
954 927 1088 970 Scriptis
1100 937 1142 959 re-

265 979 378 1013 cedere
399 990 568 1027 nunquam
590 979 727 1014 voluerit
741 1004 750 1019 ,
776 990 844 1013 non
865 978 910 1013 est
934 977 1139 1011 mirandum.

266 1029 323 1063 Ad
343 1029 427 1063 istud
451 1030 468 1062 a
491 1029 627 1072 synodo
649 1028 907 1064 Chalcedonensi
929 1030 1058 1062 coactus
1074 1037 1140 1059 non

266 1080 348 1112 suit.
378 1080 555 1113 Rationem
566 1079 620 1113 dat
632 1078 780 1112 laudatus
790 1078 968 1112 Leontius:
993 1077 1142 1110 obiiciunt

267 1127 426 1171 Acephali
439 1153 449 1170 ,
475 1140 525 1162 cur
545 1127 821 1164 Chalcedonensis
844 1129 1003 1167 synodasa
1016 1126 1141 1159 Theodo-

266 1188 328 1214 reto
338 1190 393 1211 non
401 1179 591 1220 postulaverit
604 1203 615 1219 ,
641 1188 673 1212 ut
678 1177 793 1221 scripta
801 1177 880 1222 sua,
907 1190 974 1220 quae
990 1177 1141 1210 adversas

267 1229 419 1261 duodecim
440 1228 541 1262 sandi
560 1229 659 1267 cyrilli
677 1230 807 1270 capitula
826 1226 1041 1269 composuerat,
1069 1237 1142 1258 ana·

265 1276 499 1310 themarizaret?
526 1276 742 1320 Respondemus
763 1277 797 1310 ob
817 1279 852 1309 id
862 1288 920 1309 non
932 1286 997 1309 tam
1007 1274 1142 1317 accusan-

265 1327 338 1360 dam
353 1328 497 1370 Synodum
517 1350 527 1365 ,
554 1338 642 1369 quam
666 1325 762 1369 ipsum
783 1328 923 1365 Cyrillum
938 1350 959 1365 ⁴,
996 1325 1143 1358 bominem

260 1375 414 1421 fandum.
442 1381 528 1409 Nam
549 1382 599 1416 is,
625 1381 879 1410 communicatione
897 1388 961 1409 cum
986 1376 1140 1408 Orientali-

265 1427 322 1461 bus
344 1429 378 1462 (9⁴
399 1425 459 1469 ipso
479 1426 654 1461 Theodoreto
673 1426 824 1467 constituta
836 1451 847 1468 ,
874 1438 930 1459 non
936 1424 1095 1467 postulavit
1105 1424 1143 1456 ab

267 1488 322 1516 co,
348 1486 381 1510 ut
402 1475 594 1510 anathemate
612 1474 726 1519 scripta
746 1475 827 1519 sua,
851 1487 916 1518 quae
926 1485 1028 1508 contra
1039 1476 1142 1507 duode-

266 1533 325 1559 cim
349 1527 481 1568 capitula
494 1525 586 1567 sabla
601 1526 724 1568 futff‘ent
748 1550 758 1565 ‚
794 1535 980 1560 execraretur
999 1550 1006 1558 .
1053 1526 1145 1567 ,Quod

266 1581 358 1619 igitur
370 1574 431 1618 ipse
442 1577 565 1614 cyrillus
578 1600 588 1615 ,
613 1582 663 1608 vir
671 1575 796 1618 sanHus
810 1599 820 1615 ,
845 1575 985 1616 nonfirct't
1001 1599 1012 1615 ‚
1033 1575 1066 1607 ob
1079 1576 1140 1614 ejus

264 1626 500 1665 intermifflonem
519 1637 560 1657 an
581 1626 710 1663 synodus
732 1626 847 1666 culpari
869 1635 993 1658 meretur
1006 1625 1022 1656 ἔ
1046 1625 1140 1673 Qo-

267 1675 352 1709 circa
374 1676 448 1708 licet
458 1674 691 1710 Theodoretus
701 1674 840 1710 omnino
851 1676 992 1719 graviter
1004 1674 1138 1709 excesse-

264 1725 308 1758 rit
334 1748 345 1764 ,
379 1725 491 1758 onmia
511 1735 621 1757 tamen
643 1725 804 1766 przsentis
826 1723 954 1766 Synodi
978 1725 1013 1758 in
1038 1724 1140 1771 ipsum

247 1780 251 1787 '
263 1772 475 1811 fundamenta
491 1785 558 1807 non
570 1774 642 1807 sunt
654 1772 783 1819 penitus
796 1774 887 1808 firma
900 1798 907 1806 .

349 1953 1061 2005 COLLATIOVI.

385 2073 481 2106 Sexta
492 2072 681 2108 Collatione
690 2098 701 2115 ,
726 2075 806 2109 facta
820 2085 934 2118 quarto
943 2073 1070 2111 decimo
1084 2074 1147 2108 Ca-

388 2122 497 2156 lendas
523 2123 650 2165 junias,
688 2123 856 2158 Diodorus
875 2124 1019 2159 Ecclesiae
1058 2125 1147 2159 Con·

266 2172 563 2214 stantinopolitanae
582 2171 865 2207 Archi-Diaconus
885 2174 918 2207 ἅ
931 2174 1146 2209 Notariorum

267 2221 475 2256 primicerius
485 2222 607 2256 tractari
621 2223 793 2266 postulavit
804 2224 934 2257 tertium
945 2224 1124 2268 capitulum
1136 2249 1146 2266 ,

267 2269 328 2303 Ibae
340 2272 493 2315 Episcopi
505 2272 653 2305 Edeffeni
666 2274 822 2307 famosam
834 2272 1011 2316 Epistolam
1024 2298 1034 2314 ,
1058 2286 1147 2317 quam

267 2321 392 2362 quidam
399 2320 620 2363 praesumebant
632 2324 726 2355 dicere
732 2320 898 2366 sufi‘eptam
918 2325 938 2354 ’ὰ
953 2322 1056 2367 sanc‘lo
1075 2328 1147 2356 Con·

266 2371 329 2403 cilio
340 2369 582 2411 chalcedonensi,
608 2372 708 2404 verbis
723 2371 767 2413 ufi
779 2378 864 2404 unius
887 2373 939 2407 vel
946 2375 1067 2406 duorum
1081 2375 1148 2407 reli-

262 2417 466 2462 giofiffimorum
479 2424 508 2452 E
507 2419 686 2463 pifioporum
697 2446 707 2461 ,
732 2429 782 2463 qui
794 2428 826 2454 in
835 2424 935 2455 eodem
948 2421 1051 2465 sanc‘Jo
1070 2428 1142 2455 Con-

266 2469 331 2501 cilio
341 2478 559 2509 convenerunt,
585 2468 668 2512 quast
677 2479 732 2512 pro
754 2473 857 2504 eadem
878 2471 1012 2514 Epistola
1036 2473 1121 2505 dinis
1137 2498 1146 2513 ‚

266 2517 331 2550 cum
352 2521 406 2552 alli
439 2530 533 2551 omnes
554 2531 610 2552 non
629 2519 757 2563 ejusdem
771 2520 854 2561 falli
868 2521 929 2563 fint
958 2522 1144 2556 voluntatis.

266 2567 351 2601 Eam
386 2569 585 2611 synodaliter
605 2568 856 2603 examinandam
885 2571 918 2603 ὅ(
939 2570 1144 2613 judicandam

265 2628 346 2650 mox
357 2617 438 2661 legit
450 2617 650 2652 Theodorus
661 2619 831 2654 Diaconus
850 2620 884 2653 ὅ(
907 2620 1065 2656 Notarius
1088 2623 1142 2656 Ec-

266 2665 363 2699 clefiae
375 2666 743 2711 Constantinopolitanae
755 2695 762 2703 .

317 2717 463 2760 Epistola
476 2717 560 2751 varia
572 2716 669 2752 habet
682 2720 786 2762 capita
803 2743 809 2749 .
834 2718 948 2753 *Primo
960 2744 970 2759 ,
981 2719 1061 2754 dicit
1075 2722 1143 2755 scri-

264 2766 329 2809 ptis
344 2778 380 2799 ac
392 2766 511 2807 ubique
522 2768 627 2809 sparsis
636 2768 722 2802 ultro
734 2768 878 2812 citroque
893 2771 1018 2803 nocivis
1029 2770 1144 2805 libellis

266 2826 363 2858 atque
375 2815 526 2859 Epistolis
538 2816 718 2852 scandalose
729 2818 811 2852 inter
823 2820 853 2852 se
864 2821 1016 2863 pugnasse
1030 2821 1142 2855 Nesto·

265 2864 588 2907 rium&Cyrillum.
616 2866 671 2901 Ab
694 2868 753 2901 illo
777 2868 871 2902 Pauli
894 2870 1144 2913 SamosatensiS,

265 2914 306 2948 ab
318 2914 382 2948 hoc
395 2914 591 2957 Apollinarii
603 2918 690 2950 virus
704 2918 794 2951 fuisse
805 2919 1042 2954 resuscitatum.
1075 2921 1143 2953 Hic

263 2966 386 2998 etenim
410 2965 548 3007 scripsit,
575 2967 662 3008 quod
674 2966 734 3010 ipfi’
757 2970 834 3000 Deus
845 2969 971 3001 Verbum
987 2969 1090 3011 sallus
1106 2968 1144 3012 fit

262 3026 353 3054 caro,
379 3016 413 3047 (ff
425 3013 524 3055 nonsit
535 3014 704 3055 differentia
714 3023 795 3050 inter
815 3019 986 3063 adsumptae
998 3019 1141 3052 humani-

263 3065 339 3098 tatis
365 3064 525 3105 templum,
553 3067 587 3098 (5
604 3065 821 3100 inhabitantem
840 3073 872 3100 in
898 3079 943 3100 eo
970 3069 1141 3110 Secundo,

265 3115 371 3161 arguit
382 3113 569 3156 Cyrillum,
595 3116 682 3158 quod
694 3116 865 3150 duodecim
879 3118 1037 3160 capitula'
1032 3120 1141 3162 impie·

265 3166 338 3197 tatis
353 3163 445 3205 plena
458 3164 635 3207 scripserit,
664 3166 775 3208 utpote
784 3165 924 3201 dicentia
948 3180 987 3202 ex
1000 3168 1141 3202 Domini

267 3212 367 3246 nostri
393 3213 577 3246 Divinitate
606 3214 640 3247 &
662 3214 862 3250 humanitate
881 3215 1056 3252 conflatam
1082 3218 1143 3252 esse

266 3272 364 3295 unam
380 3273 544 3296 naturam.
573 3264 703 3297 Etenim
715 3265 848 3299 tertium
867 3266 1069 3310 capitulum
1061 3277 1143 3300 inter

267 3309 347 3352 ipsas
359 3311 474 3346 fadiam
485 3312 589 3353 dicit,
616 3325 682 3347 non
703 3315 883 3354 unionem,
910 3317 962 3350 sed
985 3317 1142 3350 unitatem

270 3362 462 3395 naturalem.
488 3361 607 3399 Tertio
630 3365 696 3402 ait,
722 3362 810 3406 quod
831 3364 870 3399 ad
892 3364 1052 3399 fraenanda
1078 3363 1144 3400 haec

271 3408 453 3445 scandalosa
466 3414 639 3446 certamina
651 3412 859 3448 Theodosius
874 3414 1042 3458 Augustus
1062 3413 1144 3448 indi-

267 3458 353 3493 xerit
366 3459 554 3499 Ephesinam
575 3463 745 3505 synodum
760 3487 771 3503 ,
796 3464 955 3498 mandans
972 3464 1005 3498 &
1030 3463 1143 3499 Nesto-

360 3507 469 3548 christ.
484 3514 656 3555 LupiOper.
670 3516 747 3547 Tom.
760 3517 797 3546 11.

1913 169 1928 198 Ι
1939 167 1969 206 9
1982 163 2001 212 ς

1199 226 1237 259 rii
1250 225 1396 276 libros&
1423 225 1541 269 Cyrilli
1564 226 1864 266 Anathematismos
1883 244 1972 278 aequa
1991 237 2078 270 sorte

1200 271 1314 310 discuti
1333 277 1366 310 ὅ(
1386 276 1541 319 judicari.
1569 278 1719 324 Qarto,
1754 280 1842 325 quod
1865 282 2010 325 Cyrillus
2030 297 2076 319 re-

1201 337 1306 373 pertos
1321 325 1438 370 Ephesi
1450 336 1525 361 ante
1540 325 1730 363 inchoatam
1750 333 1922 374 synodum
1946 333 2077 376 Episco-

1202 388 1259 419 pos
1268 387 1346 410 auro
1358 377 1534 420 corruperit
1546 401 1556 417 ,
1575 388 1650 410 anre
1661 378 1792 420 Joannis
1806 381 1997 416 Patriarchae
2009 383 2078 416 An-

1201 425 1343 460 tiocheni
1357 427 1533 460 adventum
1545 439 1585 460 ex
1600 427 1671 470 ipsis
1684 427 1990 474 Pseudo-synodum
2004 434 2079 466 coe-'-

1201 477 1284 521 gerit
1298 500 1308 516 ‚
1335 477 1369 510 &
1382 476 1569 511 Nestorium
1586 476 1759 521 degradare
1779 489 1815 512 ut
1838 478 2020 516 haereticum
2032 493 2078 516 at-

1202 527 1333 559 tentarit
1347 528 1463 570 judicio
1492 529 1526 560 (41
1547 525 1697 569 quaesti'one
1718 539 1775 560 non
1788 528 1896 568 sabla.
1924 532 2078 580 Qinrd,

1201 576 1289 618 quod
1302 577 1372 620 post
1382 575 1466 610 duos
1484 578 1551 611 dies
1561 578 1739 611 adveniens
1752 588 1828 611 cum
1840 579 1900 611 suis
1912 580 2079 625 Episcopis

1201 625 1384 660 Patriarcha
1396 626 1536 668 Joannes
1547 626 1667 670 Cyrilli
1681 627 1833 670 Capitula
1848 627 2008 664 damnarit
2029 632 2079 665 uti

1202 674 1347 709 haeretica
1358 700 1369 716 ,
1396 677 1499 719 ipsum
1520 688 1555 710 ut
1567 676 1804 711 haeresiarcham
1813 677 1997 722 degradarit
2012 703 2023 718 ,
2047 682 2080 714 &

1202 725 1248 758 illi
1260 736 1454 768 cooperatos
1465 727 1643 770 Episcopos
1665 729 1980 762 excommunicarit.
2007 729 2082 762 Sex-

1203 775 1238 808 to
1251 798 1262 814 ,
1287 777 1367 821 quod
1370 775 1433 817 post
1444 785 1564 809 tantam
1575 776 1764 819 confhfionem
1776 779 1994 821 unusquisque
2007 778 2085 821 Epi-

1203 826 1315 868 scopus
1335 825 1371 859 in
1392 827 1480 859 suam
1504 827 1671 860 civitatem
1690 828 1724 860 fit
1745 829 1901 861 reversus.
1933 828 2084 871 Excepto

1202 884 1311 908 tamen
1324 874 1478 910 Nestorio
1492 889 1503 908 :
1530 878 1681 919 ‚Quoniam
1699 878 1764 910 odio
1777 876 1941 911 habebatur
1957 877 2023 920 suae
2044 883 2085 910 ci-¹

1202 930 1310 957 vitati.
1337 925 1483 967 Septimo
1495 949 1506 964 ,
1532 927 1619 969 quod
1632 926 1752 961 exinde
1766 926 1909 970 mansit-it
1922 927 2084 961 orientalis

1203 976 1330 1013 Synodus
1342 986 1398 1007 non
1409 982 1621 1009 communicans
1634 975 1790 1020 Episcopis
1802 977 2084 1010 communicantibus

1203 1025 1322 1062 Cyrillo.
1353 1027 1398 1056 Et
1406 1033 1529 1068 propter
1540 1025 1591 1060 hac
1601 1027 1754 1060 tribulatio
1763 1028 1856 1060 multa
1867 1026 1958 1068 falla
1978 1026 2017 1067 est
2038 1031 2086 1059 in-

1202 1083 1247 1106 ter
1259 1085 1305 1106 eos
1319 1098 1329 1112 ‚
1355 1076 1389 1107 (δ’
1399 1080 1430 1106 in
1440 1082 1601 1109 certamine
1612 1075 1749 1119 Episcopi
1762 1078 1806 1109 ad
1824 1076 1984 1120 Eptscopos
2003 1076 2086 1118 falli

1197 1121 1288 1165 sunt,
1314 1125 1348 1156 &³
1363 1126 1467 1165 populi
1487 1127 1532 1157 ad
1549 1127 1672 1167 populos
1685 1150 1692 1157 .
1718 1129 1763 1158 Et
1782 1138 1818 1159 ex
1840 1127 1891 1160 hoc
1913 1126 2086 1168 maleloquiis

1202 1175 1296 1205 multa
1307 1181 1408 1206 contra
1418 1185 1469 1207 nos
1475 1172 1563 1214 fac'la
1567 1173 1640 1217 sunt
1660 1185 1725 1209 tam
1751 1179 1939 1220 Paganorum
1955 1201 1966 1217 ‚
1993 1178 2086 1219 quam

1202 1222 1417 1256 haereticorum.
1444 1228 1510 1256 Nec
1529 1225 1657 1257 audebat
1677 1227 1786 1267 aliquis
1799 1228 1836 1260 de
1858 1232 1984 1260 civitate
2005 1232 2037 1259 in
2048 1232 2087 1258 ci-

1201 1278 1328 1306 vitatem
1338 1297 1348 1312 ,
1360 1274 1393 1307 ὦ*
1404 1275 1423 1305 ἃ
1431 1280 1590 1315 ρνουὶηεὶα
1602 1280 1634 1306 in
1642 1281 1829 1316 provinciam
1842 1281 1885 1310 ire
1898 1300 1909 1316 ‚
1930 1275 1988 1319 sed
1998 1273 2087 1318 unus-

1203 1327 1309 1364 qulque
1314 1330 1485 1364 proximum
1495 1333 1529 1357 ut
1537 1329 1688 1359 inimicum
1693 1323 1927 1367 prosequebatur
1942 1351 1949 1356 .
1969 1326 2085 1359 Orien-

1204 1373 1281 1406 tales
1295 1374 1490 1416 Episcopi&
1503 1374 1614 1417 populi
1629 1374 1816 1419 AEgyptios
1840 1375 1890 1408 uti
1912 1374 2086 1418 Apollina-

1204 1423 1308 1464 ristas,
1348 1422 1506 1467 AEgyptii
1530 1425 1799 1459 conviciabantur
1828 1424 2015 1458 Orientales
2038 1423 2087 1458 uti

1205 1472 1437 1506 Nestorianos.
1463 1473 1505 1507 Et
1516 1472 1576 1506 hac
1588 1474 1757 1508 occasione
1770 1472 1904 1521 quidam
1927 1474 2013 1509 abufi
2029 1474 2090 1517 pri·

1206 1533 1292 1556 varas
1307 1522 1494 1556 inimicitias
1514 1522 1571 1556 sub
1596 1524 1763 1567 religionis
1785 1534 1937 1566 praetextu
1958 1525 2089 1557 fuerunt

1205 1572 1284 1605 ulti.
1314 1574 1447 1614 ,Quorum
1468 1583 1542 1605 unus
1555 1572 1623 1614 fuit
1647 1572 1750 1613 nostrae
1762 1579 1898 1607 civitatis
1919 1583 2063 1613 tyrannus
2073 1588 2088 1614 *‚

1213 1620 1377 1657 Rabbulas
1389 1621 1563 1656 Edeffenus
1578 1623 1757 1667 Episcopus
1769 1646 1779 1661 ‚
1804 1622 1892 1666 ausus
1903 1623 2087 1656 Theodorum

1208 1670 1384 1715 Mopfiiesttae
1396 1671 1573 1715 Episcopum
1582 1697 1593 1713 ,
1603 1671 1847 1707 celeberrimum
1859 1673 1959 1708 totius
1971 1673 2101 1707 Orien-¹

1207 1722 1248 1756 tis
1269 1723 1446 1768 Dostorem
1457 1745 1467 1760 ‚
1506 1723 1611 1766 palam
1640 1724 1688 1757 uti
1712 1722 1900 1757 Nestoriani
1926 1723 2091 1767 dogmatis

1208 1773 1334 1805 fontem
1348 1772 1634 1806 anathematizare.
1663 1771 1790 1807 Οέὶεινὸ
1802 1797 1812 1812 ,
1839 1773 1986 1815 Epistola
1998 1784 2092 1807 accu‹

1209 1823 1252 1855 sat
1265 1822 1405 1855 eundem
1417 1820 1599 1856 Rabbulam
1611 1847 1621 1863 ,
1648 1822 1736 1867 quod
1749 1823 1918 1858 audaciam
1939 1833 2094 1868 purgatu-

1208 1870 1284 1904 ruse
1295 1869 1468 1904 Theodori
1482 1871 1569 1905 libris
1583 1873 1668 1906 varia
1681 1872 1823 1915 capitula
1837 1873 2032 1917 collegerit,
2055 1871 2090 1904 δε

1207 1919 1247 1955 ad
1259 1921 1357 1955 varias
1373 1920 1529 1955 Ecclesias
1541 1921 1760 1955 examinanda
1776 1923 1809 1955 &
1823 1921 2009 1959 damnanda
2033 1921 2092 1955 mi
2141 1927 2146 1934 ’

1207 1971 1306 2005 serit.
1336 1971 1402 2008 Rei
1415 1971 1525 2005 senem
1538 1970 1635 2005 habes
1654 1971 1740 2015 apud
1761 1970 1950 2007 Liberatum
1972 1970 2094 2006 Archi·
2108 1984 2181 2022 Cap
2198 1993 2244 2014 ω,

1207 2018 1395 2055 Diaconum
1408 2021 1554 2055 Ecclesiae
1565 2020 1848 2064 Carthaginensis.
1874 2022 1990 2063 Non6,
1999 2021 2089 2066 quod

1207 2070 1273 2104 haec
1284 2082 1324 2104 ex
1333 2070 1481 2104 vetusto
1473 2082 1506 2103 in
1518 2069 1738 2104 Theodorum
1759 2070 1840 2105 odio
1864 2071 2033 2106 Rabbulas
2045 2081 2092 2106 at·

1208 2121 1339 2156 tentarit
1352 2144 1361 2160 ‚
1379 2118 1492 2163 utpote
1513 2120 1595 2153 olim
1607 2119 1646 2154 ab
1659 2120 1747 2164 ipso
1740 2132 1773 2154 in
1791 2121 1901 2155 nescio
1914 2133 1977 2166 qua
1988 2123 2092 2164 Syno-

1207 2170 1251 2206 do
1263 2171 1416 2205 confusus
1440 2170 1480 2204 de
1497 2171 1604 2204 nescio
1624 2182 1690 2214 quo
1712 2180 1907 2215 argumento
1927 2173 1961 2205 &
1982 2172 2092 2206 convi-

1207 2223 1292 2256 stus.
1323 2220 1484 2262 Decimo,
1510 2219 1823 2255 Theodorumvarie
1834 2221 1964 2255 laudat:
1987 2221 2090 2269 Qod

1207 2271 1304 2305 fuerit
1324 2270 1434 2305 beatus
1458 2271 1600 2304 veritatis
1633 2270 1853 2311 Praedicator,
1878 2272 1912 2305 δε
1943 2271 2089 2304 Ecclefiae

1207 2321 1352 2363 Ποίων,
1381 2321 1469 2365 quod
1482 2332 1550 2354 non
1563 2321 1714 2355 solumin
1737 2321 1803 2355 vita
1827 2322 1880 2355 sua
1905 2321 2089 2364 percusserit

1208 2371 1372 2405 haereticos
1389 2373 1421 2404 in
1437 2382 1545 2405 veram
1558 2371 1655 2404 fidem
1669 2372 1759 2404 suam
1772 2395 1783 2410 ,
1810 2371 1863 2405 sed
1874 2371 1908 2404 &
1922 2371 1990 2414 post
2005 2382 2090 2405 mor-

1208 2432 1273 2455 tem
1285 2432 1370 2455 arma
1383 2420 1555 2464 spiritualia
1570 2420 1645 2454 filiis
1658 2420 1808 2454 Ecclefiae
1822 2421 1855 2453 in
1871 2421 1933 2453 suis
1946 2420 2034 2454 libris
2045 2432 2090 2454 re-

1207 2471 1335 2516 liquerit
1349 2483 1357 2512 ;
1386 2471 1474 2514 quod
1496 2472 1583 2505 suam
1605 2471 1770 2505 civitatem
1784 2470 1824 2504 ab
1838 2482 1942 2504 errore
1957 2471 1996 2504 ad
2008 2471 2088 2504 veri-

1206 2532 1304 2555 tatem
1325 2521 1541 2563 converteri13
1577 2521 1665 2564 quod
1688 2521 1785 2553 etiam
1811 2520 1910 2563 longe
1929 2519 2087 2553 distantes

1206 2584 1242 2605 ac
1263 2580 1454 2614 aegrotantes
1479 2570 1638 2604 Ecclefias
1659 2571 1710 2603 sua
1731 2570 1876 2603 dostrina
1902 2570 2084 2603 erudiiffet.

1207 2621 1248 2654 Et
1263 2620 1309 2653 hae
1319 2621 1391 2653 sunt
1403 2619 1579 2654 Theodori
1605 2620 1733 2660 laudes,
1759 2630 1837 2662 quas
1852 2619 2016 2663 suscepisse
2036 2618 2086 2652 di·

1205 2672 1289 2704 citur
1316 2671 1420 2703 sancta
1452 2668 1604 2712 Synodus
1631 2668 1903 2703 Chalcedonensis
1926 2691 1934 2700 .
1983 2669 2087 2702 Nulla

1203 2720 1290 2754 enim
1302 2718 1476 2752 Theodori
1492 2719 1560 2752 istic
1571 2720 1652 2754 fasta
1665 2719 1710 2753 est
1723 2720 1849 2753 mentio
1863 2743 1873 2758 ‚
1900 2718 1958 2751 nisi
1971 2719 2012 2753 ab
2026 2717 2086 2752 hac

1205 2771 1282 2803 ledia
1294 2768 1333 2802 ad
1343 2768 1454 2803 Patres
1468 2768 1611 2812 Epistola
1627 2794 1636 2809 ,
1663 2781 1733 2813 quae
1757 2766 1932 2803 undecim6
1952 2769 1997 2802 ait
2019 2778 2089 2802 tan·

1203 2820 1277 2854 dem
1290 2818 1403 2853 faaam
1420 2820 1483 2853 esse
1506 2830 1617 2861 pacem
1638 2820 1722 2852 inter
1742 2818 1907 2862 Cyrillum
1928 2830 1966 2852 ac
1989 2818 2086 2861 Joan-

1206 2881 1303 2909 nem,
1327 2868 1361 2902 ὃ(
1383 2868 1664 2903 communicantes
1689 2868 1752 2902 illis
1774 2869 1933 2902 Ecclesias
1949 2893 1959 2908 ,
1986 2869 2020 2902 δε
2035 2879 2086 2901 ve-

1204 2931 1271 2953 ram
1284 2919 1469 2952 Dominicae
1481 2919 1719 2953 Incarnationis
1741 2916 1837 2952 fidem
1858 2916 1923 2960 jam
1946 2917 2087 2961 plenissi-

1204 2970 1254 3002 me
1267 2969 1350 3011 apud
1363 2980 1477 3002 omnes
1489 2970 1609 3013 vigere.

1253 3018 1384 3052 Exinde
1395 3018 1600 3061 Calonymus
1613 3018 1760 3051 Ecclesiae
1782 3017 2084 3061 Constantinopoli-

1205 3079 1282 3101 tanae
1305 3068 1476 3101 Diaconus
1496 3079 1532 3100 ac
1554 3067 1712 3101 NotarIus
1737 3068 1816 3113 legit
1841 3069 1948 3102 Sanffi
1974 3067 2082 3101 Procli

1204 3118 1356 3160 Episcopi
1389 3116 1752 3159 Constantinopolitani
1776 3116 1817 3151 ad
1840 3118 1999 3162 Joannem
2027 3118 2084 3149 Pa-

1204 3165 1375 3201 triarcham
1397 3165 1646 3200 Antiochenum
1680 3168 1821 3209 litteras,
1847 3168 1965 3211 quibus
1988 3166 2082 3200 illum

1204 3217 1244 3250 de
1269 3217 1371 3250 nimia
1392 3217 1475 3250 circa
1499 3216 1595 3250 fidem
1619 3215 1840 3253 orthodoxam
1873 3218 1904 3250 &
1927 3215 2083 3258 subjectos

1207 3266 1383 3310 Episcopos
1413 3266 1615 3310 negligentia
1650 3267 1779 3311 arguit,
1819 3266 1976 3309 quoniam
2010 3265 2082 3299 lbas

1207 3316 1437 3349 Edeffenorum
1459 3316 1637 3359 Episcopus
1662 3315 1807 3359 quaedam
1831 3315 2014 3358 impiiffima
2033 3327 2083 3348 ca-

1205 3365 1304 3408 pitula
1318 3388 1328 3404 ,
1363 3365 1422 3398 suo
1442 3363 1482 3398 ad
1508 3366 1683 3400 Armenios
1704 3375 1797 3398 tomo
1824 3365 1989 3405 subnexa,
2014 3365 2082 3398 fido

1204 3414 1394 3449 testimonio
1416 3417 1563 3448 afferatur
1582 3414 1774 3448 transtulisse
1795 3415 1829 3447 in
1855 3415 2004 3459 linguam
2023 3414 2083 3456 Sy-

1205 3464 1321 3499 riacam
1334 3488 1345 3504 ,
1370 3464 1403 3499 &
1415 3466 1510 3500 variis
1522 3464 1673 3499 Ecclesiis
1685 3463 1885 3500 transmisisse
1898 3476 1971 3499 cum
1995 3465 2083 3497 scan-

1602 3513 1679 3548 Bb
1730 3525 1752 3552 2
1959 3512 2034 3547 dalo
