2340 3736
664 157 751 201 AD
786 154 1070 199 SYuonnM
1105 149 1718 201 CHAtccnomnsnns

275 238 341 272 tius
354 263 366 279 ‚
383 248 486 284 ¹atque
503 239 652 277 obtinuit
674 239 818 281 Biblon,
846 238 975 284 Botryn
998 265 1010 281 ,
1035 238 1156 282 Tripo-

273 287 334 322 lim
344 314 356 331 ‚
386 289 632 332 Orthosiadem,
660 289 782 332 Arcas,
801 290 1042 325 &Antaradon
1055 315 1061 321 .
1075 290 1153 326 Erat

272 349 323 372 res
341 339 460 380 ardua,
486 339 554 375 fine
574 340 768 376 Patriarchae
788 339 992 377 Antiocheni
1007 340 1156 384 benepla-

272 388 343 423 cito
365 400 434 424 non
455 392 668 432 attentanda,
694 401 791 435 atque
811 390 888 425 ideo
899 390 1089 430 Maximus,
1117 389 1156 423 li-

271 436 325 471 cet
343 450 414 473 non
437 440 597 484 synodo,
623 452 734 477 tamen
753 440 790 476 in
812 439 919 484 Regia
939 440 1072 474 civitate
1083 450 1157 483 prae-

271 490 345 523 sens
355 513 367 529 ι
395 489 545 526 inductus
554 492 601 527 est
611 493 651 527 ad
664 488 899 527 assentiendum
910 489 944 522 δε
957 489 1157 525 subscriben—

269 536 352 572 dum
369 564 377 572 .
404 540 461 575 Ab
482 539 645 587 Ephesrno
667 540 841 576 latrocinio
861 540 1006 574 ordinati
1029 539 1158 574 Anato-

267 586 336 623 lius
357 590 391 624 &
412 591 581 628 Maximus
591 592 632 626 ab
642 591 840 636 Episcopatu
852 590 988 634 suspensi
1001 589 1155 626 tunchae·

268 639 387 675 rebant
398 652 488 678 extra
499 643 660 678 Romanae
671 641 822 675 Ecclefiae
832 641 1106 677 communionem
1120 641 1154 674 ὅ(

267 693 433 735 gratiam,
458 703 556 736 atque
577 692 622 726 ita
640 687 838 735 chrysaphii
849 690 1154 735 cogitationibusin

270 740 367 778 nullo
389 742 621 786 praesumebant
639 741 771 776 obviare
783 765 790 773 .
818 741 977 776 Obviavit
993 740 1155 782 Photius,

268 793 393 827 avitam
412 791 681 828 consuetudinem
698 815 709 831 ,
740 790 1016 835 Apostolicosque
1036 791 1071 825 δι
1093 791 1154 824 Ni—

268 853 374 876 caenos
385 842 541 877 Canones
551 841 663 876 dicens
674 839 816 876 subverti
828 853 897 876 non
909 844 997 886 posse
1009 842 1027 875 a
1039 840 1154 884 quavis

266 889 425 934 Synod0‚
450 891 615 935 dictasque
633 892 782 926 civitates
805 903 942 937 pergens
964 892 1014 926 uti
1028 891 1153 925 Metro-

265 940 371 984 polita
387 942 496 986 quoad
507 943 628 987 judicia
641 943 674 976 &
687 941 926 986 Episcoporum
937 941 1151 979 consecratio-

265 998 325 1025 nes
349 991 591 1030 administrate.
618 993 663 1027 Et
674 991 750 1027 hinc
760 992 880 1028 fastum
892 992 937 1026 est
948 991 1036 1036 quod
1049 991 1155 1035 queri-

266 1050 320 1074 tur
342 1041 503 1078 Photius:
532 1048 557 1076 A
578 1054 623 1076 me
644 1042 882 1086 Episcoporum
894 1044 1042 1076 ordinatio
1056 1041 1090 1074 in
1100 1052 1153 1075 va-

266 1093 418 1129 cantibus
428 1093 561 1128 istarum
570 1094 742 1128 civitatum
752 1090 913 1129 cathedris
918 1091 1007 1135 sabla
1020 1091 1076 1132 est,
1088 1092 1153 1127 ct'tm

264 1143 361 1186 juxta
383 1144 525 1185 vetustum
544 1145 678 1178 ordinem
696 1148 748 1186 qui
771 1144 808 1177 de
818 1154 884 1177 mea
910 1146 1071 1179 Provincia
1078 1139 1152 1184 sunt

266 1191 342 1226 mibi
351 1195 483 1237 adessent
494 1220 506 1235 ,
531 1204 622 1237 atque
632 1195 703 1228 inde
708 1199 843 1235 primum
853 1192 928 1226 mibi
939 1191 1055 1235 absenti
1067 1191 1151 1234 missa

265 1242 305 1282 est
313 1251 568 1280 excommunicatio
580 1268 591 1285 ,
612 1246 647 1279 6*
659 1243 755 1285 mansi
759 1249 1026 1278 excommunicatus
1035 1250 1152 1275 centurn

265 1298 380 1336 viginti
400 1294 473 1328 duos
496 1295 562 1327 dies
576 1302 589 1334 ,·
614 1298 648 1327 Θ·
667 1294 739 1326 duos
749 1294 867 1329 rursum
876 1293 1018 1329 ordinavi
1028 1289 1153 1333 Episco-

261 1350 318 1386 pos
328 1367 335 1375 .
361 1347 427 1377 Eos
451 1342 582 1387 deposuit
595 1342 752 1384 Eustatius
765 1366 776 1382 ,
803 1340 1047 1385 Presbyterosque
1050 1340 1131 1382 fecit
1143 1365 1150 1373 .

264 1393 447 1439 Qousque
474 1393 557 1429 vixit
583 1392 792 1429 Theodofius
819 1416 831 1433 ,
864 1392 1029 1427 violentiae
1046 1389 1149 1431 huic,

263 1453 434 1488 tamquam
454 1443 607 1490 synodali
628 1454 682 1488 per
703 1443 797 1477 suum
818 1441 1040 1477 Patriarcham
1063 1451 1153 1476 com-

261 1493 405 1538 probato
422 1494 566 1531 Decreto
591 1519 602 1535 ,
637 1504 747 1538 parere
769 1493 955 1536 compulsus
976 1492 1043 1527 fuit
1063 1489 1152 1525 Pho-

261 1545 330 1578 tius
351 1569 363 1588 ,
388 1554 422 1579 at
443 1545 514 1589 post
537 1544 606 1589 ejus
628 1553 771 1578 mortem
792 1554 902 1587 preces
920 1553 1001 1577 mox
1021 1540 1149 1576 obtulit

261 1593 441 1629 Marciano
464 1593 639 1639 Augusto,
663 1594 781 1637 easque
803 1593 959 1637 Princeps
980 1617 991 1633 ‚
1018 1591 1059 1626 ad
1080 1602 1152 1635 prae·

262 1644 390 1679 sentem
410 1645 583 1688 Syn-edum
606 1644 778 1679 transmisit
800 1667 811 1683 ‚
847 1644 975 1678 causam
998 1641 1152 1677 Ecclesia-

261 1692 377 1728 ssicam
399 1695 580 1734 mandans,
610 1704 680 1729 non
701 1693 882 1727 secundum
893 1693 978 1737 leges
988 1702 1045 1727 aut
1057 1703 1153 1737 prag-

261 1745 400 1779 maticas
421 1745 632 1786 Sanctiones,
659 1743 713 1778 sed
732 1743 912 1780 secundum
930 1743 1088 1780 Canones
1097 1742 1152 1779 de-

261 1792 352 1827 finiri
365 1818 372 1826 .

313 1844 407 1882 Hinc
419 1852 495 1879 ante
505 1843 617 1878 omnia
629 1842 669 1877 ad
680 1842 855 1887 Synodum
870 1842 1011 1876 nostram
1026 1852 1068 1876 ex
1081 1841 1152 1886 glo-

259 1894 422 1929 riosorum
443 1894 588 1937 iudicum
608 1894 867 1928 interlocutione
879 1892 977 1927 lectus
986 1893 1049 1926 fuit
1062 1892 1151 1925 libel-

261 1945 311 1978 lus
323 1945 391 1979 ¹>isse
413 1943 529 1979 Photii
551 1969 561 1985 ,
589 1943 710 1979 habens
736 1944 842 1987 capita
864 1944 951 1977 varia
970 1967 976 1977 .
1013 1940 1148 1982 Primo,

259 1994 341 2028 dicit
364 1995 547 2037 Tyriorum
570 1993 746 2028 Ecclesiam
765 1994 866 2037 &per
876 1992 1150 2026 immemorialem

260 2042 538 2079 consuetudinem
565 2067 576 2083 ‚
611 2044 646 2079 &
680 2055 736 2087 per
756 2042 912 2078 Canones
932 2042 1026 2076 fuiffe
1046 2042 1149 2077 totius

259 2094 434 2128 Phaeniciae
453 2093 622 2127 maritimae
641 2093 764 2137 semper
775 2092 1063 2135 metropolitanam
1072 2103 1150 2126 cum

259 2143 356 2187 plena
378 2143 486 2187 quoad
507 2143 628 2186 judicia
641 2143 675 2177 ὃ(
697 2143 961 2177 consecrationes
972 2140 1147 2187 potestate.

258 2194 415 2229 Secundo
426 2218 436 2234 ‚
464 2192 609 2236 queritur
621 2193 661 2227 de
673 2192 824 2227 Eustatio
837 2191 1001 2235 Berytensi
1017 2191 1150 2236 Episco-

259 2256 305 2288 po
325 2267 336 2284 ,
363 2245 421 2278 suo
445 2244 648 2288 suffraganeo
673 2266 684 2282 ,
711 2241 800 2286 quod
824 2241 1043 2286 quorumdam
1061 2253 1149 2277 com-

259 2293 512 2336 provincialium
550 2292 763 2337 Collegarum
790 2293 903 2326 favore
928 2291 1056 2334 adjutus
1084 2316 1095 2333 ,
1130 2291 1148 2325 a

257 2341 455 2378 Theodosio
467 2342 723 2386 nuperAugusto
736 2342 914 2386 impetrarit
928 2341 1147 2385 Rescriptum,

259 2405 327 2437 quo
348 2404 426 2428 mox
445 2395 509 2429 sese
520 2394 652 2435 coeperit
665 2392 827 2427 ostentare
839 2403 964 2426 novum
975 2390 1149 2425 Phaeniciae

257 2443 528 2486 Metropolitam.
555 2441 700 2482 Tertio,
727 2442 816 2486 quod
828 2441 1036 2484 Synodicum
1049 2466 1059 2481 ,
1087 2443 1142 2476 seu

259 2492 420 2535 synodale
441 2491 592 2527 Anatolii
614 2493 767 2535 Episcopi
783 2491 1147 2535 constantinopolitani

258 2544 440 2577 Decretum
454 2566 465 2582 ‚
490 2541 728 2585 acceptandum
748 2542 782 2576 &
807 2541 1073 2576 subscribendum
1085 2541 1147 2576 fibi

258 2593 383 2627 miserit
395 2616 405 2632 ‚
432 2591 592 2626 recusanti
603 2591 746 2624 minatus
757 2591 1144 2627 excommunicationem.

258 2643 306 2676 Et
329 2641 406 2675 hinc
430 2654 472 2675 ex
491 2641 601 2686 Regiae
620 2641 766 2684 juffionis
778 2652 868 2675 metu
880 2641 1066 2684 compulsus
1076 2641 1147 2676 sub-

259 2693 381 2735 scripsit
402 2690 560 2730 Phodus,
588 2691 779 2735 protestatus
797 2692 910 2725 omnia
922 2688 989 2726 haec
1001 2691 1146 2725 adversa-

258 2742 287 2776 ri
300 2741 514 2781 Canonibus,
540 2743 575 2776 δε
587 2739 671 2775 nihil
685 2742 789 2775 valere
802 2755 813 2774 :
841 2741 955 2786 Atque
968 2741 1146 2776 ideocaffa·

258 2793 288 2827 ri
309 2804 398 2827 nunc
421 2792 575 2835 supplicat
588 2814 599 2831 ‚
623 2791 656 2825 &
670 2792 732 2826 suae
743 2791 808 2825 sedi
820 2793 906 2826 avita
918 2791 1086 2837 privilegia
1099 2803 1144 2826 re-

258 2843 363 2886 parari
389 2867 398 2874 .
433 2842 572 2876 Eustatii
598 2840 848 2876 fundamentum
874 2841 967 2876 fuiss'e
994 2842 1145 2877 videntur

256 2892 328 2926 haec
342 2893 454 2926 Rescri
459 2894 506 2935 pti
521 2891 616 2926 verba
628 2906 639 2925 :
666 2896 799 2934 Utraque
819 2893 983 2935 metropolis
996 2893 1144 2936 dignitate

252 2942 342 2986 fimili
360 2942 556 2985 perfruatur.
585 2941 679 2976 Hinc
699 2953 768 2976 non
791 2942 896 2976 solum
917 2953 1038 2976 nomen
1053 2965 1064 2981 ,
1089 2942 1143 2979 sed

256 2994 292 3026 ἀ
305 2991 580 3036 metropoliticam
594 2992 782 3036 potestatem
797 2992 830 3025 ὅ(
840 2992 1024 3027 Provinciae
1033 2993 1143 3028 civita-

257 3053 306 3077 tes
327 3043 464 3078 credidit
487 3042 542 3076 fibi
563 3042 725 3087 aequaliter
734 3053 811 3077 cum
823 3041 947 3078 Photio
958 3043 1143 3079 communi·

256 3094 362 3127 canda
372 3094 405 3126 &
418 3092 594 3127 dividenda
608 3117 615 3126 .

308 3145 407 3179 Lecto
430 3142 542 3177 libello
564 3141 696 3187 gloriosi
715 3140 835 3186 judices
847 3143 1140 3180 suntinterlocuti:

260 3195 351 3240 ,Quid
361 3195 405 3226 ad
427 3193 489 3226 haec
498 3193 607 3236 allegat
617 3194 866 3233 reverendiffimus
878 3192 1041 3237 Episcopus
1054 3196 1141 3233 Bery-

257 3250 366 3277 tiorum
378 3243 531 3284 Eustatius
544 3244 561 3275 ἒ
588 3243 632 3276 Et
646 3243 712 3286 ipse
725 3254 731 3274 :
752 3245 783 3288 J
784 3243 867 3278 ubete
878 3244 1017 3277 Photium
1025 3244 1118 3277 dicere
1129 3268 1139 3284 ,

257 3294 359 3328 utrum
381 3292 542 3338 secundum
562 3297 697 3326 canones
719 3301 858 3332 moveat,
885 3305 925 3326 an
930 3292 1091 3339 secundum
1101 3296 1140 3328 le-

252 3354 326 3388 ges.
353 3343 456 3392 Qod
477 3342 593 3378 enimn
615 3343 817 3387 pragmatico
839 3342 1000 3387 Principis
1014 3343 1138 3378 Rescri-

257 3403 316 3435 pto
328 3395 404 3428 esset
417 3403 490 3429 nata
502 3394 562 3429 ista
575 3393 701 3427 novitas
713 3417 722 3432 ,
748 3393 781 3427 &
793 3393 882 3434 quod
898 3405 964 3428 non
980 3392 1117 3435 Synodo
1128 3419 1139 3435 ‚

256 3442 311 3477 sed
325 3443 499 3478 Marciano
513 3443 665 3489 Augusto
679 3442 817 3477 Photius
829 3443 1027 3487 supplicasset
1039 3467 1050 3483 ‚
1075 3444 1138 3488 spe-

255 3490 347 3529 rabat
359 3492 523 3529 Eussatius
536 3504 577 3530 ex
590 3493 716 3539 legibus
728 3495 869 3529 atlurum
883 3517 893 3534 ‚
921 3503 1018 3538 atque
1031 3494 1077 3529 ita
1094 3495 1137 3529 fa·

1218 237 1317 273 cilius
1326 235 1638 276 circumducendum
1648 243 1684 277 δε
1695 240 1918 277 intricandum
1931 269 1938 278 .
1952 244 2001 280 At
2012 244 2102 282 Pho·

1219 288 1284 322 tius
1305 287 1472 333 respondit
1494 300 1501 321 :
1532 290 1604 324 Adit·
1622 292 1845 336 religiofiffimum
1866 296 2100 338 Imperatorem,

1218 347 1253 373 ut
1265 336 1354 386 sedes
1378 341 1526 378 Tyriorum
1538 337 1676 382 ficaJ‘ura
1687 342 1920 387 adipisceretur.
1947 347 2042 388 ,Quod
2049 358 2102 379 au-

1219 398 1280 423 tem
1293 388 1438 430 'vetustum
1450 400 1559 428 morem
1564 386 1709 431 studimit
1720 403 1850 430 evertere
1867 393 2022 436 Eustatius
2034 397 2102 429 reli-

1217 437 1379 484 giofiffimus
1402 438 1567 485 Episcopus
1579 463 1590 480 ,
1615 444 1829 484 interrogentur
1847 447 1968 480 Domini
1988 443 2102 488 &san-

1219 486 1327 529 c‘liſjbm‘
1347 488 1505 534 Episcopi.
1532 493 1599 535 Ego
1618 495 1698 526 mim
1718 492 1739 526 a*
1759 494 1866 536 regulis
1885 506 1942 527 non
1963 492 2101 538 discedo,

1220 551 1271 573 nec
1292 540 1358 576 volo
1378 548 1458 582 typos
1479 542 1608 575 Patrum
1631 549 1763 577 evertere
1774 565 1786 581 ,
1808 542 1867 584 sed
1881 544 1990 585 postulo
2001 556 2037 579 ne
2047 546 2100 579 illa

1211 591 1289 629 jura
1309 599 1504 624 evertantur.
1533 591 1595 627 Ait
1615 602 1683 625 non
1704 590 1819 634 judicii
1837 592 2017 636 accipiendi
2029 605 2102 631 cau·

1219 640 1249 673 sa
1263 662 1273 678 ,
1299 639 1352 674 sed
1365 651 1425 684 pro
1435 651 1524 676 mera
1536 642 1715 678 Canonum
1725 642 1917 687 reparatrice
1934 642 2100 679 observan-

1218 690 1263 723 tia
1274 690 1515 734 imploratum&
1527 692 1558 726 se
1568 691 1758 735 Principem
1769 715 1781 734 ,
1806 692 1840 727 δε
1853 692 1887 728 se
1899 702 2102 736 nequaquam

1217 738 1397 774 secundum
1422 740 1511 786 leges
1534 766 1545 783 ‚
1579 740 1632 775 sed
1657 741 1838 779 secundum
1864 740 2101 777 Ecclesiasticas

1216 790 1470 825 consuetudines
1494 791 1529 827 &
1555 791 1711 827 Canones
1734 791 1821 827 velle
1845 791 1983 836 judicari
2010 816 2017 823 .
2046 791 2103 827 Ad

1217 840 1306 883 quod
1327 839 1460 885 gloriosi
1485 840 1609 884 judices
1632 853 1640 873 ε
1666 842 1858 882 Sacrattffimo
1877 845 2002 877 Domino
2024 841 2103 875 orbis

1212 891 1352 932 placuit,
1378 902 1437 925 non
1453 892 1552 932 juxta
1565 889 1671 934 sacras
1690 893 1811 928 litteras
1831 901 1888 926 aut
1901 898 2103 935 pragmaticos

1215 948 1295 982 typos
1315 952 1363 975 res
1377 940 1619 985 sanllzffimorum
1629 940 1844 985 Episcoporum
1848 942 2026 984 procedere,
2047 940 2109 985 sed

1208 992 1304 1030 juxta
1327 993 1445 1036 regulas
1458 994 1479 1027 ᾶ
1498 990 1614 1035 sanffls
1627 992 1772 1026 Patribus
1782 993 1865 1027 latas
1875 1017 1883 1026 .
1911 997 2005 1026 Omni
2017 996 2106 1035 igitur

1215 1041 1362 1083 ceffantee*
1372 1040 1464 1086 sacris
1480 1045 1681 1086 Pragmaticis
1691 1041 1862 1084 definitione
1873 1066 1887 1086 ,
1914 1045 2052 1077 Canones
2066 1043 2104 1076 de
2138 1058 2140 1061 ⁴

1215 1090 1268 1123 boc
1279 1093 1420 1133 capitulo
1430 1093 1504 1128 editi
1515 1094 1652 1136 legantur
1667 1117 1675 1126 .
1701 1093 1747 1128 Et
1757 1093 1905 1129 universa
1926 1089 2080 1136 Synodus
2096 1104 2105 1125 ι

1215 1144 1329 1174 Contra
1348 1143 1468 1185 regulas
1490 1142 1569 1178 nibil
1591 1146 1814 1187 Pragmatio-um
1825 1142 1955 1178 tenebit.
1981 1142 2104 1187 Regula·

1215 1192 1343 1224 Parrum
1365 1200 1507 1228 teneant.
1535 1192 1704 1239 Quocirca
1727 1193 1746 1229 ὲ
1759 1194 1898 1228 Patrum
1912 1193 2044 1227 suorum
2056 1202 2108 1225 ve-

1215 1240 1319 1285 stigiis
1346 1241 1523 1285 plurimum
1557 1240 1733 1278 deviarunt
1754 1243 1952 1278 recentiores
1975 1242 2105 1282 Graeci,

1214 1289 1256 1324 de
1277 1291 1395 1334 quibus
1415 1292 1450 1326 in
1462 1291 1603 1329 scholiis
1615 1293 1657 1328 ad
1669 1292 1785 1328 Photii
1800 1293 2107 1328 Nemo-Canonem

1214 1338 1418 1377 Theodorus
1430 1341 1627 1379 Balsamon:
1654 1345 1733 1378 Scias
1746 1367 1757 1383 ,
1784 1344 1863 1385 quod
1871 1342 2003 1376 nonnulli
2018 1343 2104 1375 dixe-

1215 1399 1306 1432 runt,
1332 1392 1422 1435 idque
1444 1397 1478 1428 in
1493 1391 1660 1436 praesentia
1678 1391 1780 1436 san&
1790 1392 1877 1432 nostri
1886 1396 2100 1433 Imperatoris,

1216 1445 1355 1476 canones
1377 1452 1436 1475 non
1455 1443 1560 1477 debere
1574 1444 1678 1477 valere
1690 1443 1808 1485 quando
1821 1440 2027 1485 adversantur
2038 1442 2106 1486 legi-

1217 1491 1272 1525 bus
1284 1516 1294 1532 ,
1310 1493 1469 1534 propterea
1491 1494 1573 1535 quod
1588 1502 1660 1526 ante
1680 1494 1776 1536 legum
1805 1497 2040 1536 repurgationem
2060 1491 2105 1524 illi

1217 1540 1374 1586 conscripti
1390 1540 1464 1584 sunt
1474 1564 1485 1581 ‚
1509 1552 1598 1585 atque
1608 1549 1653 1575 ita
1666 1546 1802 1578 canones
1815 1568 1824 1583 ‚
1851 1549 1902 1585 qui
1913 1554 1978 1575 cum
1991 1541 2104 1585 legibus

1218 1604 1276 1626 non
1296 1598 1497 1633 conveniunt,
1522 1590 1625 1635 otiosos
1646 1592 1718 1636 effe.
1749 1591 1881 1626 Restins
1904 1592 1972 1635 ipse
1992 1589 2108 1626 Theo-

1218 1643 1337 1679 dorus:
1368 1649 1506 1677 canones
1527 1644 1650 1685 maioris
1674 1641 1862 1675 auHoritatis
1880 1640 1956 1685 sunt
1979 1665 1991 1681 ,
2015 1652 2106 1683 quam

1217 1693 1292 1736 leges
1305 1717 1312 1725 .
1341 1692 1476 1728 Etenim
1496 1692 1532 1728 in
1557 1693 1628 1737 lege
1644 1692 1774 1727 novella
1784 1692 1825 1726 ad
1838 1692 1972 1725 Petrum
1982 1691 2107 1725 officio-

1217 1754 1289 1779 rum
1310 1742 1509 1790 Magistrum
1533 1742 1733 1788 Juslinianus
1758 1742 1926 1787 Augustus
1938 1742 2033 1776 sacris
2043 1741 2106 1776 Ca-

1218 1791 1361 1827 nonibus
1389 1793 1471 1838 legis
1497 1795 1723 1827 auctoritatem
1742 1792 1847 1827 donat
1873 1817 1884 1833 ,
1920 1792 1954 1826 &
1975 1790 2104 1827 scribit:

1217 1847 1354 1876 Canones
1384 1852 1418 1876 ut
1451 1844 1528 1886 leges
1550 1842 1724 1881 custodimus
1750 1867 1758 1875 .

1216 1892 1276 1926 bus
1297 1892 1556 1933 Ecclefiasticis,
1582 1893 1624 1927 de
1643 1892 1762 1936 quibus
1784 1892 1870 1936 leges
1886 1888 1973 1925 nihil
1995 1891 2106 1926 valent

1215 1942 1407 1985 disponere.

1265 1993 1311 2028 Et
1331 1990 1412 2028 hinc
1431 2002 1600 2037 tamquam
1623 1993 1779 2035 profanus
1789 1991 1829 2026 ad
1841 1991 1929 2026 laicae
1938 1990 2106 2035 potestatis
2130 1987 2137 1993 ⁸

1215 2042 1410 2079 violentiam
1430 2043 1543 2089 refuga
1556 2066 1567 2082 ‚
1593 2043 1627 2076 &
1638 2041 1829 2076 manifestus
1840 2041 2021 2076 Canonum
2034 2053 2107 2084 prae·

1215 2092 1373 2126 varicator
1382 2092 1508 2129 trastati
1519 2100 1672 2127 metuens
1683 2091 1869 2132 Eussatius,
1894 2102 1970 2126 ante
1994 2091 2106 2126 Cano-

1215 2152 1295 2175 num
1318 2141 1493 2176 lectionem
1506 2141 1680 2177 interceffit
1690 2139 1775 2184 apud
1788 2140 1951 2186 gloriosos
1960 2140 2082 2183 judices
2094 2154 2101 2174 :

1214 2194 1272 2225 Per
1282 2190 1404 2236 vestigia
1421 2191 1519 2232 vestra
1529 2216 1539 2232 ‚
1558 2197 1698 2233 quoniam
1708 2193 1908 2226 calumniatus
1919 2191 1956 2232 est
1968 2202 2014 2224 me
2027 2190 2104 2224 Pho-

1211 2247 1294 2282 tius,
1321 2241 1406 2284 quasi
1415 2241 1514 2282 studio
1527 2241 1674 2283 fecerim,
1699 2240 1810 2285 obsecro
1825 2239 1966 2284 satillum
1994 2243 2105 2275 &uni-

1213 2291 1327 2335 versale
1346 2293 1509 2326 Concilium
1524 2290 1766 2334 satisfac‘lionem
1786 2297 1936 2333 accipere,
1963 2292 2045 2333 quod
2053 2297 2098 2324 ni-

1211 2341 1258 2377 bil
1262 2350 1316 2386 per
1328 2354 1374 2377 me
1387 2342 1486 2376 ac‘lum
1499 2341 1538 2382 est
1548 2366 1556 2374 .
1584 2346 1693 2384 Neque
1702 2349 1781 2383 enim
1794 2347 1838 2377 ita
1850 2343 1954 2374 audax
1963 2341 2080 2384 fuissem
2089 2365 2101 2382 ‚

1211 2402 1243 2426 ut
1265 2395 1393 2427 Pati-um
1413 2393 1522 2438 regulis
1533 2390 1714 2436 adversarer
1731 2416 1739 2427 .
1765 2391 1864 2429 Dixit
1878 2391 2035 2433 Berytum
2049 2390 2102 2425 be·

1213 2443 1319 2477 nefico
1341 2442 1503 2486 Principis
1523 2446 1618 2478 motu
1630 2441 1799 2485 profecisse
1823 2442 1859 2478 in
1873 2441 2099 2485 metropoleos

1212 2503 1335 2527 nomen
1355 2493 1388 2527 δε
1401 2491 1564 2526 honorem
1575 2517 1586 2533 ‚
1611 2492 1806 2535 potestatem
1817 2502 1926 2526 autem
1941 2491 1976 2524 &
1989 2491 2102 2526 civita-

1211 2552 1259 2579 tes
1273 2543 1367 2578 fuisse
1377 2541 1557 2587 adfignatas
1567 2542 1586 2576 ὲ
1596 2540 1734 2583 synodo
1744 2564 1754 2580 ,
1775 2541 1971 2576 confirmata
1986 2541 2102 2574 omnia

1211 2604 1266 2637 per
1287 2593 1477 2627 Maximum
1499 2589 1722 2628 patriarcham
1738 2613 1750 2630 ,
1773 2601 1872 2635 atque
1898 2592 1943 2625 ita
1969 2590 2100 2626 nullum

1211 2643 1265 2678 hic
1277 2644 1340 2678 effe
1351 2644 1444 2678 suurn
1457 2642 1580 2678 crimen
1594 2666 1601 2676 .

1260 2693 1339 2729 Erat
1351 2691 1501 2736 perplexa
1513 2693 1587 2726 faeti
1598 2690 1739 2735 species,
1764 2691 1966 2735 subjectaque
1988 2690 2098 2727 dubiis

1209 2754 1264 2786 per
1284 2741 1446 2787 gloriosos
1465 2740 1588 2785 judices
1609 2741 1781 2787 propositis
1799 2767 1806 2776 .
1836 2741 1988 2775 Primum
2011 2751 2095 2776 erat:

1208 2797 1255 2828 An
1278 2794 1364 2828 liceat
1381 2804 1419 2827 ex
1424 2790 1509 2837 sacro
1522 2795 1711 2836 Pragmatico
1722 2792 1823 2828 aliena
1835 2789 1967 2832 Ecclefiae
1969 2793 2048 2833 jura
2056 2791 2097 2825 ab

1208 2845 1280 2877 aliis
1304 2840 1462 2887 Episcopis
1482 2842 1611 2877 averti?
1636 2840 1822 2877 Secundum
1835 2851 1925 2876 erat:
1952 2845 2095 2875 Licuerit·-

1208 2905 1245 2927 ne
1250 2891 1423 2937 sanbliffimo
1435 2892 1524 2927 Archi
1536 2890 1679 2935 Episcopo
1692 2893 1824 2926 Anatolio
1839 2916 1852 2931 ,
1875 2889 1993 2934 absenti
2012 2903 2095 2926 reve-

1207 2944 1366 2983 rendiffimo
1388 2941 1535 2987 Episcopo
1557 2942 1664 2976 Pbotio
1685 2947 2008 2978 excommunicationem
2026 2947 2096 2976 mit-

1208 3003 1270 3028 tere
1282 3018 1293 3033 ‚
1316 3006 1352 3028 ac
1366 2995 1474 3035 jubere
1496 3001 1530 3029 ut
1543 2999 1569 3027 ei
1582 3000 1669 3027 certae
1682 2991 1817 3035 Ecclefiae
1828 2997 1861 3026 in
1873 2994 2034 3025 ProvincIa
2044 3004 2095 3025 au-

1197 3044 1354 3086 ferrentur
1371 3044 1388 3074 ?
1414 3044 1572 3077 Tertium
1594 3052 1681 3077 erat:
1709 3046 1756 3077 An
1779 3043 1921 3082 synodum
1941 3045 2092 3084 appellare

1204 3103 1336 3137 oporteat
1358 3101 1534 3126 conventum
1553 3091 1786 3136 Episcoporum,
1813 3097 1863 3137 qui
1885 3097 1917 3124 in
1939 3096 2031 3136 Regia
2053 3097 2094 3125 ci-

1203 3150 1300 3179 vitate
1324 3141 1520 3187 diversantur
1543 3143 1560 3175 ,ἓ
1587 3141 1643 3177 Ad
1664 3143 1805 3186 primum
1826 3143 1996 3187 respondit
2019 3142 2091 3175 uni-

1204 3195 1291 3228 versa
1304 3193 1456 3238 Synodus
1470 3206 1480 3228 .·
1507 3197 1579 3227 Non
1591 3194 1658 3228 licet
1670 3192 1721 3227 boc
1725 3192 1825 3239 facere
1840 3217 1851 3236 ,
1875 3192 1913 3235 est
1920 3200 2036 3233 praeter
2046 3203 2093 3226 re·

1197 3245 1302 3288 gulas.
1334 3243 1379 3279 Et
1403 3243 1503 3279 talem
1525 3243 1719 3287 potestatem
1742 3243 1802 3279 sibi
1823 3254 1892 3280 non
1915 3240 2089 3289 arrogabat

1201 3294 1446 3339 pragmaticum
1460 3317 1470 3334 ,
1496 3294 1618 3339 Beryto
1629 3293 1710 3329 dans
1727 3293 1853 3330 nudum
1864 3291 2087 3337 metropoleos

1201 3355 1321 3379 nomen
1334 3368 1345 3385 ,
1369 3343 1547 3386 disertoque
1567 3353 1676 3379 vetans
1695 3343 1784 3385 Tyri
1809 3341 1977 3386 privilegia
1989 3343 2086 3376 muti-

1202 3395 1257 3429 lari
1271 3418 1278 3426 .
1305 3392 1362 3428 Ad
1383 3394 1563 3429 secundum
1584 3393 1717 3429 Atticus
1730 3392 1873 3428 Zelenfis
1893 3392 1926 3426 in
1940 3392 2087 3426 Heleno-

1202 3452 1305 3489 ponto
1324 3443 1501 3488 Episcopus
1523 3442 1707 3487 respondit:
1734 3441 1888 3486 Absentem
1899 3454 1981 3477 nemo
2003 3443 2087 3476 dam-

1201 3504 1274 3529 nat.
1302 3494 1406 3545 Qd
1418 3494 1567 3531 unanimi
1579 3493 1815 3530 acclamatione
1825 3504 1940 3529 omnes
1954 3492 2086 3536 Episco-

2001 3542 2035 3588 pi

1796 1842 1978 1876 Praesertim
2002 1841 2038 1874 in
2062 1851 2106 1875 re·
2125 1852 2235 1888 2131.
