2340 3736
107 297 185 336 Tit.9
209 307 265 328 c.1.

124 461 147 486 Nx

117 958 190 997 Cap.
200 970 225 988 2.

106 1144 184 1187 capJ
197 1151 242 1185 38.

112 1304 184 1342 Cap.
201 1315 242 1339 ις.

107 2150 182 2187 Cap⁴
207 2157 253 2178 2:-

102 2610 137 2638 A.
156 2615 236 2642 1077.

375 116 473 147 220

284 180 377 221 beri,
401 179 657 225 &Evangelio,
683 177 774 223 quod
794 176 964 215 christum
982 179 1170 214 Dominum

286 231 512 275 repraesentat,
539 230 712 274 praesertim
735 230 845 265 coram
866 229 971 274 pofito
994 240 1063 262 non
1082 229 1171 270 posse

287 281 424 320 mentiri
437 307 444 315 .
472 281 576 327 Quod
587 280 794 326 privilegium
804 282 904 315 etiam
914 280 956 314 ad
975 277 1170 313 Leitoresin

282 333 419 369 scholiis
443 331 485 367 ad
507 330 622 365 Photii
643 330 949 367 Nemo—Canonem
970 328 1173 363 Theodorus

284 384 461 420 Balsamon
483 380 652 417 extendit.
933 395 935 398 ·

333 436 417 482 Qae
437 432 610 478 disciplina
629 432 816 467 constanter
837 430 945 475 viguit
965 428 1065 464 etiam
1087 428 1174 474 apud

286 487 441 521 Latinos.
469 483 604 518 Etenim
615 483 650 517 in
662 483 820 527 Epistolis
841 492 897 524 per
919 480 1077 514 Isidorum
1089 480 1176 513 Mer-

285 546 432 571 catotem
454 535 490 569 in
520 534 695 569 Franciam
719 532 850 572 allatis,x
876 528 953 565 licet
972 530 1176 575 suppofitiis,

285 587 431 631 antiquis
453 596 565 620 tamen
586 584 619 619 ὃς
641 593 750 617 veram
771 580 956 616 doctrinam
976 581 1175 615 continenti-

285 637 365 678 bus,
390 635 433 673 ad
445 636 574 671 Rufum
583 634 785 678 Episcopum
807 630 919 666 scribit
940 630 1068 666 sanetus
1091 630 1176 665 Pon·

286 689 367 722 tifex
380 687 583 722 Cornelius.-
608 687 832 717 Sacramentum
841 681 988 715 badonas
1006 683 1028 714 ἃ
1049 680 1175 725 summis

288 737 488 772 sacerdotibus
498 761 509 777 ‚
535 736 587 768 vel
597 736 654 766 Dei
665 731 826 774 ministris,
852 730 910 773 m‘st'
919 740 979 775 pro
996 731 1076 766 reda
1089 732 1152 775 fide
1165 757 1176 773 ,

284 788 497 833 exigiminim?
506 789 715 830 cognovimus,
743 794 794 818 nec
800 781 980 827 spontaneos
996 783 1108 826 juraffe
1132 794 1176 816 re-

280 847 432 883 perimus.
461 837 506 870 Et
519 835 603 880 apud
617 834 779 879 Iacobum
801 833 1017 868 Sirmondum
1040 833 1077 867 in
1098 832 1179 868 Gal-

284 891 334 924 liae
371 885 536 922 Conciliis
573 884 673 920 habet
698 883 889 929 Capitulare
915 883 1175 928 Episcoporum:

283 940 400 973 Nullus
412 938 553 972 Sacerdos
563 937 728 979 quidquam
737 947 803 970 cum
806 936 986 977 juramento
988 935 1075 976 ‚iuret
1087 958 1098 975 ,
1120 931 1178 978 sed

283 990 458 1034 fimpliciter
469 998 533 1021 cum
539 992 676 1029 puritate
697 987 876 1020 &veritate
886 989 986 1018 omnia
1006 986 1104 1018 dicat.
1131 985 1175 1020 Et

282 1039 476 1075 Concilium
499 1036 690 1071 Meldense:
727 1038 843 1070 Nullus
866 1036 1006 1078 deinceps
1032 1041 1175 1070 veritatis

280 1089 447 1133 Epffcopus
462 1087 551 1132 solito
569 1085 661 1131 super
682 1088 774 1121 Sacra
789 1088 902 1130 jurare
917 1084 1103 1130 praesumat.
1131 1086 1175 1120 Et

281 1141 452 1175 Carifiacae
462 1138 592 1184 Synodi
613 1137 654 1173 ad
673 1136 884 1172 Ludovicum
904 1136 1091 1172 Germania
1111 1136 1176 1171 Re-

282 1203 359 1236 gem
371 1190 522 1235 Epistola
533 1188 646 1224 multis
656 1185 802 1223 ostendit
812 1198 915 1222 omne
940 1186 982 1222 ab
1002 1186 1174 1232 Episcopis

281 1242 432 1276 exactum
442 1241 662 1284 juramentum
677 1237 834 1273 adversari
845 1237 966 1283 regulis
978 1235 1174 1272 Ecclefiasti-

281 1294 351 1327 cis:
380 1292 484 1337 Exigi
512 1303 583 1326 non
610 1290 698 1334 poffe
724 1289 824 1324 etiam
844 1286 886 1323 ad
907 1289 1061 1323 Domino
1084 1288 1171 1333 Regi

281 1342 505 1387 profitendum
521 1366 532 1382 ,
556 1341 613 1375 sed
636 1339 809 1375 dumtaxat
832 1350 868 1373 ut
887 1339 951 1373 sese
973 1349 1111 1384 purgent
1132 1337 1174 1372 ab

278 1394 408 1427 incursa
436 1391 575 1427 infamia
601 1391 772 1430 criminis,
810 1400 908 1434 atque
943 1388 989 1424 ita
1025 1391 1173 1424 auferant

279 1441 469 1478 scandalum
483 1441 651 1477 Ecclesia.
678 1441 783 1489 Qod
807 1441 914 1484 ipsum
932 1440 1045 1474 statuit
1068 1440 1172 1482 syno-

278 1494 340 1528 dus
351 1492 464 1538 Regiae
473 1492 687 1531 Ticinenfis‚
711 1493 746 1526 δε
767 1489 932 1525 aduenit.-
957 1492 990 1522 Si
1014 1490 1089 1532 quid
1110 1497 1170 1523 eni-

277 1544 347 1577 xius
360 1543 587 1587 adfirmandum
598 1543 684 1575 durae
698 1538 827 1583 forfitan
851 1541 1038 1573 audientium
1058 1548 1171 1573 montes

276 1598 422 1636 exigunt,
447 1604 528 1626 more
552 1592 708 1633 apostolico
729 1597 901 1632 interponat
923 1587 1086 1632 Episcopus
1104 1588 1170 1633 suae

278 1646 438 1685 locutioni,
463 1642 597 1677 DEUS
624 1641 757 1682 SClT,
782 1650 836 1674 aut
849 1639 1026 1675 CORAM
1049 1639 1168 1675 DEO.

276 1692 330 1728 Ex
342 1705 409 1737 quo
432 1692 523 1727 vides
533 1692 630 1727 verba
651 1692 711 1726 ista
735 1703 804 1726 non
827 1694 892 1726 effe
914 1690 1073 1725 formulas
1085 1690 1169 1734 jura-

277 1745 402 1779 menti.
430 1744 475 1779 Et
486 1743 566 1778 hinc
578 1743 671 1787 supra
683 1741 832 1776 laudatus
854 1740 1026 1784 Presbyter
1048 1741 1170 1776 Caffia-

277 1806 362 1835 nus,
387 1795 583 1838 protestatus
596 1795 627 1828 se
644 1793 735 1827 nolle
759 1793 863 1837 jurare
877 1817 889 1832 ‚
910 1791 1059 1826 addidit.-
1085 1794 1168 1825 Deus

276 1845 313 1885 est
327 1869 336 1884 ,
363 1851 415 1887 qui
429 1850 515 1878 novit
528 1869 538 1884 ,
561 1850 635 1887 quia
656 1854 810 1885 nunquam
827 1845 938 1885 juravi
960 1844 1067 1876 alicui.
1094 1841 1167 1876 Per-

275 1907 386 1938 peram
424 1895 528 1938 aliqui
564 1894 658 1928 illum
696 1895 849 1928 accusant
875 1892 1165 1927 contradiffionis.

275 1945 410 1979 Etenim
422 1946 471 1978 uti
488 1944 579 1978 aliud
590 1938 636 1979 est
652 1955 764 1978 coram
778 1943 963 1988 Evangelio
976 1965 986 1981 ‚
1010 1940 1099 1976 aliud
1113 1953 1167 1986 per

275 1995 498 2040 Evangelium
513 2019 523 2034 ,
550 1994 594 2028 itit
605 2005 739 2038 quoque
760 1993 851 2028 aliud
871 1993 917 2028 est
941 2003 1051 2027 coram
1070 1992 1167 2031 Deo,

273 2045 361 2079 aliud
372 2057 429 2089 per
439 2046 549 2079 Deum
563 2044 691 2088 aliquid
701 2044 874 2079 adfirmare
887 2069 895 2077 .
923 2042 1037 2077 Solum
1062 2042 1167 2086 poste-

271 2096 338 2130 rius
348 2095 392 2129 est
404 2095 627 2138 juramentum
639 2119 647 2126 .
676 2094 720 2128 Et
737 2092 777 2127 de
788 2093 923 2127 Clerico
943 2105 981 2127 ac
1005 2093 1090 2127 laico
1102 2092 1164 2127 liti-

271 2145 426 2191 gantibus
448 2145 559 2179 statuit
589 2143 745 2188 Synodus
774 2143 1012 2178 Triburienfis.
1054 2146 1165 2176 Latcus

272 2206 329 2240 per
333 2199 546 2239 juramentum
558 2195 792 2239 constringatur,
822 2195 979 2233 Presbyter
998 2198 1065 2227 vice
1079 2195 1166 2234 ‚iura-

271 2254 364 2280 menti
398 2256 456 2289 per
487 2244 628 2290 sanilam
673 2244 911 2288 consecrationem
947 2250 1164 2287 interrogetur.

273 2297 387 2331 Etiam
400 2298 443 2331 de
464 2294 635 2330 monachis
658 2295 769 2329 statuit
796 2304 981 2329 conventus
1002 2293 1164 2337 Aquenfis

274 2347 467 2382 Abbatum:
496 2351 622 2379 Nemini
635 2348 722 2379 liceat
728 2344 892 2389 sermonem
906 2347 1076 2386 juramenti
1094 2352 1165 2386 pro·

268 2398 355 2440 ferre
369 2423 375 2429 .
403 2397 448 2431 Et
461 2395 540 2429 hinc
551 2396 631 2430 dum
642 2396 750 2430 cunffl
763 2395 1008 2430 Germanorum
1030 2394 1165 2439 Episco-

272 2449 307 2492 pi
320 2459 378 2492 pro
390 2447 541 2481 Henrico
554 2456 671 2491 quarto
691 2446 890 2489 Imperatore
911 2445 953 2480 ab
976 2455 1162 2479 excommu-
1192 2472 1197 2475 t

273 2498 443 2533 nicatione
455 2497 615 2531 solvendo
626 2521 636 2538 ,
663 2496 696 2530 &
708 2496 847 2530 sanctius
859 2495 1013 2538 deinceps
1023 2494 1160 2534 visturo,

271 2549 358 2593 apud
370 2548 571 2593 Gregorium
583 2546 759 2590 septimum
769 2545 969 2580 Pontificem
991 2545 1057 2578 fide
1076 2543 1163 2588 jube-

271 2610 344 2634 rent
356 2623 367 2639 ‚
393 2596 436 2632 de
455 2597 589 2632 Abbate
603 2596 812 2630 Cluniacenfi
837 2596 948 2630 scribit
969 2594 1163 2629 Lambertus

272 2647 605 2694 Schafnaburgenfis:
632 2649 786 2690 ,Quoniam
788 2648 899 2688 jurare
921 2644 1083 2686 monasticae
1100 2646 1163 2678 reli-

269 2706 367 2745 gionis
386 2701 508 2733 obtentu
527 2698 719 2733 detraeiabat
735 2697 829 2740 fidem
846 2695 936 2740 suam
956 2707 1054 2730 coram
1074 2695 1162 2728 oculis

273 2757 373 2783 omnia
395 2755 542 2784 cernentis
562 2752 621 2782 Dei
645 2745 819 2791 interposuit
832 2771 840 2780 .
868 2748 922 2781 Ex
944 2758 1012 2791 quo
1036 2745 1162 2780 rursum

274 2801 363 2835 vides
376 2798 500 2845 aliquid
513 2810 626 2843 coram
636 2799 714 2833 Deo
725 2798 895 2832 adfirmare
919 2808 988 2831 non
1001 2797 1064 2830 effe
1083 2795 1164 2839 jura-

275 2861 426 2885 mentum
442 2876 448 2883 .
475 2849 565 2884 Istud
592 2847 834 2884 monachorum
847 2846 1062 2891 privilegium
1079 2846 1166 2880 mul-

236 2910 238 2913 ’
275 2901 318 2934 tis
343 2901 472 2935 extollit
498 2899 601 2935 etiam
626 2897 822 2933 Chronicon
845 2897 1036 2932 monasterii
1064 2895 1165 2932 Gaffi-

109 3395 195 3435 Epist.
218 3400 245 3425 c.

275 2950 382 2985 nenfis
395 2976 402 2982 .

326 3002 409 3035 Sunt
422 3011 530 3035 tamen
542 3002 632 3035 casus
642 3026 653 3042 ,
678 3000 714 3034 in
728 2999 847 3043 quibus
856 2997 1012 3033 canones
1035 2996 1076 3030 ab
1087 2995 1167 3040 Epi-

276 3050 383 3094 scopis
398 3075 409 3090 ,
437 3049 597 3091 Geticis,
624 3051 659 3085 δε
681 3048 856 3084 monachis
869 3049 1086 3092 permittunt,
1107 3048 1167 3081 im-

277 3100 335 3135 mo
346 3099 502 3143 &jubent
523 3102 612 3146 exigi
637 3101 877 3144 juramentum.
905 3098 1035 3133 Primus
1055 3096 1101 3130 est
1121 3098 1166 3131 fa-

277 3150 393 3185 cienda
414 3148 608 3184 orthodoxae
627 3151 704 3186 fidei
727 3150 898 3194 profeffio.
926 3146 1096 3183 Secundus
1120 3147 1166 3181 est

279 3200 475 3235 obedientiae
487 3201 640 3244 profeffio
654 3224 664 3240 ,
689 3201 912 3245 Metropolitae
925 3224 936 3240 ‚
963 3195 1167 3241 patriai-clm,

279 3263 336 3284 aut
348 3253 477 3285 summo
489 3249 648 3284 Pontifici
662 3250 806 3284 facienda
819 3276 826 3283 .
855 3250 898 3284 Et
919 3248 997 3284 hinc
1016 3248 1168 3284 Poloniae

279 3300 617 3344 Archi-Episcopum,
651 3298 731 3333 huic
751 3299 939 3342 profeffioni
964 3311 1005 3333 ex
1027 3299 1168 3333 Canone

280 3350 484 3392 Episcopalis
521 3349 694 3394 juramenti
720 3348 941 3393 prohibitorio
968 3348 1169 3384 recalcitran-

276 3401 371 3441 tem,
397 3401 536 3443 graviter
556 3399 717 3434 &merito
743 3400 850 3444 arguit
871 3398 1034 3434 Paschalis
1055 3401 1165 3434 secun-

280 3451 362 3485 dus.
389 3449 525 3485 Tertius
535 3452 623 3484 casus
645 3451 690 3485 est
710 3449 877 3486 neceffitas
897 3449 961 3484 sese
981 3449 999 3484 ὲ
1021 3450 1167 3486 criminis

966 101 1426 146 Appianum<

1238 176 1377 211 infamia
1416 175 1643 225 expurgandi,
1681 192 1722 215 ex
1745 193 1808 227 qua
1828 180 1927 218 etiam
1955 182 2131 222 Romanos

1239 226 1419 261 Pontifices
1428 226 1569 273 legimus
1579 229 1774 268 adscendisse
1782 234 1964 278 ,ambonem
1978 258 1989 275 ‚
2016 235 2051 269 ὅ(
2070 248 2128 272 co·

1238 286 1308 310 ram
1319 278 1414 311 omni
1425 279 1550 321 populo
1572 290 1628 324 per
1649 282 1757 317 saneta
1778 283 1963 331 Evangelia
1982 284 2099 328 jurasse
2117 309 2126 320 .

1238 328 1322 362 Sunt
1340 327 1423 362 item
1443 329 1556 367 casus,
1580 327 1617 363 in
1635 331 1752 373 quibus
1771 335 1859 379 quati
1878 347 1936 381 pet
1956 334 2124 380 epikejam

1238 378 1397 413 canones
1431 377 1521 413 istud
1555 378 1747 415 dumtaxat·
1761 381 1973 427 permittunt,
2012 385 2062 421 Ita
2088 388 2127 422 in
2153 379 2255 414 Acta.

1238 426 1402 472 Ephefina
1427 427 1566 472 synodo
1600 428 1821 469 Theodotum
1846 435 2064 481 Ancyranum
2091 438 2127 475 ὄπ

1239 479 1404 514 Acacium
1442 479 1693 515 Melitinensem
1722 482 1954 527 Metropolitas
1972 487 2126 522 adversus

1238 530 1431 565 Nestorium
1441 531 1576 565 Sanetus
1588 530 1735 574 Cyrinus
1743 532 1838 576 *juffit
1858 534 1965 572 testari
1979 538 2103 582 juratos
2113 563 2125 579 ‚

1236 582 1318 622 quod
1336 592 1394 614 non
1414 581 1452 614 de
1470 592 1502 614 re
1521 583 1666 626 vulgari,
1688 580 1748 625 sed
1765 584 1803 617 de
1819 589 1950 618 omnium
1967 595 2101 622 maxima
2113 614 2126 630 ,

1234 639 1312 673 puta
1323 631 1447 665 derecta
1467 637 1500 665 in
1511 631 1661 673 Christum
1673 633 1739 675 fide
1757 643 1911 677 ageretur.
1940 634 1984 670 Et
2005 636 2050 671 ab>
2066 639 2126 674 Iba.

1238 681 1475 716 Edessenorum
1488 682 1706 728 Metropolita
1718 709 1731 726 ,
1756 683 1837 719 dum
1857 685 1943 719 inter
1957 685 2063 729 ipsum
2087 701 2126 724 ac

1237 732 1307 775 ejus
1327 731 1478 767 Clericos
1497 744 1612 776 pacem
1634 734 1713 768 fecit
1725 759 1736 776 ‚
1767 735 1924 779 Synodus
1944 736 2126 780 Berytensis

1237 782 1348 827 exegit
1373 782 1615 826 juramentum,
1640 795 1709 828 quo
1744 786 1899 820 omnium
1933 784 2125 828 injuriarum

1239 831 1411 877 sponderet
1446 833 1578 877 plenam
1600 834 1808 870 oblivionem
1819 861 1827 869 .
1864 838 1908 870 Et
1942 835 2128 881 AEgyptios

1239 883 1421 928 Episcopos
1430 905 1442 923 ,
1466 884 1606 926 synodo
1617 882 1879 921 Chalcedonensi
1893 887 2043 922 nolentes
2053 887 2126 923 sub—

1238 933 1376 969 scribere
1395 945 1436 968 ex
1458 935 1583 975 caufis,
1611 935 1907 980 Constantinopoli
1931 938 2126 973 attestarunt

1237 984 1554 1030 LegatiApostolici
1569 1010 1580 1026 ,
1605 985 1861 1031 obligaruntque
1873 987 2044 1023 adrealem
2067 997 2126 1023 aut

1236 1033 1324 1070 certe
1333 1033 1525 1080 juratoriam
1535 1035 1726 1071 cautionem
1743 1036 1785 1071 de
1804 1049 1874 1072 non
1898 1038 2057 1073 violando
2078 1051 2124 1073 ar-

1235 1085 1340 1120 resto.
1383 1085 1429 1120 Et
1441 1083 1616 1121 Theodori
1640 1087 1909 1132 Mopsueflieafis
1932 1088 2088 1132 Episcopi
2106 1092 2125 1128 e
2151 1106 2201 1139 Λᾶ
2222 1118 2253 1145 4·

1236 1136 1332 1170 sacris
1342 1134 1511 1180 dyptichis
1526 1136 1583 1171 rafi
1595 1139 1728 1173 causam
1740 1135 1911 1182 inqu'ffens
1922 1136 2130 1182 Mopsueste-
2147 1131 2155 1137 ⁵
2204 1129 2211 1136 ³

1236 1198 1276 1221 na
1287 1185 1441 1231 synodus
1450 1187 1652 1232 deposituros
1664 1188 1817 1223 Clericos
1829 1187 1930 1223 etiam
1949 1188 2062 1234 coegit
2082 1187 2126 1224 ad

1234 1236 1455 1279 juramentum
1467 1261 1479 1278 ,
1505 1238 1541 1273 ἀ
1553 1239 1687 1282 quidem
1698 1240 1788 1273 melis
1800 1238 1995 1283 Evangeliis
2012 1250 2128 1283 corpo·

1234 1288 1300 1322 tale
1311 1313 1318 1319 .
1345 1286 1473 1322 Verum
1487 1289 1684 1333 Eutychetis
1696 1290 1789 1324 causa
1802 1300 1872 1323 non
1893 1298 1962 1323 erat
1984 1288 2127 1334 graviffi-

1235 1349 1310 1378 ma,
1338 1338 1479 1382 ideoque
1490 1338 1641 1374 adversus
1652 1339 1842 1384 impositum
1854 1338 1874 1373 ὲ
1899 1339 2057 1384 Principe
2075 1339 2125 1383 ju·

1234 1398 1420 1423 ramentum
1434 1389 1518 1424 reste
1532 1389 1574 1423 ad
1596 1389 1754 1424 canones
1771 1390 1967 1433 provocavit
1987 1390 2126 1424 Bafilius

1234 1439 1417 1483 Episcopus
1429 1439 1639 1474 seleuciensis
1648 1465 1655 1473 .
1682 1440 1727 1475 Et
1740 1439 1818 1474 huic
1830 1440 2060 1485 provocationi
2070 1440 2129 1475 de-

1233 1489 1311 1524 tulit
1328 1490 1515 1524 Florentius
1526 1489 1690 1525 Patricius
1702 1515 1713 1531 ‚
1739 1491 1901 1525 violentas
1922 1489 2145 1534 Chrysaphii'

1235 1538 1391 1575 Eunuchi
1418 1551 1480 1584 pro
1498 1539 1718 1575 Haerefiarcha
1743 1538 1910 1576 monacho
1931 1551 2016 1577 artes
2035 1539 2127 1575 filere

1230 1589 1340 1632 justit,
1363 1589 1540 1634 procedere
1575 1590 1751 1634 Synodum
1772 1615 1785 1632 ,
1820 1591 1856 1625 δε
1893 1589 2053 1626 monachi
2078 1589 2123 1629 nd

1231 1639 1420 1684 Principem
1440 1651 1549 1684 preces
1571 1640 1700 1675 recitari
1712 1666 1719 1674 .
2092 1660 2094 1662 >

1279 1690 1348 1724 Eas
1358 1690 1513 1726 recitavit*
1529 1690 1675 1734 Ioannes
1692 1690 1772 1726 sacri
1792 1690 1913 1725 Scrinii
1937 1690 2127 1735 Exceptor,

1230 1751 1371 1784 quarum·
1384 1740 1439 1775 hic
1451 1741 1516 1775 fuit
1526 1751 1624 1775 tenor
1638 1754 1646 1773 ι
1673 1742 1710 1775 N
1712 1753 1844 1786 uperam
1854 1741 1962 1775 Sanffl
1973 1740 2127 1777 Flaviani

1229 1791 1401 1833 Synodum
1414 1791 1544 1834 ajebant
1558 1792 1707 1826 falsatam
1719 1816 1729 1831 ‚
1755 1790 1899 1835 ideoque
1918 1801 2036 1826 omues
2055 1790 2125 1833 ejus

1231 1841 1435 1885 Episcopos,
1461 1841 1641 1882 Notarios,
1678 1840 1852 1881 Clericos,
1880 1839 2021 1883 Synodo
2045 1851 2125 1875 coo-

1229 1901 1354 1934 peratos
1365 1915 1376 1931 ,
1412 1890 1475 1924 sisti
1508 1902 1619 1925 coram
1650 1890 1823 1925 Thalaffio
1858 1889 2051 1925 Caesareenfi
2084 1890 2125 1925 in

1229 1941 1440 1986 Cappadocia
1461 1941 1771 1986 Archi—Episcopo,
1797 1941 1833 1975 δε
1857 1939 1940 1974 Aeta
1961 1939 2100 1976 revideri
2114 1966 2122 1973 .
2148 1953 2149 1957 ¹

1228 1992 1272 2026 Et
1288 1991 1443 2035 precibus
1463 1991 1607 2026 omnino
1626 1999 1789 2026 annuerat
1808 1988 2044 2030 Theodosius,
2069 1990 2124 2025 ad-

1227 2042 1458 2087 scripseratque
1468 2040 1552 2076 hanc
1560 2043 1814 2077 annotationem
1827 2063 1839 2081 ,
1849 2041 1903 2074 seu
1914 2040 2100 2083 apostillam
2114 2052 2122 2072 z

1228 2095 1389 2134 Deponunt
1410 2093 1639 2132 reverendiffimi
1659 2090 1823 2135 Epifiopt,
1848 2095 1902 2132 qui
1923 2091 2040 2124 dudum
2058 2101 2125 2124 con·

1225 2151 1377 2176 venerunt
1387 2166 1398 2183 ,
1426 2143 1512 2184 apud
1521 2143 1794 2183 reverendtffmum
1811 2138 1933 2184 insuper
1943 2138 2125 2184 Episnopum

1227 2191 1404 2233 Thalaffium
1414 2216 1426 2233 ,
1451 2194 1582 2234 utapud
1597 2191 1652 2226 bos
1666 2192 1802 2225 omnibus
1821 2188 2022 2234 praesemtbus
2048 2189 2124 2231 bis,

1225 2254 1297 2286 quos
1303 2241 1481 2286 supplicatio
1489 2245 1640 2286 quuitur,
1665 2247 1773 2286 negotii
1785 2247 1903 2275 veritas
1924 2245 2098 2284 inquiratur
2107 2265 2121 2273 ,.

1225 2291 1407 2337 obstupuit
1416 2292 1457 2326 ad
1469 2292 1538 2327 haec
1549 2317 1559 2333 ‚
1586 2290 1795 2336 Chryi'aphio
1808 2290 1975 2326 Eunucho
1991 2289 2123 2335 potins,

1225 2355 1326 2387 quarn
1349 2343 1578 2378 circumvento
1599 2343 1750 2387 Principi
1772 2341 1968 2385 imputanda
1989 2341 2123 2374 Sanetus

1223 2393 1398 2428 Flavianus
1409 2418 1420 2434 ,
1445 2391 1669 2427 nihilominus
1691 2393 1766 2426 suos
1777 2392 1952 2425 Diaconos
1970 2390 2123 2424 &Nota-

1223 2442 1506 2484 rioss>Asterium
1520 2467 1531 2482 ,
1558 2442 1715 2482 AEtium‚
1743 2440 1932 2482 Nomium,
1953 2438 2122 2483 Asclepia-

1221 2490 1322 2534 dem,
1347 2491 1595 2536 &Procopium
1619 2490 1723 2526 adesse
1741 2491 1826 2534 juffit
1845 2490 1880 2523 &
1904 2490 2122 2534 respondere.

1224 2544 1269 2578 Et
1278 2542 1388 2576 statim
1399 2542 1483 2576 Asta
1494 2542 1694 2586 originalia,
1722 2541 1842 2586 quibus
1861 2541 1991 2585 propria
2017 2551 2120 2574 manu

1226 2593 1379 2638 Episcopi
1389 2592 1650 2637 subscripserant,
1658 2591 1819 2627 Patricius
1829 2591 2017 2627 Florentius
2031 2590 2120 2634 juffic

1225 2643 1383 2688 produci.

1275 2693 1424 2728 Ecclefiae
1445 2692 1828 2737 Constantinopolitanae
1846 2692 2010 2727 Nomius
2027 2701 2120 2727 com-

1224 2744 1309 2778 miffi
1322 2744 1358 2778 in
1370 2753 1463 2779 tanta
1474 2744 1614 2787 synodo
1626 2744 1692 2777 falfi
1714 2744 1864 2778 accusare
1887 2753 1959 2776 non
1980 2747 2058 2776 eratss
2066 2751 2122 2777 ses

1223 2793 1373 2829 modica.
1400 2793 1494 2828 Hinc
1506 2793 1623 2828 AEtius
1644 2793 1819 2828 Diaconus
1838 2803 1938 2836 atque
1956 2787 2121 2826 Notarius

1224 2845 1418 2879 interceffit:
1445 2843 1597 2889 Accusatio
1605 2845 1767 2887 aliquando
1778 2845 1852 2877 talis
1874 2843 2044 2876 adversum
2065 2851 2120 2877 nos

1224 2895 1362 2939 emer-fit?
1389 2896 1535 2928 Audimus
1544 2905 1666 2935 autem,
1691 2899 1763 2937 quia
1785 2893 1988 2936 interpellatio
2010 2893 2122 2926 adver·

1225 2947 1291 2979 sum
1305 2944 1494 2987 nosfabhtfit
1504 2946 1524 2977 ἃ
1534 2946 1665 2988 quodam
1676 2946 1763 2987 apud
1773 2945 1934 2987 pitffimum
1954 2946 2117 2985 Imperato-

1224 3008 1307 3030 rem:
1333 2995 1539 3038 supplicamus
1550 2996 1608 3029 has
1619 2995 1701 3029 nobis
1711 2995 1861 3028 declarari
1873 2993 2046 3028 obtefflones
2055 3015 2067 3031 ,
2079 2992 2115 3026 6·

1224 3045 1328 3090 causas
1343 3045 1497 3090 agnoftere
1505 3071 1516 3086 ,
1543 3048 1578 3080 Θ
1585 3044 1745 3090 personam
1748 3044 1843 3086 statui
1856 3069 1867 3085 ,
1880 3046 1915 3079 (9·
1926 3041 2115 3084 manifestam

1225 3095 1435 3139 accusationem
1459 3097 1611 3130 adversus
1628 3104 1726 3130 certas
1754 3094 1896 3139 personas
1914 3094 2001 3137 fieri,
2026 3099 2118 3138 §tque

1226 3150 1271 3179 itai
1283 3145 1521 3190 respondebimus
1542 3171 1553 3187 ‚
1580 3148 1615 3181 Θ
1637 3159 1690 3180 nos
1709 3145 1927 3188 defendemus,
1946 3139 2116 3185 prfffimen·

1226 3207 1271 3231 tes
1292 3198 1330 3230 de
1351 3195 1448 3237 vestra
1462 3196 1599 3238 Justitia.
1627 3197 1706 3231 Erat
1728 3195 1910 3231 interceffio
1925 3189 2113 3235 juffiffima,

1228 3246 1447 3282 nihilominus
1457 3247 1529 3290 post
1540 3246 1659 3282 multas
1670 3247 1712 3281 de
1723 3247 1780 3280 illa
1789 3244 2022 3280 contentiones
2036 3240 2116 3273 San-

1228 3300 1295 3332 etus
1307 3298 1482 3333 Flavianus
1491 3297 1537 3331 est
1553 3297 1787 3333 interlocutus:
1812 3289 2014 3337 Cognoscitis,
2038 3295 2114 3332 quia

1228 3346 1408 3391 tuncsam‘la
1418 3349 1525 3393 Synodo
1534 3356 1712 3392 congregata
1722 3356 1807 3379 voces
1830 3343 1870 3375 ab
1879 3350 2007 3383 utraque
2025 3348 2117 3382 parte

1227 3411 1281 3433 vos
1294 3398 1445 3441 excepistis
1454 3422 1465 3438 ,
1496 3398 1685 3444 &subtiliter
1695 3392 1863 3438 cognoscitis
1876 3415 1886 3430 2
1911 3393 2010 3433 quaea*
2028 3390 2115 3426 vobis

1222 3449 1339 3493 scripta
1344 3448 1433 3493 sunt.
1458 3451 1506 3482 Et
1508 3447 1607 3491 fihaee
1619 3456 1693 3481 vera
1696 3442 1792 3488 sunt,
1818 3442 1968 3488 expriffim
1991 3443 2039 3525 (ἐξ)
2049 3452 2117 3524 cim

2040 3502 2054 3526 e
