2340 3736
626 167 712 211 An
747 164 1029 209 SYNODUM
1064 160 1657 211 CHALeE·DoNENSEM.

228 254 467 295 Metropolitani,
494 247 527 282 id
545 247 614 287 est,
639 245 853 287 Patriarchae,
879 246 1020 291 Episcopi
1034 245 1099 290 sen

229 311 354 339 tentiam
370 303 481 336 nullum
503 299 540 332 de
551 296 705 341 Episcopis
729 308 782 330 aut
793 299 851 331 alio
873 301 1008 342 dogmate
1028 309 1101 330 com-

225 360 308 389 muni
328 355 362 387 so·
373 347 561 391 Ecclesiastico
574 353 731 382 Decretum
742 360 793 381 nos
809 349 961 388 edituros,
982 345 1102 392 sedces-

226 404 310 449 suros
317 400 485 435 Canonibus
497 409 565 432 ante
570 397 732 441 susceptis
761 399 853 431 Dum
867 409 983 440 nempe
997 397 1099 431 nostri

227 453 408 489 schismatis
433 460 529 494 caput
557 449 716 483 Meletius
727 448 862 482 similem
888 451 1099 491 antiquorum

227 505 407 539 Canonum
419 500 650 535 servandorum
661 497 887 542 profeffionem
899 498 1015 530 Sansio
1028 496 1102 530 Ale-

227 554 355 588 xandro
378 549 570 585 Patriarchae
589 550 668 583 fecit
688 559 728 581 ex
750 547 832 590 juffu
854 547 979 590 Synodi
999 545 1103 580 Nicae-

228 616 294 638 nae
322 603 378 636 Est
404 602 503 646 igitur
523 600 675 642 antiquus
696 597 908 640 AEgyptiacae
929 598 1103 632 dioeceseos

228 654 373 692 Canon,
399 663 436 685 ut
447 650 556 691 nullus
575 649 646 683 istic
659 646 838 690 Episcopus
851 648 929 690 quid
941 646 981 682 ad
1004 647 1102 681 fidem

229 714 286 737 aut
295 712 505 737 communem
518 698 666 733 Ecclefiae
677 695 881 739 disciplinam
899 698 1041 741 spectans
1053 698 1104 732 de-

229 753 348 793 finiat,
371 750 471 791 edat,
496 759 554 783 aut
573 744 780 786 subscribat,
806 748 874 780 fine
897 748 1104 791 beneplacito

229 801 448 837 Patriarchae.
476 797 622 832 Similem
648 807 723 840 erga
751 796 943 832 Romanum
967 798 1104 832 Pontifi-

230 864 303 887 cem
314 862 379 905 pto
385 849 482 883 Italiae
492 847 662 891 Episcopis
680 847 772 880 fuiffe
783 848 889 892 legem
910 848 944 880 &
957 858 1105 887 morem,

229 903 275 936 est
296 902 354 935 suo
375 886 453 933 loco
464 897 628 932 ostensum
646 909 690 930 ex
701 897 818 932 sancto
839 898 938 932 Petro
961 896 1106 941 Chryso-

178 991 180 993 *
228 953 310 996 logo
331 951 567 984 Ravennatum
590 947 755 991 Episcopo
778 973 789 988 ,
824 948 859 982 &
877 948 952 981 aliis
977 949 1106 990 insuper

228 1000 455 1036 documentis.
483 998 570 1032 Suo
562 1008 640 1031 item
653 997 729 1031 loco
740 997 904 1031 ostensum
919 997 991 1038 est,
1017 997 1105 1042 quod

228 1063 281 1087 eas
306 1052 387 1094 ipsas
406 1048 582 1092 disciplinae
604 1049 638 1082 &
658 1045 856 1081 Hierarchiae
878 1049 1004 1092 leges,
1029 1058 1107 1089 quas

227 1102 364 1136 Sanstus
384 1100 498 1134 Petrus
519 1099 661 1136 Romae,
685 1098 861 1141 discipulus
885 1098 953 1141 ejus
975 1099 1107 1132 Sanetus

228 1152 364 1185 Marcus
384 1149 490 1186 fixerit
503 1146 726 1183 Alexandriae.
755 1148 797 1181 Et
810 1147 875 1181 huc
895 1147 1035 1182 omnino
1049 1148 1106 1180 res-

227 1202 318 1244 pexit
340 1201 447 1234 sextus
468 1199 589 1233 Canon
616 1198 791 1238 Nicaeum,
819 1197 980 1231 mandans
999 1195 1107 1241 AEgy-

229 1261 343 1294 ptum,
370 1248 536 1291 Lybiam‚
562 1259 599 1281 ac
610 1247 840 1290 Pentapolim,
853 1258 987 1281 omnem
1002 1246 1110 1290 AEgy·

230 1301 372 1344 ptiacarn
384 1298 510 1332 d1oeces
502 1310 535 1331 n
547 1297 763 1332 administrari
775 1298 815 1330 ab
829 1297 1058 1330 Alexandrino
1068 1295 1109 1329 ad

229 1360 302 1384 eam
325 1349 427 1392 ipsam
447 1348 608 1385 formam,
634 1358 696 1389 qua
710 1345 936 1380 suburbicariae
957 1347 1109 1391 regiones

230 1397 500 1436 administrantur
520 1396 562 1430 ab
580 1397 742 1439 Episcopo
758 1396 929 1431 Romano.

280 1449 392 1490 Dico,
418 1451 562 1491 Regiones
574 1445 807 1490 ficburbicariae:
835 1446 883 1480 Ita
895 1445 984 1480 enirn
1001 1447 1109 1481 Cano-

228 1511 307 1534 nem
329 1497 454 1533 erudite
474 1498 509 1532 &
528 1497 600 1531 vere
623 1497 761 1539 exponit
784 1497 957 1530 Ruffinus.
977 1497 1015 1529 ln
1035 1496 1111 1530 alia-

228 1560 301 1584 rum
322 1548 519 1593 regionum,
545 1547 621 1581 licet
645 1545 866 1581 patriarchico
886 1548 944 1580 suo
965 1546 1026 1589 juri
1041 1546 1112 1580 sub-

231 1600 385 1643 jestarum
398 1623 408 1637 ,
436 1598 615 1640 Episcopos
635 1606 759 1630 tantam
776 1597 968 1639 potestatem
987 1608 1061 1629 exer
1063 1608 1113 1630 ce·

231 1661 287 1688 re,
307 1648 406 1691 idque
417 1646 460 1680 ob
470 1646 775 1690 distantiaegratiam
787 1672 797 1686 ,
826 1657 993 1690 nunquam
1007 1646 1110 1680 voluit

233 1700 466 1734 Romanorum
490 1696 671 1740 Episcopus
691 1722 695 1728 .
723 1697 871 1744 Qisque
893 1696 965 1730 istic
985 1696 1098 1730 Metro

232 1749 337 1792 polita
358 1746 472 1781 habuit
494 1747 583 1780 suam
606 1746 802 1788 Synodum‚
827 1745 868 1780 de
888 1747 951 1780 fide
975 1746 1112 1780 definire

232 1799 268 1832 ἀ
279 1796 425 1831 moribus
445 1796 480 1829 in
494 1796 559 1838 ipsa
571 1797 679 1838 potuit
690 1820 700 1834 ,
728 1797 801 1829 suos
818 1796 1020 1830 consecravit
1034 1796 1100 1829 Pto

233 1847 393 1881 vinciales
418 1845 599 1888 Episcopos
619 1869 630 1885 ,
659 1845 700 1878 ab
720 1845 791 1887 ipfis
816 1847 1020 1878 consecratus
1080 1846 1112 1879 ὃ(

233 1897 342 1942 quoad
363 1895 464 1930 solam
485 1894 582 1928 Pallii
603 1894 817 1929 donationem
839 1895 857 1927 a
880 1895 1042 1928 Pontifice
1064 1906 1101 1938 pe

233 1946 349 1991 pendit
370 1972 376 1978 .
401 1946 485 1992 Qae
507 1945 621 1979 omnia
644 1957 712 1978 non
725 1946 859 1979 fuerunt
884 1945 918 1977 in
930 1944 1088 1990 AEgypto

233 1998 357 2031 Nullus
379 1997 450 2029 istic
472 1994 688 2038 Metropolita
711 1995 783 2027 suos
805 1995 1015 2029 consecrabat
1036 1995 1099 2038 Epi

234 2048 353 2089 scopos
377 2043 622 2083 Provinciales‚
651 2043 760 2078 nullus
772 2044 813 2078 ab
825 2045 897 2087 ipfis
909 2044 1103 2078 consecraba

234 2106 288 2130 tur
305 2120 315 2135 ‚
343 2094 452 2128 nullus
474 2095 579 2128 facere
601 2103 726 2137 poterat
747 2093 988 2128 Provincialem
1010 2094 1102 2137 Syno

234 2146 315 2180 dum
327 2159 338 2178 .·
364 2144 556 2188 spectabant
566 2145 680 2179 cun-sta
699 2143 739 2178 ad
753 2143 857 2178 solum
869 2143 1092 2178 Patriarcham

234 2195 375 2229 Nullam
390 2195 534 2239 AEgypti
547 2194 718 2238 Synodum
731 2193 840 2230 recolo
851 2218 861 2235 ,
888 2194 945 2227 nili
958 2195 1073 2228 fac'iam
1095 2194 1113 2227 ὲ

234 2244 448 2280 Patriarchis.
477 2245 520 2278 Et
531 2243 608 2279 hinc
621 2245 685 2279 illis
707 2246 799 2279 fuiffe
809 2251 841 2278 in
860 2247 998 2279 creandis
1022 2246 1100 2278 &di

230 2296 408 2338 Judicandis
420 2293 577 2338 Epiftopit
594 2294 744 2339 summam
766 2296 970 2331 auc‘loritatem
983 2321 993 2336 ‚
1020 2297 1101 2339 scrip

233 2346 380 2379 sitetiam
402 2346 437 2378 in
449 2345 571 2379 crudeli
594 2346 744 2380 adversus
756 2348 983 2380 Frumentium
1000 2346 1100 2380 Auxu

233 2406 326 2429 meos
339 2394 536 2438 Episcopum
550 2394 667 2428 Edicto
678 2421 687 2435 ,
715 2396 819 2430 relato
831 2398 865 2430 in
881 2397 1049 2442 Apologia
1061 2408 1114 2439 per

234 2446 388 2479 Sanctum
404 2443 622 2479 Athanasium
645 2471 655 2486 ,
683 2445 898 2480 Constantius
921 2446 1090 2491 Augustus

234 2496 280 2528 Et
292 2495 333 2527 de
345 2494 439 2527 rebus
451 2494 520 2536 post
533 2496 719 2536 praesentem
731 2494 902 2537 Synodum
918 2498 994 2530 actis
1017 2506 1114 2539 atque

236 2543 372 2589 agendis
394 2543 434 2576 ad
457 2543 607 2577 Leonem
630 2544 817 2588 Augustum
841 2546 1030 2589 scripserunt
1050 2547 1115 2589 spo-

235 2594 333 2627 ciales
347 2594 466 2626 litteras
477 2604 518 2626 ex
530 2592 603 2627 aliis
613 2593 804 2628 dioecesibus
812 2606 926 2629 omnes
939 2597 971 2629 &
982 2596 1116 2640 fingulae

234 2643 420 2677 Provinciae
447 2666 458 2682 ‚
494 2654 536 2676 ex
560 2643 714 2686 AEgypto
736 2655 844 2678 autem
871 2645 937 2678 sola
963 2645 1114 2688 synodus

237 2691 463 2727 Alexandrina
486 2691 715 2727 patriarchalis
735 2708 745 2727 .·
775 2695 878 2740 Quod
907 2706 1025 2738 nempe
1047 2694 1115 2729 illic

235 2742 322 2777 solus
333 2740 518 2776 patriarcha
539 2743 587 2785 jus
598 2743 725 2785 Synodi
738 2743 918 2779 obtineret.

287 2792 349 2825 Ista
372 2791 701 2826 Romanipontificis
722 2794 753 2827 in
769 2794 948 2838 Episcopos
972 2793 1115 2829 suburbi

236 2843 342 2876 carios
354 2842 496 2884 suprema
520 2843 657 2886 potestas
674 2854 740 2877 non
762 2845 824 2877 fuit
836 2845 1115 2878 extraordinaria:

237 2890 339 2938 Qod
352 2902 469 2925 omnes
480 2892 597 2926 Siciliae
609 2917 619 2932 ‚
640 2892 800 2927 Calabria:
813 2919 823 2932 ‚
838 2894 968 2938 Apuliae
979 2920 989 2935 ‚
1017 2895 1117 2929 Carn-

235 2943 360 2985 paniae,
390 2941 495 2975 Brutii
521 2967 531 2983 ,
558 2942 669 2976 Piceni
691 2968 701 2982 ,
730 2945 764 2977 ὅ(
787 2943 939 2978 Thusciae
961 2945 1114 2988 Episcopi

235 2993 338 3035 ipsum
354 2990 508 3025 haberent
522 2992 769 3036 Metropolitam
780 3019 790 3034 ‚
817 2996 988 3037 spectantes
997 2995 1037 3028 ad
1050 2995 1116 3037 ejus

237 3043 544 3082 consectationem,
571 3041 810 3077 provincialem
836 3045 1034 3088 Synodum‚
1060 3055 1103 3078 cae

236 3103 404 3135 totamque
427 3092 701 3133 metropoliticam
733 3094 922 3138 potestatem
945 3104 957 3127 .’
980 3095 1114 3128 Etenim

237 3141 457 3175 Provinciales
482 3141 661 3184 Episcopos
673 3142 754 3176 olim
775 3144 840 3177 fine
852 3145 969 3187 praevio
992 3145 1116 3179 Metro·

238 3190 346 3234 politae
362 3191 485 3234 judicio
508 3203 577 3224 non
601 3193 737 3234 potuisse
768 3192 809 3227 de
831 3194 895 3227 fide
916 3194 1054 3228 definire
1080 3195 1117 3228 li-

239 3251 317 3282 quet
339 3250 380 3274 ex
405 3241 578 3285 suffragio,
608 3242 695 3283 quod
707 3242 748 3276 de
769 3243 876 3277 Sansti
900 3244 1050 3278 Flaviani
1071 3244 1117 3286 ju-

240 3290 329 3334 dicio
339 3290 430 3324 dedit
453 3291 488 3324 in
500 3291 641 3333 praesenti
653 3291 788 3334 synodo
801 3293 1037 3328 Constantinus
1051 3295 1118 3327 De-

240 3340 406 3374 metriadis
428 3341 462 3373 in
485 3340 653 3374 Thessalia
679 3342 859 3385 Episcopus
886 3356 893 3375 z
935 3345 1116 3384 Metropolim

240 3391 361 3430 quidem
382 3402 463 3424 meus
477 3393 650 3434 nigritudine
675 3393 812 3425 detentus
833 3392 930 3424 adbuc
950 3399 982 3425 in
997 3394 1119 3426 Heleno-

234 3440 299 3485 pelt'
322 3439 360 3480 est
372 3464 382 3479 ‚
409 3451 457 3483 ego
467 3450 568 3476 tamen
586 3440 843 3484 secundumfidem
866 3451 1056 3476 trecentorum
1071 3443 1117 3476 de-

340 3488 444 3531 Qbrtst.
460 3494 538 3534 Lupi
549 3496 635 3535 Oper.
650 3495 769 3527 TomH.

1885 180 1980 227 265

1162 258 1221 282 cem
1242 251 1276 283 (⁶)
1291 250 1350 283 obio
1368 246 1479 291 sapio,
1505 249 1691 291 &consentio
1712 251 1759 284 his
1774 263 1839 294 quae
1859 254 1934 287 ledia
1948 254 2042 297 sunt.

1164 297 1345 333 Pariforme
1367 298 1553 343 suffragium
1577 301 1733 335 dederunt
1756 313 1871 336 omnes
1884 304 2040 348 Episcopi

1166 349 1280 383 veteris
1291 349 1403 393 Epiri,
1430 349 1517 391 quod
1545 360 1657 382 eorum
1670 352 1884 396 Metropolim
1908 352 2044 387 Atticus

1163 412 1181 432 a
1194 400 1331 443 Synodo
1343 410 1427 443 aeger
1438 399 1604 432 receffil'set
1618 425 1624 431 .
1653 400 1695 432 Et
1710 403 1764 434 suo
1776 414 1831 442 pro
1852 401 2042 445 Eutychete

1164 448 1248 493 apud
1262 449 1424 492 Ephesum
1448 449 1603 493 suffragio
1629 449 1755 483 addidit
1777 453 1962 494 Eutychius
1983 452 2046 486 ibi-r

1164 500 1239 533 dem
1250 499 1429 542 Episcopus
1441 500 1777 543 Adrianopolitanus:
1806 506 1892 534 Nam
1917 505 1951 536 (ἓν
1971 500 2049 544 [ηιμ

1164 550 1296 590 c‘liffimus
1312 553 1403 582 Pater
1416 561 1495 583 meus
1509 554 1623 582 Atticus
1628 548 1737 590 similia
1743 550 1886 592 professus
1912 552 1949 592 esi
1963 577 1970 584 .
1998 552 2044 585 Et

1167 600 1343 638 Baruchius
1367 601 1501 633 Zozusae
1522 601 1555 633 in
1574 599 1741 633 Palaestina
1771 600 1970 643 Episcopus:
1999 604 2048 634 Se-

1165 650 1291 688 cundum
1304 661 1409 682 veram
1424 648 1698 692 vocemsane‘iiffimi
1720 649 1826 681 Archi·
1838 649 1973 692 Episcopi
1980 655 2010 694 J
2014 663 2049 684 κη

1166 701 1282 732 venalis
1296 724 1302 730 .
1334 700 1375 733 Et
1387 701 1422 732 in
1435 701 1580 742 praesenti
1596 698 1731 743 synodo
1752 700 1956 733 Menecrates
1968 700 2047 742 Epi-

1167 751 1281 792 scopus
1293 748 1486 783 Cerasorum
1499 763 1510 782 .·
1539 754 1612 783 Haec
1624 751 1727 783 eadem
1734 748 1868 792 profiteor
1881 774 1890 789 ‚
1916 760 1984 790 quae
2011 751 2045 781 e>-

1168 800 1352 841 Metropolita
1375 810 1474 838 meus:-
1502 798 1577 844 Qa
1600 800 1758 842 potestate
1779 800 1856 843 quia
1876 800 1911 832 in
1932 809 2046 831 omnes

1166 850 1269 886 totius
1281 849 1492 894 AEgyptiacae
1503 849 1679 883 dioeceseos
1690 849 1913 883 Provinciales
1931 850 1963 882 δε
1973 847 2049 881 Me-

1167 900 1339 943 tropolitas
1350 899 1530 942 Episcopos
1549 899 1692 942 pollebat
1704 898 1890 933 Patriarcha
1904 898 2049 932 Alexan-

1167 950 1301 989 drinus,
1327 949 1409 983 reste
1430 947 1514 982 dixit
1538 950 1692 983 Ruffinus
1715 950 1744 982 ei
1767 949 1786 982 a
1805 951 1897 983 sexto
1909 949 2050 982 Nicaeno

1169 1000 1309 1033 Canone
1334 1000 1371 1032 in
1397 1000 1542 1044 regulam
1569 1000 1603 1033 &
1631 999 1794 1043 exemplar
1819 1000 1878 1043 figi
1902 998 2052 1033 Romani

1174 1049 1328 1093 Episcopi
1353 1046 1607 1084 Patria'rchicam
1617 1050 1808 1093 potestatem
1822 1074 1831 1088 ‚
1860 1060 1927 1083 non
1950 1060 2052 1092 quam

1169 1100 1203 1132 in
1225 1099 1354 1142 quosvis
1382 1101 1510 1134 suarum
1541 1100 1727 1144 dioeceseon
1754 1100 1935 1142 Episcopos
1959 1122 1970 1137 ‚
1995 1097 2052 1132 sed.

1170 1160 1269 1193 quam
1280 1149 1314 1182 in
1330 1148 1417 1183 solos
1429 1151 1502 1184 suos
1515 1149 1749 1183 suburbicarios
1776 1151 1830 1184 seu
1841 1149 2055 1191 comprovin-

1170 1198 1270 1232 ciales
1280 1198 1456 1232 exercebat.
1485 1200 1598 1247 Qare
1610 1198 1827 1233 Alexandrini
1839 1199 1978 1243 potestas
1989 1197 2054 1232 fuit>

1170 1249 1323 1282 veraciter
1345 1248 1555 1292 ampliffima.
1594 1263 1597 1267 ¹

1222 1298 1418 1332 Notandum
1430 1324 1440 1340 ‚
1466 1297 1555 1342 quod
1568 1299 1806 1334 Constantinus
1819 1298 2057 1338 Demetriadis,

1171 1349 1220 1382 uti
1246 1348 1279 1381 ὅτ
1300 1347 1416 1381 veteris
1439 1348 1531 1392 Epiri
1561 1349 1738 1393 Episcopi,
1762 1349 2055 1392 Metropolitarum

1172 1399 1304 1432 suorum
1324 1397 1503 1432 absentiam
1530 1397 1727 1443 allegantes,
1751 1399 1813 1432 sint
1835 1397 2055 1431 nihilominus

1173 1449 1333 1492 suffragati
1348 1473 1356 1479 .
1382 1448 1485 1495 Qod
1499 1459 1615 1492 nempe
1625 1449 1658 1481 in
1672 1448 1811 1493 generali
1827 1474 1837 1488 ‚
1848 1449 1901 1481 cui
1913 1449 1948 1481 in
1963 1447 2056 1490 Apo-

1173 1497 1297 1531 stolicis
1310 1498 1446 1541 Legatis
1472 1499 1506 1531 &
1523 1500 1657 1532 Sanstus
1671 1498 1784 1532 Petrus
1796 1497 1975 1541 Apostolus
1986 1519 1996 1535 ‚
2021 1497 2057 1531 δε

1174 1549 1238 1591 ipse
1251 1549 1374 1581 sanetus
1387 1547 1458 1590 Jesu
1471 1546 1593 1581 Christi
1606 1549 1744 1591 Spiritus
1754 1548 1896 1591 praesidet
1910 1573 1920 1587 ,
1949 1548 2061 1589 Syno-

1172 1598 1216 1632 do
1228 1597 1372 1632 dormiat
1393 1598 1502 1632 omnis
1513 1596 1774 1631 patriarcharum
1801 1609 1838 1631 ac
1859 1596 2057 1639 Metropoli-

1174 1658 1280 1681 tarum
1291 1646 1450 1690 potesta5‚
1476 1649 1645 1690 praesertim
1666 1647 1869 1687 absentium,
1895 1657 1950 1680 aut
1963 1658 2059 1680 voca-

1173 1707 1282 1731 torum
1294 1698 1325 1730 in
1340 1708 1463 1731 reatum
1478 1722 1484 1728 .
1514 1698 1557 1731 Et
1569 1696 1647 1730 hinc
1659 1697 1726 1730 istis
1740 1695 1897 1731 tredecim
1910 1696 2061 1741 AEgypti

1175 1748 1365 1791 Episcopis,
1391 1748 1598 1791 pertinaciter
1617 1748 1651 1781 in
1674 1749 1728 1781 sua
1750 1747 1946 1790 exceptione
1966 1746 2061 1789 perli⁴

1177 1797 1349 1837 fientibus,
1376 1797 1502 1831 erudite
1515 1798 1682 1840 respondit
1697 1797 1838 1832 Aeacius
1861 1794 2058 1830 Ariarathiao

1176 1849 1208 1880 in
1231 1847 1370 1881 secunda
1392 1847 1550 1882 Armenia
1575 1847 1752 1890 Episcopus
1771 1860 1778 1879 ι
1805 1851 2000 1890 Incongruum
2025 1845 2063 1885 est

1174 1896 1374 1940 universalem
1398 1899 1539 1933 synodum
1556 1903 1788 1938 praetermittere
1812 1922 1823 1936 ‚
1853 1898 1887 1929 Θ
1911 1901 1944 1928 in
1964 1907 2060 1928 unam

1170 1945 1333 1990 personam
1348 1947 1500 1980 attendere
1510 1969 1520 1985 ,
1532 1958 1599 1988 quae
1609 1945 1779 1989 ficsceptura
1792 1945 1830 1985 est
1841 1944 2061 1988 Episcopatum

1176 1997 1385 2030 Alexandriae.
1414 2000 1542 2029 Intentio
1551 2003 1630 2029 enim
1643 1996 1689 2028 his
1719 1996 1777 2036 est,
1796 1995 1868 2036 ficut
1893 2001 1924 2027 in
1938 1993 2062 2037 Ephesio

1172 2046 1430 2088 perturbaverunt
1450 2053 1548 2078 omnia
1567 2071 1576 2085 ,
1604 2048 1639 2079 ζ’)
1653 2045 1811 2088 scandalis
1837 2047 2058 2087 compleverunt

1175 2093 1347 2138 universum
1359 2097 1502 2127 mundum
1513 2120 1523 2135 ‚
1551 2097 1584 2128 ζ’»
1598 2106 1672 2127 nunc
1683 2093 1912 2137 isiamsanc‘iam
1939 2096 1972 2127 Ca·
1994 2106 2057 2126 ma-

1169 2157 1263 2189 gnam
1273 2145 1415 2184 Synodum
1422 2144 1601 2186 perturbare
1614 2170 1620 2176 .
1650 2148 1781 2178 Petimus
1793 2154 1827 2178 ut
1840 2156 1898 2178 nim
1909 2150 1950 2178 eis
1961 2155 2059 2179 conce-v,

1175 2198 1266 2229 datur
1278 2218 1288 2233 ‚
1307 2193 1363 2237 sed
1373 2203 1424 2227 aut
1434 2193 1619 2238 consentiant
1631 2194 1774 2236 Epistola
1784 2219 1793 2233 ,
1820 2203 1873 2227 aut
1885 2196 2057 2238 regularem

1159 2267 1161 2270 -
1174 2248 1393 2279 damnationem
1400 2243 1569 2288 suscipiant
1582 2269 1592 2285 ,
1619 2247 1653 2278 ζῇ·
1663 2243 1831 2289 cognoscant
1856 2251 1926 2286 quia
1940 2256 2055 2278 excom-

1174 2293 1411 2338 municatisunt.
1442 2294 1544 2329 Aliud
1557 2295 1642 2338 aeque
1653 2295 1816 2329 eruditum
1842 2295 1875 2327 in
1899 2295 1984 2338 ipsos
2010 2305 2059 2326 ar-

1174 2356 1369 2393 gumentum
1393 2345 1527 2391 protulit
1542 2344 1680 2379 Photius
1702 2345 1921 2388 Metropolita
1931 2343 2059 2387 Tyrio—

1175 2410 1263 2432 rum:
1291 2398 1442 2441 ‚Quomodo
1453 2405 1596 2430 conantur
1606 2397 1821 2428 ordinationem
1841 2394 1967 2436 facere,
1996 2405 2058 2426 non-

1175 2450 1277 2482 eadem
1286 2446 1433 2490 sapientes
1454 2446 1518 2479 huic
1533 2445 1650 2489 sanc‘lae
1676 2447 1710 2479 Θ
1732 2443 1898 2488 universali
1922 2445 2029 2482 synodo
2042 2444 2060 2475 ,ὅ

1178 2498 1311 2532 Etenim
1323 2495 1489 2530 haereticus
1516 2506 1571 2530 aut
1595 2496 1636 2529 de
1648 2494 1750 2529 haereli
1772 2496 1928 2538 suspestus
1953 2505 2061 2537 neque

1177 2548 1294 2592 eligere
1314 2546 1417 2590 potest
1442 2545 1662 2580 Patriarcham
1684 2571 1693 2585 ,
1722 2556 1824 2587 neque
1851 2545 2040 2578 consecrare
2054 2568 2062 2576 .

1177 2598 1319 2631 Nullum
1331 2597 1376 2630 eis
1387 2597 1450 2630 esse
1463 2597 1496 2629 in
1509 2597 1624 2639 quovis
1646 2594 1867 2628 Ecclesiastico
1890 2602 2062 2628 conventu

1178 2647 1364 2691 suffragium
1380 2670 1389 2685 ‚
1403 2646 1482 2680 reste
1494 2647 1533 2679 ad
1549 2645 1726 2679 Eusebium
1740 2643 1929 2677 Constantii
1944 2641 2061 2687 Augus

1176 2698 1216 2731 sti
1229 2695 1429 2730 Eunuchum
1439 2695 1688 2729 dixit-Liberius
1708 2694 1863 2727 Pontifex
1874 2716 1884 2731 ,
1910 2694 1927 2727 ὲ
1941 2693 2064 2733 Sansto

1177 2746 1358 2780 Athanasio
1371 2746 1403 2778 in
1417 2745 1562 2788 Epistola
1573 2745 1613 2779 ad
1624 2743 1806 2778 monachos
1821 2743 1968 2777 laudatus
1984 2769 1991 2775 .
2019 2744 2066 2778 Et

1176 2796 1254 2830 hinc
1266 2795 1392 2829 P-hotio
1405 2795 1558 2839 Episcopi
1580 2807 1635 2828 om
1642 2807 1696 2828 nes
1709 2793 1949 2828 acclamarunt.
1982 2801 2013 2830 Η
2024 2804 2067 2827 aec

1175 2858 1273 2880 omnes
1288 2846 1437 2885 dicimus,
1463 2857 1561 2881 omnes
1568 2845 1599 2886 s
1584 2857 1608 2878 c
1615 2844 1769 2895 sapimus

1225 2896 1318 2929 Hinc
1328 2895 1469 2930 convisti
1485 2895 1643 2939 AEgyptii
1658 2887 1835 2938 produxere
1857 2893 1951 2929 aliud
1974 2905 2068 2938 argu

1175 2957 1341 2980 mentum:
1361 2950 1445 2990 Jaem
1455 2954 1509 2986 per
1520 2952 1680 2987 petitiones
1695 2944 1804 2984 nostras
1823 2944 1916 2986 fidem
1941 2943 2068 2984 manife-

1169 2997 1250 3036 stam
1256 2996 1384 3037 fecimus
1397 3020 1407 3036 ‚
1432 2997 1466 3030 (J
1477 3007 1536 3028 non
1548 3003 1638 3028 extra
1647 2994 1819 3028 catholicam
1843 2993 1933 3035 fidem
1945 2995 2065 3027 creden-

1176 3057 1218 3080 tes
1229 3051 1427 3088 apparuimus
1440 3070 1447 3076 .
1474 3048 1558 3087 ,Quia
1571 3047 1639 3078 vero
1652 3042 1791 3088 Episcopi
1802 3044 1907 3085 nostra
1933 3049 2063 3086 regionis

1175 3102 1264 3128 nimis
1276 3093 1440 3137 multisunt
1450 3118 1460 3133 ,
1488 3105 1541 3126 nos
1547 3100 1638 3134 pauci
1651 3119 1661 3133 ‚
1689 3094 1895 3137 nonpofficmus
1902 3099 1992 3135 pauci
2009 3104 2062 3124 nu-

1176 3157 1252 3178 mero
1262 3143 1404 3187 personas
1417 3145 1535 3176 illorum
1541 3142 1688 3186 suscipere
1701 3170 1707 3176 .
1736 3147 1869 3177 Petimus
1907 3151 2005 3176 autem
2016 3153 2067 3175 ve-

1171 3196 1264 3236 stram
1277 3194 1517 3233 Sublimitatem‚
1544 3194 1578 3227 ἐν
1604 3193 1681 3228 banc
1691 3192 1832 3237 sancqam
1861 3196 1896 3227 (9⁴
1919 3203 2066 3234 magnam

1179 3248 1196 3278 5
1194 3245 1318 3284 ynodum
1329 3269 1339 3284 ,
1365 3251 1398 3276 ut
1407 3242 1605 3286 misereamini
1616 3244 1699 3277 nobts
1713 3269 1723 3285 ‚
1748 3244 1781 3277 Θ
1803 3241 1986 3284 exspec‘lctis
2014 3253 2066 3275 no·

1173 3295 1266 3335 strum
1291 3293 1379 3326 Archi
1390 3313 1401 3318 -
1414 3292 1593 3336 Episcopum
1618 3319 1628 3334 ‚
1655 3303 1689 3328 ut
1709 3292 1870 3336 secundum
1896 3297 2063 3333 antiquam

1179 3343 1415 3388 consuetudinem
1424 3342 1587 3386 sequamur
1599 3344 1681 3377 illius
1697 3342 1880 3385 sententiam
1892 3366 1899 3374 .
1927 3343 2013 3384 ,Quia
2033 3339 2064 3383 fi

1153 3436 1155 3439 ι
1180 3404 1268 3427 extra
1291 3395 1476 3426 voluntatem
1489 3392 1628 3434 Praefidis
1656 3392 1741 3432 nostri
1752 3393 1871 3433 aliquid
1883 3391 2034 3433 faciemus
2055 3412 2066 3436 ².

1180 3444 1245 3483 siem
1254 3442 1485 3486 praesumptores
1498 3466 1507 3482 ,
1532 3445 1565 3477 (ν’
1577 3453 1632 3476 non
1639 3440 1806 3484 servantes
1829 3439 1992 3486 secundum
2005 3448 2065 3479 Car

1611 3493 1639 3529 L
1667 3493 1677 3526 l
1928 3501 2016 3527 nones
