2340 3736
92 1834 199 1873 0310*

539 152 613 199 ΒΕ
646 158 827 193 vocmus
861 143 1144 203 Summum,
1178 140 1412 198 Esse-urm,
1449 141 1676 207 ΡεκεοΝΛ,
1702 145 1786 192 ὅτε.

1937 159 2028 207 3-33

354 303 1948 451 ‘CAPUTSEXTqu

461 551 612 647 An
665 580 870 641 voces
926 547 1316 659 Hjlpostczsts
1373 529 1468 637 &b
1511 554 1570 634 S
1569 548 1902 652 abstantia

430 702 433 704 ¹
674 695 819 809 ſjnt
891 700 1058 811 ejus
1039 706 1185 818 clem
1248 687 1373 813 per
1465 707 1686 788 omnia

900 853 1425 978 fignificationis
1440 921 1472 946 ,,

458 1119 547 1160 Uod
568 1121 654 1167 apud
676 1120 817 1157 vetustos
837 1122 1028 1158 Graecorum
1045 1119 1156 1155 Patres

484 1185 551 1208 vox
560 1198 569 1214 ,
585 1171 754 1216 Hypostafis,
766 1171 964 1216 quandoque
976 1182 1033 1215 pro
1046 1171 1155 1205 Essen-

281 1121 536 1318 Qia
561 1247 572 1264 ,
598 1223 794 1268 quandoque
820 1231 950 1265 accepta
977 1220 1074 1255 fuerit
1098 1231 1155 1264 pro

524 1273 664 1308 Persona
677 1298 688 1314 ‚
713 1273 758 1306 est
781 1273 872 1315 supra
884 1271 1156 1306 demonstratum.

527 1324 604 1367 Ego
616 1323 715 1364 ipsam
727 1321 780 1354 hic
791 1321 918 1363 accipio
937 1332 995 1363 pro
1009 1319 1160 1357 Persona,

275 1372 311 1406 &
326 1382 431 1415 quaero
442 1383 483 1405 an
497 1371 541 1406 ita
553 1381 687 1415 accepta
700 1370 737 1403 fit
758 1370 942 1413 Synonima
963 1380 1039 1402 cum
1051 1368 1156 1402 nostra

274 1423 397 1457 Latina
421 1431 526 1462 voce,
552 1420 751 1462 substantia;
777 1419 812 1453 δε
838 1419 966 1454 videtur
997 1419 1072 1452 effe.
1104 1418 1156 1452 Et·

274 1472 367 1506 enim
379 1471 619 1513 antiquiffimus
631 1469 829 1514 Apostolicae
856 1469 897 1502 ad
909 1467 1063 1502 Hebraeos
1084 1468 1158 1511 Epi-

271 1521 364 1557 stolae
374 1522 513 1556 Latinus
529 1522 684 1563 interpres
698 1518 793 1553 habet
804 1518 845 1552 de
860 1518 937 1552 Deo
950 1516 1066 1552 verbo:
1091 1521 1158 1562 ,ραὶ

272 1583 339 1605 cum
342 1570 382 1613 fit
390 1572 488 1615 figura
494 1570 669 1614 substanttae
680 1570 742 1609 ejus
756 1593 767 1609 ,
794 1568 828 1601 in
861 1568 975 1602 Graeco
998 1576 1090 1602 textu
1112 1568 1156 1601 est

274 1631 362 1662 vox,
392 1620 551 1662 Hypostafis
562 1643 573 1659 ‚
599 1620 633 1654 &
647 1621 787 1654 omnino
799 1617 955 1662 accipitur
978 1629 1036 1661 pro
1050 1618 1159 1651 Perso-

275 1682 337 1704 na.
365 1670 499 1704 Etenim
515 1672 605 1704 Deus
617 1669 750 1703 verbum
765 1693 776 1709 ‚
801 1678 1003 1711 nequaquam
1027 1668 1158 1701 Divinae

275 1720 448 1763 Effentiae,
476 1720 529 1754 sed
543 1720 642 1754 solius
655 1719 800 1753 Paternae
823 1718 972 1752 Personae
993 1716 1038 1751 est
1052 1716 1159 1753 chara-

273 1770 363 1809 ster,
390 1772 494 1814 figura
510 1794 520 1810 ,
546 1771 599 1803 seu
612 1771 741 1814 imago.
772 1767 826 1801 Est
842 1768 939 1801 solius
964 1766 1069 1801 Patris
1093 1779 1159 1801 ver-

276 1818 355 1852 bum
366 1843 374 1851 .
402 1820 445 1852 Et
460 1819 555 1852 latini
567 1818 723 1853 sermonis
737 1816 941 1861 peritiffimus
953 1818 1087 1851 Sanstus
1099 1817 1160 1851 Hi·

271 1868 375 1902 iarius
387 1869 422 1901 in
434 1876 550 1911 quarto
561 1867 602 1902 de
615 1867 797 1901 Santiffima
810 1867 978 1900 Trinitate
997 1866 1079 1900 libro
1092 1868 1161 1901 scri-

275 1918 326 1953 bit
358 1930 367 1949 2
393 1920 465 1951 Tres
482 1916 660 1960 substantiae
675 1915 747 1960 sunt
768 1919 861 1950 Pater
887 1940 898 1955 ‚
925 1917 959 1949 (5*
981 1917 1101 1957 Filius,
1127 1919 1162 1951 &

275 1970 408 2010 spiritus
431 1967 554 1999 saneim
570 1991 581 2006 ,
609 1966 849 2007 Antiochenae‚
874 1964 912 1999 in
936 1966 1075 1999 Bafilicae
1098 1967 1160 2000 En·

274 2018 388 2051 caeniis
398 2015 577 2057 celebratae‚
596 2017 721 2059 Synodi
735 2015 928 2059 Symbolum
942 2016 1163 2059 interpretatur

276 2065 344 2099 hoc
370 2066 493 2101 modo.
521 2064 624 2106 Utfint
645 2067 765 2108 quidem
781 2073 837 2107 per
859 2064 1055 2107 substantiam
1082 2073 1163 2106 tria,

272 2125 332 2159 per
341 2114 532 2158 consonantia
544 2127 615 2148 vero
630 2127 721 2148 unum
736 2140 743 2147 .
773 2114 817 2148 Et
828 2125 1087 2149 commentatur:
1114 2118 1164 2148 1d-

278 2172 354 2200 circo
365 2175 427 2199 tres
431 2164 614 2208 substantias
638 2164 689 2208 esse
704 2166 845 2198 dixerunt
857 2190 868 2206 ,
890 2162 1068 2207 subfistentes
1096 2168 1164 2198 Per-

279 2214 370 2259 sonas
390 2224 444 2258 per
461 2214 640 2258 substantias
668 2216 816 2248 edocentes
844 2238 855 2253 ,

279 2268 390 2299 Patris
403 2289 414 2304 ,
441 2267 474 2298 <5
485 2266 560 2299 Filii
573 2266 607 2298 (9³
628 2266 755 2306 Spiritus
765 2264 866 2297 sanc‘h·
882 2288 892 2303 ,
919 2264 1095 2307 diverfitate
1106 2264 1164 2308 dis-

275 2315 382 2357 similis
394 2315 535 2358 Effemiae
540 2313 717 2357 separantes
727 2339 734 2346 .
761 2313 890 2348 Eodem
904 2312 1012 2348 hocin
1033 2325 1166 2349 contex-

1198 1118 1428 1193 Isubstantias,
1452 1123 1570 1155 Graecos
1591 1120 1708 1165 strutus
1728 1119 1796 1164 sum
1815 1142 1827 1161 ,
1853 1123 1904 1162 qui
1930 1118 2099 1162 confitentur

1220 1180 1280 1205 tres
1287 1169 1471 1214 substantias
1483 1172 1531 1214 effle
1540 1176 1571 1203 in
1581 1182 1645 1216 una
1665 1170 1794 1214 Persona
1806 1183 1830 1211 ‚·
1844 1171 1947 1204 eadem
1969 1168 2028 1211 fide
2041 1180 2100 1211 qua

1222 1233 1274 1253 nos
1285 1229 1346 1254 tres
1362 1219 1503 1263 Personas
1517 1228 1549 1253 in
1568 1233 1627 1254 una
1635 1214 1800 1261 substantia
1811 1245 1822 1260 ,
1848 1230 1917 1253 nam
1930 1219 1980 1252 hoc
2000 1224 2032 1252 in
2040 1220 2103 1252 Deo

1218 1268 1387 1314 significant
1391 1279 1446 1312 per
1454 1269 1648 1314 substantiam
1659 1294 1669 1309 ‚
1695 1272 1773 1312 quod
1784 1282 1836 1303 nos
1844 1278 1901 1312 per
1926 1267 2086 1312 Personam
2095 1291 2103 1298 .

1224 1320 1355 1353 Fatetur
1377 1321 1470 1353 istam
1497 1320 1632 1363 phrafim
1653 1321 1781 1355 Latinis
1804 1332 1871 1354 non
1897 1319 2044 1362 placere,
2069 1317 2104 1352 &

1225 1370 1341 1402 merito
1353 1394 1360 1401 .
1387 1370 1522 1403 Etenim
1531 1370 1642 1403 Latini
1658 1381 1771 1404 vocem
1785 1394 1796 1409 ‚
1820 1368 1983 1412 ficbstantia
1994 1391 2004 1408 ,
2027 1369 2107 1400 sem-

1227 1430 1279 1461 per
1293 1443 1304 1459 ,
1328 1416 1408 1452 dum
1430 1419 1555 1461 proprie
1578 1418 1679 1451 locuti
1704 1420 1778 1452 sunt
1796 1441 1806 1456 ‚
1832 1426 2026 1460 acceperunt
2047 1427 2107 1458 pro

1225 1468 1355 1502 essentia
1369 1493 1375 1499 .
1404 1469 1536 1502 Etenim
1550 1469 1686 1501 Latinus
1698 1493 1709 1508 ‚
1735 1467 1822 1502 certe
1843 1465 2081 1511 antiquiffimus
2095 1489 2107 1505 ,

1225 1517 1331 1552 Sanffl
1350 1516 1501 1551 Matthaei
1525 1517 1678 1559 interpres
1707 1525 1819 1552 νηπία,
1879 1537 1889 1553 s
1911 1534 1918 1548 l
1935 1525 1996 1554 ‘mu
2023 1526 2110 1549 tran-

1225 1567 1312 1601 stulit
1323 1593 1333 1608 ‚
1362 1578 1480 1610 panem
1493 1567 1584 1609 super
1596 1566 1837 1601 substantialem
1853 1593 1860 1600 .
1889 1567 1934 1600 Et
1947 1565 2109 1605 Latinus,

1225 1629 1323 1660 quern
1338 1617 1464 1651 constat
1475 1616 1538 1650 effe
1549 1617 1748 1662 originalem
1770 1617 1864 1651 Hofii
1890 1615 2108 1651 Cordubensis

1227 1668 1379 1710 Episcopi
1391 1668 1532 1701 Nicaenae
1546 1665 1620 1700 fidei
1632 1666 1763 1701 Textus
1775 1678 1831 1711 pro
1846 1678 1928 1700 voce
1942 1691 1952 1706 ‚
1980 1673 2107 1703 Homou-

1218 1717 1281 1759 fion
1313 1742 1323 1757 ,
1350 1716 1448 1751 haber
1475 1715 1781 1760 consubstantialem.
1810 1715 1984 1751 Habemus
2019 1715 2110 1759 plura

1226 1766 1411 1802 istiusmo'di
1424 1768 1559 1810 antiqua
1573 1767 1731 1810 Exempla
1746 1793 1752 1799 .

1261 1818 1367 1852 Santsti
1380 1816 1612 1862 Augustini‚ad
1625 1829 1694 1860 quae
1705 1818 1839 1851 Sanstus
1851 1815 2028 1851 Anselmus
2042 1826 2111 1860 pro-

1227 1877 1323 1902 vocat
1337 1892 1348 1908 ‚
1359 1867 1565 1901 Testimonia
1577 1867 1651 1901 sunt
1662 1867 1767 1909 primo
1782 1868 1857 1901 loco
1869 1866 2032 1902 audienda
2043 1892 2050 1899 .
2072 1866 2110 1899 In

1227 1918 1346 1960 quinto
1378 1917 1419 1951 de
1438 1916 1639 1951 Sanstiffima
1661 1917 1832 1951 Trinitate
1856 1915 1942 1950 libro
1962 1916 2113 1950 adfirmat

1228 1967 1415 2001 Dominum
1436 1967 1548 2000 Deum
1570 1967 1632 2000 effe
1654 1977 1754 2001 unam
1777 1966 1943 2000 essentiam
1966 1991 1976 2006 ‚
2002 1976 2114 2001 unam-

1227 2015 1601 2062 que*magnitudinem‚
1627 2017 1661 2049 &
1681 2017 1786 2060 pergit
1805 2030 1812 2049 :
1843 2017 2005 2059 Effemiam
2029 2018 2113 2056 dico,

1228 2078 1294 2108 quae
1303 2064 1469 2110 Ufiagraece*
1479 2067 1600 2106 dicitur,
1618 2077 1707 2107 quam
1717 2066 1847 2107 ufitatius
1853 2065 2049 2108 substantiam
2062 2078 2114 2100 vo-

1229 2127 1331 2150 camus
1343 2141 1350 2148 .
1379 2119 1491 2149 Dicunt
1511 2116 1636 2157 quidam
1655 2117 1688 2149 ζῆ·
1707 2116 1751 2148 illi
1774 2115 1942 2157 Hypostafim
1957 2140 1967 2155 ,
1988 2114 2046 2158 fid
2065 2127 2114 2149 ne-

1224 2165 1284 2209 scio
1295 2166 1371 2208 quid
1380 2167 1475 2199 velint
1494 2165 1623 2208 intereffe
1642 2170 1721 2199 inter
1731 2165 1824 2207 Ufiam
1838 2189 1848 2204 ‚
1876 2168 1909 2199 (ν
1921 2164 2088 2207 Hypostafim
2103 2190 2115 2206 ‚

890 2225 948 2247 non
967 2213 1164 2257 substantiam
1230 2222 1275 2249 ita
1284 2227 1317 2250 ut
1321 2217 1456 2258 plerique
1468 2215 1552 2254 nostri
1565 2239 1575 2255 ‚
1601 2221 1652 2257 qui
1668 2215 1832 2260 baecgraeco
1842 2216 1977 2250 trac‘lant
1989 2216 2111 2258 eloquio,

1230 2266 1324 2299 dicere
1342 2264 1543 2309 consueverint
1564 2277 1655 2298 unam
1677 2265 1770 2308 Ufiam
1788 2291 1798 2307 ,
1835 2273 1898 2299 tres
1923 2265 2088 2308 Hypostases
2100 2291 2112 2308 ,

1230 2317 1312 2358 quod
1328 2315 1368 2356 est
1390 2316 1506 2356 latine,
1532 2326 1624 2348 unam
1636 2317 1804 2359 Essentiam
1815 2340 1826 2356 ,
1839 2323 1901 2349 tres
1912 2314 2090 2358 substantIas
2103 2327 2112 2347 ε

282 2375 320 2400 ω
341 2376 458 2399 vocem
471 2388 482 2404 ,
507 2364 680 2398 substantia
693 2388 705 2405 ,
730 2375 789 2407 pro
802 2364 943 2397 Persona
965 2365 1104 2408 accipit,
1131 2365 1165 2398 &
1213 2383 1216 2412 g
1227 2365 1285 2408 sed
1301 2372 1370 2408 quia
1390 2365 1486 2406 nostra
1500 2366 1638 2407 loquendi
1647 2364 1817 2409 consuetudo
1822 2367 1894 2406 jam
1907 2365 2033 2398 obtinuit
2047 2390 2057 2404 ,
2083 2372 2116 2397 ut

282 2426 344 2458 pro
366 2414 511 2448 Effentia
522 2438 529 2446 .
556 2414 649 2460 Qin
660 2415 695 2448 ἃ
709 2413 939 2457 posterioribus
955 2415 1072 2448 saeculis
1088 2416 1166 2449 San·
1213 2413 1217 2460 l
1232 2414 1282 2449 hoc
1300 2415 1483 2459 intelligatur
1497 2440 1507 2455 ,
1532 2426 1596 2448 cum
1619 2417 1747 2448 dicimus
1770 2416 1934 2458 Effentiam
1947 2439 1957 2455 ‚
1982 2417 2061 2457 quod
2072 2421 2116 2448 in-

101 2476 139 2511 c·
156 2480 209 2515 7⁸⁴
280 2463 536 2498 stusAnselmus
550 2463 790 2497 Cantuarienfis
803 2464 983 2506 Episcopus
994 2465 1028 2497 in
1041 2464 1166 2498 Mono-
1214 2463 1374 2508 ltclligitur
1394 2476 1457 2498 cum
1485 2466 1611 2497 dicimus
1628 2463 1827 2508 substantiam
1851 2489 1861 2505 ‚
1888 2477 1945 2499 non
1971 2467 2114 2499 audemus

285 2513 379 2557 logio
400 2511 514 2555 probat
528 2511 614 2545 hanc
635 2512 913 2555 propositionem:
942 2513 998 2546 1lla
1009 2513 1166 2546 admirabi-

284 2566 323 2598 lis
335 2566 472 2595 Trinitas
493 2561 531 2601 est
542 2572 601 2594 una
613 2562 744 2604 Effemia
755 2561 807 2594 vel
831 2572 940 2595 natura
955 2586 966 2601 ,
992 2574 1052 2596 tres
1068 2562 1168 2606 Perso-

1233 2517 1327 2548 dicere
1339 2526 1431 2547 unam
1446 2515 1609 2557 Effentiam
1619 2539 1628 2554 ‚
1656 2524 1716 2548 tres
1725 2514 1911 2558 substantias
1924 2539 1934 2554 ‚
1956 2513 2015 2557 sed
2024 2527 2115 2548 unam

1234 2565 1397 2608 Effentiam
1421 2567 1472 2598 vel
1484 2563 1680 2607 substantiam
1704 2589 1714 2604 ,
1740 2573 1798 2597 tres
1822 2574 1922 2597 autem
1947 2556 2091 2607 Personas
2104 2589 2116 2605 ‚

287 2625 337 2646 nae
349 2612 414 2654 five
418 2610 590 2655 substantia·
602 2635 609 2643 .
636 2611 680 2644 Et
693 2612 747 2645 dat
759 2611 931 2651 rationem,
943 2613 1016 2654 quia
1028 2612 1166 2647 Persona
1214 2647 1218 2654 ‚
1232 2615 1478 2657 quemadmodum
1494 2614 1578 2646 multi
1589 2615 1677 2646 latini
1684 2612 1740 2653 ista
1760 2614 1924 2647 tradantes
1937 2637 1948 2654 ‚
1976 2617 2010 2648 (θ’
2031 2616 2117 2658 digni

287 2674 357 2696 non
379 2661 423 2696 est
437 2659 523 2694 aliud
535 2684 546 2699 ‚
571 2673 668 2704 quam
681 2660 847 2695 rationalis
856 2669 978 2696 naturae
1000 2663 1167 2697 individua

218 2748 221 2751 ,
287 2710 480 2746 substantia.
509 2711 657 2745 Eandem
680 2710 909 2745 definitionem
921 2712 1019 2745 etiam
1040 2713 1166 2758 antiqui

1234 2664 1411 2697 «adornate
1433 2665 1575 2697 dixerunt
1594 2687 1605 2704 ‚
1632 2665 1696 2697 eum
1717 2664 1808 2697 alium
1829 2666 1947 2697 modum
1969 2670 2117 2707 aptiorem

1233 2726 1291 2747 non
1313 2719 1484 2747 invenirent
1497 2737 1506 2751 ,
1534 2725 1589 2756 quo
1613 2719 1803 2748 enunctarent
1823 2715 1924 2747 verbis
1938 2738 1947 2753 ‚
1972 2714 2115 2757 quodſsne

2131 1902 2226 1934 08&
2239 1907 2267 1937 ⁹4

287 2762 448 2795 Dostores
459 2757 648 2795 scholastici
661 2760 847 2804 probarunt.
860 2759 1006 2807 Qidam
1019 2762 1168 2796 adversus
1233 2763 1332 2797 verbis
1352 2762 1574 2806 intelligebant.
1601 2764 1645 2798 Et
1668 2761 1701 2797 in
1725 2764 1858 2807 septimo
1877 2764 1961 2799 libro
1987 2765 2114 2798 scribit:
2134 2779 2196 2815 04·
2222 2782 2251 2815 5,-

286 2812 380 2845 istam
402 2811 656 2854 propositionem
680 2820 943 2844 murmurarunt:
973 2811 1065 2845 Hinc
1091 2813 1167 2846 San-

287 2862 355 2894 erus
370 2859 545 2895 Anselmus
570 2861 627 2894 fuo
637 2860 845 2905 Monologio
857 2861 989 2903 praefixit
1002 2861 1085 2896 hanc
1095 2873 1167 2905 prae-

1234 2814 1386 2856 Loquendi
1397 2811 1496 2855 Causa
1516 2814 1551 2846 de
1562 2813 1763 2855 ineffabilibus
1772 2840 1782 2855 ,
1811 2822 1843 2847 ut
1847 2814 1915 2856 fari
1926 2816 2023 2857 aliquo
2034 2815 2117 2848 modo

1230 2864 1371 2906 possemus
1383 2887 1393 2902 ‚
1419 2864 1500 2905 quod
1519 2862 1605 2904 effari
1629 2865 1706 2897 nullo
1723 2866 1806 2898 modo
1812 2866 1956 2908 possumus
1967 2890 1980 2905 ,
2004 2864 2115 2898 dmum

286 2911 466 2944 sationem:
493 2914 580 2943 Hanc
584 2908 764 2953 scripturam
784 2922 834 2953 ego
841 2909 922 2953 saepe
934 2910 1068 2944 trac‘lans
1090 2911 1170 2944 nihil
1212 2917 1216 2970 Ι
1231 2913 1271 2954 est
1292 2915 1311 2945 ἃ
1325 2912 1426 2952 nostris
1441 2916 1554 2946 Graecis
1568 2937 1579 2953 ,
1602 2925 1662 2948 una
1685 2916 1819 2957 Effentia
1831 2939 1841 2954 ,
1852 2925 1912 2948 tres
1920 2914 2117 2958 substantiae,

281 2966 365 3003 potui
378 2965 511 2993 invenire
522 2971 567 2993 me
585 2967 617 2992 in
637 2972 672 2993 ea
685 2960 786 3002 dixiffe
799 2985 808 2999 ‚
835 2962 914 3002 quod
924 2973 980 2994 non
1004 2960 1166 2994 catholico-

285 3022 352 3043 rum
374 3013 501 3042 Parrum
524 3033 534 3049 ,
559 3012 616 3041 ET
637 3012 809 3042 ΜΔΧΙΜΕ
835 3013 968 3042 ΒΕΛΊῚ
990 3014 1166 3044 AUGUJTI-

287 3063 359 3098 NI,
387 3061 839 3094 SCRIPTHCOHAEREAT:
867 3061 1077 3103 Quapropter,
1085 3060 1166 3104 ficus·

287 3109 440 3143 videbitur
453 3110 532 3151 quod
542 3116 574 3142 in
586 3111 683 3143 eodem
706 3107 833 3152 opusculo
843 3111 959 3152 aliquid
974 3113 1142 3152 protulerim
1156 3136 1166 3152 ,

287 3161 367 3202 quod
375 3168 428 3192 aut
440 3164 529 3191 nimis
543 3169 651 3192 novum
671 3159 709 3200 est
719 3184 728 3200 ,
755 3167 807 3192 aut
817 3160 836 3190 ᾶ
849 3166 980 3194 veritate
991 3162 1141 3205 diffentiat
1154 3185 1165 3202 ‚

287 3222 353 3253 rogo
375 3220 410 3241 ne
416 3208 520 3248 statim
539 3220 585 3242 me
596 3218 649 3242 aut
659 3219 691 3242 ut
699 3207 942 3252 praesumptorem
968 3216 1137 3244 novitatum
1153 3236 1162 3252 ‚

287 3256 488 3300 autfalfitatis
514 3256 695 3301 adsertorem
714 3259 854 3294 exclamet
867 3285 876 3299 ‚
898 3258 955 3301 sed
962 3265 1050 3300 prius
1073 3259 1162 3294 libros

290 3310 381 3341 Beati
405 3307 551 3351 Augustini
583 3310 619 3342 de
645 3302 793 3342 Trinitate
806 3310 959 3352 diligenter
979 3308 1140 3352 perspiciat
1153 3336 1162 3351 ‚

290 3359 403 3391 deinde
433 3356 591 3400 secundum
610 3371 657 3392 eos
690 3356 851 3401 opusculum
881 3369 977 3391 meum
1002 3360 1163 3398 diiudicet.

291 3408 383 3451 ,Quod
400 3413 477 3442 enim
496 3408 562 3441 dixi
581 3407 727 3453 summam
737 3410 915 3442 Trinitatem
931 3408 1008 3452 poffe
1018 3410 1078 3442 dici
1100 3419 1160 3444 tres

1211 2966 1251 3033 ia
1278 2964 1384 2996 latinis
1410 2972 1511 2997 autem
1533 2974 1595 2996 una
1616 2965 1750 3006 EffemIa
1772 2965 1826 2998 vel
1839 2963 2027 3008 substantia,
2054 2974 2116 2999 tres

1212 3035 1215 3059 l
1233 3011 1370 3056 Perfhnae
1383 3037 1391 3046 .
1418 3016 1503 3056 ‚Quia
1523 3025 1580 3046 non
1600 3016 1687 3048 aliter
1710 3021 1742 3046 in
1755 3013 1887 3056 sermone
1899 3015 1988 3055 nostro
2001 3039 2010 3055 ,
2035 3017 2071 3047 id
2078 3014 2117 3054 est

1213 3060 1326 3095 ³lat1'no
1353 3087 1363 3102 ‚
1400 3063 1535 3105 Effentia
1560 3075 1651 3105 quam
1690 3062 1853 3107 substantia
1873 3063 1948 3108 solet
1974 3066 2115 3108 intelligi.

1236 3112 1439 3155 Ampliffime
1450 3111 1515 3146 haec
1538 3112 1699 3152 illustrat,
1724 3126 1761 3148 ac
1779 3114 1977 3150 demonstrat
1999 3124 2118 3148 utram-

1234 3173 1297 3204 que
1320 3161 1495 3195 Ecclesiam
1517 3163 1580 3196 effe
1603 3164 1663 3197 suae
1689 3162 1834 3206 phrasis,
1861 3164 2114 3206 tenaciffimam;

1236 3211 1350 3254 nempe
1373 3211 1479 3245 Graeci
1504 3212 1624 3256 semper
1645 3213 1797 3248 dixerunt
1822 3225 1884 3247 tres
1896 3214 2117 3257 Hypostases:

1236 3262 1278 3296 Et
1302 3261 1379 3304 quia
1401 3262 1459 3296 ista
1484 3272 1549 3295 vox
1572 3262 1667 3297 nobis
1694 3264 1904 3298 substantiam
1930 3263 2090 3308 fignificat
2105 3288 2117 3303 ‚

1236 3311 1351 3345 volunt
1372 3310 1390 3343 ὰ
1414 3310 1509 3345 nobis
1531 3311 1596 3347 dici
1608 3323 1669 3347 tres
1684 3312 1892 3347 substantias.
1918 3312 1962 3348 Et
1978 3312 2116 3355 majores

1236 3361 1336 3395 nostri
1350 3361 1601 3396 constantiffime
1612 3363 1797 3397 recusarunt
1812 3388 1819 3395 .
2010 3398 2015 3405 Ἰ,

1286 3410 1340 3445 De
1362 3409 1422 3446 hac
1443 3411 1618 3455 quaestione
1630 3412 1762 3449 Sanetus
1777 3412 2003 3458 Hieronymus
2018 3411 2037 3445 ὲ
2059 3412 2118 3454 Sy·-

2011 3470 2065 3496 11ae
