2340 3736
603 117 917 169 Senotlls,
955 125 1017 155 ετ
1053 122 1225 156 Nous
1272 123 1657 157 ILLUSTRATI.
1961 126 2051 172 105

251 214 353 242 norum
376 202 525 247 officiorum
546 196 656 240 offensio
669 221 681 238 ‚
707 198 742 231 (τ
761 194 1025 238 Ecclefiasticarum
1036 188 1160 238 rerum]
1199 196 1320 236 ditari,
1344 199 1395 237 qui
1420 195 1601 228 ordinandus
1626 196 1666 238 est
1693 187 1827 239 iiz'cclesn‘ae¹
1849 199 2087 244 Constantinopo-

247 258 399 301 pmlmo,
1200 247 1303 280 litanae
1330 243 1493 288 Episcopus
1506 259 1519 276 .<
1544 245 1671 281 Eodem
1698 257 1812 282 tenore
1838 251 1955 294 scripsit
1980 251 2021 286 de
2033 264 2090 286 ex-

301 301 405 338 Addit
418 302 538 336 emon
548 299 675 334 noster:
703 298 852 331 Redditus
878 295 1010 338 Ecclefiae
1033 297 1140 330 vidua·
1203 297 1365 333 auctorato
1391 294 1556 329 Dioscoro
1583 294 1647 329 haec
1658 298 1928 342 nostrasynodus
1949 300 2089 336 adcffico-

248 362 293 389 2ae
308 361 399 396 penes
411 357 596 386 oeconomum
619 346 749 392 ejusdem
769 345 904 388 Ecclefiae
924 351 1029 390 integri
1050 345 1139 390 refer·
1205 356 1321 381 nomos
1360 344 1510 380 Ecclefiae
1545 344 1778 383 Alexandrinae
1795 375 1802 382 .
1837 351 1956 384 Statuit
1993 349 2090 394 poird

253 415 378 439 ventur.
405 402 462 436 Est
482 400 620 444 antiqua
633 396 781 432 Ecclefiae
792 397 856 436 lex,
868 406 909 431 ex
921 407 984 439 qua
996 397 1139 431 Nestorii
1205 397 1324 431 Canon
1358 395 1508 430 adversus
1541 396 1759 440 quorumdam
1775 416 1777 418 ·
1794 399 2087 444 Metropolitarum

253 453 467 497 dejestionem
479 449 639 493 Ephefina
651 446 802 492 Synodus
813 445 959 480 Ecclefiae
978 445 1139 480 Constan-
1205 447 1437 491 rapacitatem,
1463 457 1563 490 quam
1588 445 1722 489 quidam
1747 449 1854 490 postea
1891 450 2000 496 Reges
2026 453 2091 494 pess

253 502 480 547 tinopolitanae
490 498 679 535 ‹fficonomis
689 496 890 541 singulariter
902 495 1136 538 denunciavit,
1207 496 1284 531 sime
1308 495 1450 532 aemulati
1475 498 1571 537 sunt,
1597 496 1784 531 vacantium
1796 500 2008 535 Ecclefiarum
2021 512 2091 545 pro-

251 555 287 589 ἅ
311 553 481 598 adjunxit.-
507 550 612 584 5edula
633 548 759 590 proinde*
783 551 903 587 omnia,
928 557 995 587 quae
1020 547 1066 579 ad
1085 540 1160 578 Ele-²
1207 557 1324 583 ventus
1351 548 1436 582 inter
1461 546 1532 590 jura
1569 546 1748 591 Regularia
1778 559 2021 594 computantes,
2047 551 2093 587 de

250 602 361 646 cleſsam
381 608 559 646 pannem,
583 597 738 639 custodite,
766 604 813 641 ⁸ut
837 600 981 629 rationem
1007 596 1050 630 illi
1077 567 1161 632 red-l
1210 609 1277 642 quo
1301 597 1482 633 dicendum
1508 597 1555 633 est
1581 594 1678 632 alibi-

2106 276 2169 308 Ast.
2178 279 2209 315 3:

86 469 150 501 Λᾶ·
170 480 192 499 1.

83 512 109 539 12.
120 520 186 548 374.

650 870 1167 942 CANON
1281 864 1685 941 XXVI>

415 1002 606 1052 Uoniam
643 1002 690 1050 in
723 997 981 1068 quibusdam
1017 998 1217 1048 Ecclesiis
1254 1000 1333 1059 (ut
1367 1011 1541 1046 rumore
1574 998 1903 1064 comperimus)
1938 1013 2093 1066 praeter

255 1002 404 1146 Q
440 1077 718 1122 Oeconomos
755 1068 958 1138 Episcopi
997 1069 1226 1119 facultates
1274 1067 1591 1117 Ecclefiasticas
1641 1071 1854 1117 traetant:
1919 1070 2094 1122 Placuit

430 1160 605 1191 omnem
639 1142 876 1191 Ecclefiam
911 1139 1146 1189 habentem
1181 1137 1448 1208 Episcopum
1484 1136 1642 1186 habere
1688 1141 1998 1188 Oeconomum
2032 1139 2092 1188 de

253 1216 391 1265 Clero
435 1215 639 1281 proprio,
692 1214 769 1280 qui
818 1209 1030 1279 dispenset
1067 1228 1133 1259 res
1182 1208 1499 1258 Ecclesiasticas
1546 1204 1779 1256 secundum
1827 1207 2090 1259 sententiam

253 1281 458 1352 Episcopi
490 1285 680 1350 proprii,
716 1279 782 1330 ita
816 1296 865 1329 ut
913 1279 1130 1330 Ecclesiae.
1157 1278 1417 1347 dispensatio
1463 1292 1615 1345 praeter
1668 1277 1961 1327 testimonium
1999 1297 2090 1329 non

253 1354 335 1414 sit,
369 1357 413 1402 &
447 1370 497 1402 ex
532 1353 616 1401 hoc
651 1349 949 1420 dispergantur
983 1350 1286 1401 Ecclesiasticae
1324 1349 1582 1407 facultates,
1618 1351 1661 1396 &
1696 1347 1949 1399 Sacerdotio
1998 1367 2091 1397 ma-

252 1423 498 1474 iedifflonis
532 1423 800 1471 contumelia
834 1436 1112 1489 procuretur.
1166 1419 1302 1490 Qod
1336 1420 1367 1469 fi
1404 1419 1487 1468 hoc
1523 1417 1704 1469 minime
1741 1418 1892 1470 fecerit
1906 1456 1920 1480 ‚
1957 1421 2090 1469 Divi-

254 1496 323 1548 nis
356 1492 743 1544 constitutionibus
778 1490 1015 1559 subjacebit
1031 1529 1046 1542 .

483 1612 928 1703 sCHOLloN,

350 1800 465 1837 Dendi
475 1800 625 1837 Canonis
635 1803 763 1837 causam
775 1801 875 1839 habes
896 1814 938 1838 ex
961 1813 1038 1846 pace
1064 1803 1148 1838 Inter

363 1851 455 1889 Ibam
471 1852 667 1887 Edeffenum
694 1853 894 1898 Episcopum
915 1853 949 1886 &
971 1853 1038 1897 ejus
1060 1864 1148 1888 accu-

258 1904 378 1937 satores
399 1902 545 1937 clericos
570 1903 652 1936 faita
674 1903 710 1937 in
737 1904 876 1946 Synodo
904 1904 1071 1947 Berytensi
1096 1914 1151 1947 per

256 1952 423 2005 Photium‘
446 1951 620 1996 Tyrorum
653 1964 690 1987 ac
725 1954 913 1989 Eustatium
949 1953 1149 1998 Episcopum

255 2003 495 2046 Berytensem,
521 2001 588 2036 haec
614 2003 851 2038 interlocutos.
878 2007 923 2038 De
959 2003 1149 2044 Ecclefiastico

253 2053 400 2101 redditu,
427 2053 462 2085 6·
480 2062 518 2084 ex
540 2064 719 2095 quacumque
739 2053 826 2096 causa
847 2053 994 2096 acquisiti:
1011 2052 1109 2098 sanc‘li
1128 2069 1150 2087 t-

255 2113 317 2136 mae
338 2099 494 2147 Ecclesiae,
517 2104 631 2142 placuit
643 2102 850 2148 Religtffffimq
872 2103 1017 2147 Episcopo
1040 2103 1101 2137 Ibae
1112 2116 1149 2137 ex

252 2156 377 2193 propria
399 2151 552 2184 voluntate
567 2157 760 2194 promittere,
790 2155 871 2195 quod
886 2156 922 2186 de
940 2162 1044 2187 caetero
1051 2151 1150 2196 secun-

252 2201 329 2233 dum
341 2199 475 2242 formam
499 2201 687 2234 Antiochenae
720 2209 865 2236 maximae
886 2209 1025 2236 civitatis
1042 2203 1151 2245 guber·

253 2258 398 2284 narentur
411 2260 458 2283 res
465 2258 520 2292 per
531 2253 701 2284 Oeconomos
716 2262 754 2284 ex
766 2253 852 2285 clero
863 2254 1014 2286 ordinatos
1036 2253 1075 2286 ab
1085 2255 1152 2295 ejus

257 2299 468 2343 Religiofitate.
496 2299 568 2334 lbas
580 2300 691 2340 enirn,
717 2312 778 2336 nec
791 2313 859 2336 non
871 2302 939 2346 ejus
960 2314 1062 2346 nepos
1083 2303 1149 2337 Da-

253 2350 324 2385 niel
338 2349 540 2385 Carrhorum
554 2350 736 2395 Episcopus
746 2352 980 2386 accusabantur
994 2351 1148 2386 Ecclesia-

251 2399 372 2434 {licam
384 2399 597 2435 substantiam
608 2411 664 2444 per
675 2401 864 2445 semetipsos
875 2403 939 2437 fine
954 2403 1147 2438 ‹Economis

251 2462 295 2485 nc
305 2449 460 2492 testibus,
487 2459 586 2494 atque
597 2449 869 2486 adeoinfideliter
891 2452 1146 2487 administrasse.

254 2500 368 2535 Etiam
395 2501 432 2534 in
457 2500 595 2543 Synodo
617 2499 657 2534 ad
691 2500 860 2551 Qercum
885 2504 1052 2537 accusatus
1084 2502 1146 2536 fuit

251 2551 387 2585 Sanetus
408 2551 548 2594 Joannes
568 2548 823 2594 Chrysostomus
837 2578 848 2593 ‚
882 2553 972 2595 quod
999 2552 1085 2587 varia
1106 2551 1147 2586 ad

255 2599 437 2634 Ecclesiam
451 2601 623 2643 spesiantia
635 2600 829 2637 vendidisset
841 2627 852 2643 ,
878 2604 913 2636 Θ·
926 2605 1005 2646 quod
1015 2602 1147 2645 Ecclefiae

254 2650 393 2682 redditus
405 2659 487 2683 nemo
504 2655 619 2683 noverit
640 2652 696 2692 quo
715 2651 846 2691 abeant,
872 2653 987 2696 utique
996 2653 1042 2687 ob
1062 2654 1149 2697 ipsos

257 2699 325 2732 fine
338 2699 527 2734 OEconomis
539 2700 799 2735 administratos.
826 2700 1028 2744 Hujusmodi
1046 2703 1147 2748 igitur

72 1998 154 2039 Cap.
165 2011 192 2038 9.

257 2748 421 2794 pericula,
446 2749 480 2783 &
491 2749 545 2785 seu
557 2761 636 2784 verae
652 2752 704 2785 seu
715 2751 800 2785 falsae
810 2752 1052 2787 criminationis
1068 2765 1144 2787 con·

255 2798 499 2835 tumeliamare
511 2800 735 2834 Ecclesiastica
757 2802 794 2835 δι
817 2801 1054 2846 Episcoporum
1079 2814 1147 2847 pet-

256 2848 346 2883 sonis
357 2858 466 2883 amota
484 2850 598 2884 volens
620 2851 728 2885 nostra
750 2852 905 2894 synodus
927 2851 1015 2886 hunc
1037 2852 1146 2887 Cano·

257 2909 336 2932 nem
357 2898 600 2943 promulgavit.
631 2899 762 2935 Eisdem
773 2901 864 2935 enim
887 2901 927 2936 de
950 2902 1051 2937 causis
1069 2914 1146 2937 con·

255 2949 353 2983 senfit
373 2947 550 2993 spontanee
570 2949 641 2983 ibas
666 2952 701 2984 in
724 2951 949 2993 OEconomOS‚
975 2951 1063 2987 haud
1086 2951 1145 2988 du-

253 2996 372 3042 bieque
393 2999 494 3032 etiam
525 2999 659 3034 Sanetus
685 3001 828 3045 Ioannes
857 3000 1114 3045 Chrysostomus
1132 3028 1144 3045 ‚

252 3056 311 3081 aut
335 3048 401 3091 ejus
423 3049 581 3083 succeffor
601 3048 754 3092 Atticus,
782 3051 831 3086 uti
843 3051 957 3097 colligi
980 3053 1075 3088 datur
1100 3064 1143 3089 ex

252 3098 344 3141 supra
356 3097 502 3132 addustis
522 3097 635 3134 litteris
647 3099 775 3143 Synodi
799 3100 966 3146 Ephesinae
986 3103 1027 3138 ad
1049 3104 1141 3138 (Eco-

251 3158 374 3182 nomos
398 3147 547 3183 Ecclesiae
583 3148 959 3196 Constantinopolitanae
974 3178 981 3187 .
1019 3153 1063 3188 Et
1101 3152 1140 3188 ad

251 3196 476 3233 Anthemium
502 3196 768 3242 subdiaconum,
793 3201 958 3247 Campani
988 3203 1144 3247 patrimo-

252 3247 302 3281 nii
324 3247 499 3283 Reetotem
519 3273 530 3289 ‚
570 3248 678 3283 scribit
698 3250 879 3296 Gregorius
904 3252 1076 3298 Magnus,
1105 3263 1142 3287 ut

252 3296 459 3332 Paschafium
490 3298 687 3342 Episcopum
709 3300 751 3334 ad
773 3300 981 3337 statuendum
1001 3301 1058 3336 fibi
1084 3302 1143 3338 Vi-

253 3348 494 3398 ce-meinum
516 3358 616 3393 cogat
629 3373 639 3387 ,
665 3359 722 3383 aut
733 3349 819 3383 certe
829 3351 907 3396 eligi
920 3353 1016 3386 faciat
1037 3351 1055 3385 a
1068 3352 1143 3387 Cle·

254 3408 309 3430 ro.
336 3398 441 3433 Hunc
453 3398 599 3433 nostrum
611 3399 785 3434 Canonem
799 3424 809 3441 ,
836 3401 926 3443 quod
940 3403 1110 3444 praesertim
1122 3401 1140 3435 a

84 3437 214 3478 c⁸1⁷·11·
255 3445 479 3491 Metropolitis
500 3449 737 3493 negligeretur,
766 3450 904 3488 innovat
924 3451 1059 3496 septima
1085 3452 1140 3497 Sy-

355 3496 460 3539 Cbrtst.
475 3501 552 3543 Lupi
562 3503 647 3543 Oper.
658 3502 777 3534 Tem-H.

86 3323 239 3363 1..9.Ep.6⁶

2062 1517 2092 1530 v

1188 1666 1196 1737 1
1208 1650 1315 1689 nodus
1326 1675 1337 1691 ‚
1363 1650 1512 1687 extendit
1522 1651 1622 1686 etiam
1635 1650 1676 1686 ad
1691 1649 1888 1685 monasteria
1901 1675 1913 1692 ,
1937 1651 1972 1685 &
1984 1649 2099 1686 addit.·

1209 1706 1239 1738 51
1258 1701 1448 1746 unusquisque
1469 1703 1712 1744 Metropolitanus
1732 1708 1765 1735 in
1786 1700 1841 1745 fita
1863 1701 1988 1743 Ecclesia
1997 1700 2097 1741 constt-

1207 1760 1296 1788 tuerit
1307 1757 1515 1794 Oeconomum,
1540 1752 1613 1785 bene*
1633 1759 1757 1795 utique;
1776 1751 1824 1794 fin
1841 1760 1958 1791 autem,
1986 1762 2025 1785 ex
2046 1762 2098 1784 au-

1208 1805 1342 1838 &oritate
1357 1809 1482 1846 propria
1505 1802 1790 1844 constantinopoleos
1815 1801 1961 1845 Epifi‘opo
1973 1802 2099 1835 licentia

1208 1854 1246 1896 est
1262 1855 1461 1897 praeponendi
1482 1857 1667 1887 Oeconomum
1690 1859 1723 1886 in
1743 1856 1810 1894 eJur
1833 1851 1982 1893 Ecclefia.
2010 1854 2099 1884 Simi-

1207 1906 1276 1939 liter
1309 1905 1343 1938 &
1368 1904 1605 1945 Metropolitanis
1618 1928 1629 1944 ,
1651 1903 1680 1944 si
1694 1902 1859 1946 Episcopi,
1885 1907 1936 1944 qui
1956 1900 2011 1944 fieb
2030 1900 2098 1942 ipsis

1204 1954 1299 1998 sunt,
1325 1952 1570 1997 nonsategerint.
1598 1954 1642 1987 Er
1662 1953 1803 1987 secunda
1815 1952 1968 1995 synodus
1981 1951 2099 1995 Hispa·
2114 1972 2184 2010 Cap,
2195 1985 2224 2010 9·

1209 2004 1320 2038 lenfis.
1349 2006 1381 2037 δι’
1411 2010 1477 2046 quis
1510 2001 1671 2046 Episcopus
1695 2002 1813 2045 posthac
1838 2001 1901 2044 fine
1940 2001 2099 2042 testimonio

1210 2060 1359 2088 oeconomi
1390 2065 1454 2087 rem
1487 2053 1714 2095 Ecclesr'asticam
1745 2054 1904 2087 crediderit
1926 2052 2098 2095 gubernan.

1210 2106 1282 2137 dam
1295 2128 1305 2144 ‚
1329 2113 1362 2137 ut
1381 2110 1560 2144 contemptor
1581 2108 1737 2136 canonum
1750 2126 1760 2142 ,
1786 2103 1900 2146 utique
1912 2100 2096 2136 Chalcedo-

1211 2154 1377 2193 nensium,
1415 2154 1449 2186 (9⁸
1473 2151 1638 2193 fraudator
1672 2150 1932 2194 Ecclefiasticarum
1953 2162 2051 2185 rerum
2076 2153 2098 2184 ἃ

1209 2202 1323 2243 Christo
1337 2201 1525 2244 judicabitur
1545 2214 1614 2236 reus
1626 2226 1637 2242 ,
1663 2204 1698 2237 6·
1720 2204 1849 2236 Concilio
1870 2201 2001 2236 manebit
2013 2201 2099 2234 obno-

1210 2259 1297 2286 xius.
1338 2252 1384 2286 Et
1406 2262 1518 2295 quarta
1538 2251 1726 2287 Toletana.
1763 2255 1826 2285 Eos
1842 2277 1853 2294 ‚
1876 2262 1948 2294 quos
1976 2256 2098 2284 Oecono³
2113 2278 2139 2309 C

1208 2314 1268 2336 mos
1295 2305 1394 2336 Graeci
1417 2302 1591 2343 appellant,
1616 2301 1670 2336 boc
1688 2302 1746 2342 est,
1784 2308 1835 2345 qui
1857 2308 1922 2335 vice
1943 2299 2099 2343 Episcopo·

1207 2364 1270 2386 rum
1291 2364 1341 2386 res
1362 2351 1572 2392 Ecclefiasticas
1594 2353 1729 2386 tradant
1742 2377 1753 2393 ‚
1775 2350 1960 2395 ficutsam‘la
1970 2353 2098 2390 Synodus·

1211 2401 1451 2443 Chalcedonensis
1473 2402 1600 2442 instituit
1609 2426 1620 2441 ,
1645 2414 1746 2436 omnes
1758 2401 1918 2445 Episcopos
1931 2402 1967 2435 de
1976 2407 2097 2443 proprio

1207 2453 1294 2486 Clero
1314 2453 1359 2485 ad
1376 2453 1517 2495 regendas
1539 2452 1683 2494 Ecclefias
1694 2451 1800 2486 babere
1812 2460 1941 2494 oportet:
1970 2454 2035 2495 ,Qui
2047 2453 2098 2485 de·

1212 2508 1311 2545 inceps
1332 2500 1557 2545 contempserit,
1583 2501 1721 2536 obnoxius
1742 2501 1872 2547 eiusdem
1895 2507 1995 2545 magni
2019 2505 2095 2533 Con-

1207 2556 1265 2586 cilii
1282 2558 1338 2586 erit
1350 2578 1357 2585 .

1258 2604 1449 2637 Occurrunt
1460 2601 1672 2645 quaestiones.
1696 2600 1806 2636 Prima
1830 2601 1897 2641 est,
1926 2599 1982 2635 An
2005 2599 2096 2644 Apo-

1207 2652 1338 2687 stolicus
1351 2664 1392 2687 an
1405 2653 1488 2686 alius
1499 2653 1571 2696 quis
1582 2652 1736 2696 antiquus
1755 2653 1876 2687 Canon
1898 2660 1997 2734 cogcaEt
2018 2651 2097 2695 Epi-

1209 2705 1334 2747 scopus,
1346 2703 1385 2736 ad
1398 2702 1653 2737 Ecclefiasticam
1665 2702 1875 2736 substantiam
1886 2712 1942 2744 per
1994 2711 2095 2734 cono-

1207 2764 1280 2787 mos
1296 2752 1606 2792 administrandam,
1632 2752 1776 2795 adeoque
1795 2753 1902 2786 noster
1923 2750 2042 2784 Canon
2055 2752 2095 2785 fit

1209 2814 1276 2837 uon
1300 2804 1422 2847 primus
1443 2802 1609 2836 institutor
1630 2799 1724 2844 hujus
1746 2802 1871 2842 officii,
1897 2799 1951 2835 sed
1977 2800 2096 2835 confit-

1207 2862 1333 2893 mator‚
1360 2852 1531 2886 dumtaxat
1552 2852 1688 2898 Regulae
1710 2852 1873 2894 antiquae?
1910 2849 1978 2885 Pro
2003 2860 2096 2893 parte

1206 2902 1396 2937 affirmativa
1407 2902 1487 2936 facit
1499 2902 1620 2937 Canon
1643 2903 1728 2937 inter
1759 2901 1906 2945 vulgares
1927 2898 2095 2944 Apostoli-

1205 2964 1263 2987 cos
1275 2950 1458 2998 quadragesi
1465 2964 1536 2987 mus
1549 2953 1671 2995 primus
1682 2977 1689 2984 .
1717 2954 1912 2993 Praecipimus
1924 2975 1935 2990 ,
1960 2959 1996 2984 ut
2015 2954 2095 2993 Epi-

1199 3005 1303 3046 scopus
1323 3009 1355 3036 in
1373 3002 1515 3044 potestate
1533 3000 1591 3045 sua
1605 2999 1736 3043 Ecclesiae
1747 3013 1796 3035 res
1811 3000 1920 3034 babeat
1935 3026 1942 3032 .
1969 3002 2000 3034 51·
2010 3008 2091 3034 enim

1205 3058 1314 3086 animae
1325 3052 1473 3086 hominum
1493 3051 1628 3095 pretiosa²
1650 3053 1695 3085 illi
1722 3050 1795 3095 sunt
1827 3052 1948 3085 creditae
1961 3075 1972 3091 ‚
1998 3050 2092 3083 multo

1203 3109 1300 3146 magis
1324 3113 1388 3136 eum
1409 3111 1518 3144 oportet
1552 3113 1654 3135 curam
1681 3107 1876 3143 pecuniarum
1891 3112 1994 3145 gerere
2006 3124 2016 3139 ,
2043 3101 2092 3131 ita

1204 3160 1236 3185 ut
1255 3154 1319 3194 ejus
1348 3151 1490 3194 potestate
1521 3151 1725 3194 indigentibus
1754 3156 1853 3185 omnia
1885 3147 2091 3193 dispensentur

1200 3210 1256 3244 per
1294 3201 1473 3240 Presbyteros
1495 3202 1529 3235 ὦ·
1562 3203 1704 3235 Diaconor
1718 3227 1725 3233 .
1763 3201 1856 3236 Licet
1882 3199 1990 3233 forsan
2017 3209 2090 3233 non

1205 3250 1439 3295 Apostochs,
1473 3252 1630 3295 antiquus
1654 3262 1767 3286 tamen
1787 3251 1832 3284 est
1859 3249 1917 3282 ille
1943 3248 2086 3283 Canon.

1207 3299 1378 3347 Quidquid
1391 3302 1454 3342 fit,
1480 3302 1601 3336 Canon
1627 3302 1781 3336 veraciter
1808 3298 2020 3343 Apostolicus
2045 3298 2090 3332 de

1205 3351 1278 3394 ipfis
1297 3350 1408 3386 statuit
1429 3349 1601 3394 Apostolis
1615 3374 1625 3391 ,
1650 3360 1830 3393 eorumque
1856 3348 2088 3383 successoribus

1206 3401 1387 3445 Episcopis.
1415 3406 1487 3435 Non
1508 3400 1545 3441 est
1567 3411 1683 3442 aequum
1717 3412 1770 3433 nos
1793 3400 1994 3442 derelinquere
2020 3410 2087 3432 ver·
2104 3421 2160 3455 Ast
2178 3433 2202 3459 7·

1204 3452 1273 3487 bum
1294 3453 1370 3496 Dei,
1397 3453 1432 3487 et
1451 3450 1615 3492 ministrare
1638 3448 1764 3493 menfis:
1792 3448 2013 3494 confideremus
2040 3459 2086 3482 er·
2160 3445 2167 3452 ‘

1717 3500 1753 3534 O
1995 3509 2034 3542 ge

2141 2285 2183 2317 :ip-
2194 2280 2241 2315 48,
