2340 3736
659 175 729 216 5012
779 179 1008 228 QUINTA
1045 167 1284 213 SYNODO
1331 164 1660 212 GENJERALI.

357 374 613 428 CAPUT
669 359 1003 424 sExTuM.

416 544 608 614 Prie-sentis
652 540 790 609 Syna&
822 539 950 603 Aila,

529 641 591 682 (θ’
601 632 827 681 ακὲῗονὶῑαε.

317 809 481 843 Romotus
490 804 531 838 ad
544 800 804 838 patriarchatum
816 800 1000 846 Eutychius
1019 802 1121 835 etiam

341 854 596 901 captivo(a)ad
617 853 768 887 Sanstam
789 852 975 887 Eufemiam
988 851 1122 885 Pontifi-

242 909 276 943 ci
297 917 374 941 mox
396 904 551 949 professus
577 904 621 938 est
643 914 776 938 omnem
796 903 1020 937 obedientiam
1049 925 1060 942 ‚
1086 902 1120 935 ὅ(

242 956 327 991 nihil
350 956 487 990 definire
508 954 549 990 de
561 954 665 989 tribus
686 953 870 997 Capitulis,
895 953 954 986 nisi
982 951 1120 995 synoda-

243 1006 318 1041 liter
345 1004 402 1049 sua
423 1007 618 1049 Beatitudine
638 1003 818 1046 praefidente
837 1029 844 1036 .
885 1003 980 1054 Qiin
1001 1003 1034 1036 &
1058 1002 1122 1045 ipse

243 1055 401 1099 Princeps
421 1054 541 1101 legavit
561 1066 636 1088 cum
657 1054 753 1088 variis
777 1054 969 1087 Proceribus
991 1053 1122 1086 Ducem

244 1105 437 1140 Belisarium
457 1129 471 1146 ‚
497 1116 534 1139 ac
557 1104 689 1139 Petrum
712 1102 981 1137 Referendarium
999 1126 1010 1143 ‚
1038 1103 1122 1136 datis

243 1154 356 1190 denuo
367 1155 582 1189 Sacramentis
594 1154 788 1188 Pontificem
800 1152 840 1187 ad
857 1154 996 1198 Regiam
1007 1152 1121 1186 urbem

243 1205 449 1247 reductum„
477 1203 589 1238 verum
600 1205 706 1238 nullas
727 1205 782 1239 ille
804 1202 932 1238 admisit
956 1200 1123 1236 condicio-

243 1265 324 1294 neS,
350 1254 407 1287 nisi
427 1254 613 1298 generalem
633 1255 666 1287 in
691 1253 784 1288 Italia
810 1265 866 1287 aut
888 1252 997 1286 Sicilia
1020 1252 1123 1294 Syno-

241 1302 344 1343 dum‚
371 1304 405 1336 in
428 1313 491 1347 qua
515 1303 688 1343 Africani,
715 1302 881 1345 illyricani
896 1325 907 1343 ,
931 1313 969 1336 ac
979 1301 1034 1335 alii
1061 1301 1123 1335 La-

241 1353 306 1387 tini
333 1353 484 1397 Episcopi
508 1376 518 1392 ,
546 1353 775 1397 Capitulorum
797 1352 1012 1387 damnatione
1034 1352 1122 1386 scan-

240 1403 398 1445 dalizati,
425 1403 545 1437 Graecis
565 1403 735 1447 Episcopis
751 1403 785 1436 in
810 1403 1026 1446 parinumero
1046 1400 1123 1435 adsi-

242 1451 372 1488 derent.
401 1453 446 1487 Et
466 1463 546 1487 tunc
565 1453 694 1489 videtur
712 1453 937 1488 afflifflffimus
962 1452 1120 1486 Pontifex

243 1501 286 1537 ad
297 1504 479 1537 universam
501 1503 678 1538 Ecclesiam
699 1504 848 1547 scripfiffe
869 1503 991 1536 litteras
1012 1503 1122 1545 Ency·

243 1552 342 1587 clicas
363 1552 476 1587 desuis
496 1552 755 1588 calamitatibus.
782 1551 938 1587 Tandem
948 1551 1025 1587 vero
1047 1562 1123 1586 con-

243 1612 381 1636 ventum
410 1603 456 1637 est
479 1603 514 1636 in
536 1602 694 1645 ejusmodi
725 1602 993 1648 generalissimam
1019 1603 1125 1645 Syno-

243 1651 347 1693 dum,
373 1652 419 1686 ast
431 1662 543 1688 coram
552 1653 704 1698 Principe
715 1653 750 1687 in
771 1653 876 1698 Regia
887 1653 1022 1688 civitate
1043 1652 1123 1686 cele-

240 1701 403 1736 brandam
417 1728 425 1735 .

296 1750 434 1786 Invitati
459 1751 569 1797 itaque
582 1754 655 1787 sunt
668 1753 779 1788 Latini
793 1753 945 1796 Episcopi
960 1777 970 1792 ,
995 1763 1027 1787 at
1040 1751 1122 1786 nulli

242 1811 407 1836 venerunt
425 1826 436 1841 ,
464 1802 521 1835 nisi
544 1803 672 1846 aliquot
694 1802 766 1837 Afri
780 1827 791 1842 ‚
812 1801 853 1837 de
872 1803 990 1846 quibus
1024 1802 1123 1836 ltaliae

241 1850 359 1885 clerus
373 1876 381 1884 .
408 1851 575 1893 Praefefflus
586 1851 697 1893 Afrtcae
708 1877 719 1894 ,
739 1851 768 1894 fi
775 1864 847 1896 quos
860 1858 980 1886 invenit
989 1858 1022 1885 in
1045 1852 1121 1893 Afri-

241 1911 279 1934 ca
290 1899 462 1944 Eptfivpes,
478 1901 532 1934 'aut
543 1900 648 1944 causas
656 1908 798 1945 proprias
810 1902 950 1936 habentes
963 1927 972 1943 ,
998 1911 1052 1934 aut
1055 1900 1122 1942 fim-

237 1952 331 1993 plices
345 1974 357 1992 ‚
381 1958 433 1984 aut
445 1956 564 1994 ignaros
574 1977 583 1992 ,
609 1961 663 1985 aut
673 1955 794 1986 venales
807 1955 841 1987 (9
858 1961 980 1994 paratos
994 1953 1122 1994 adprae-

244 2006 338 2033 mlum
351 2025 362 2040 ,
387 2001 497 2042 collegit
520 2003 554 2035 <5
574 2002 688 2035 direxit
699 2005 770 2036 inde
790 2014 1021 2045 unumquemque
1034 2027 1041 2034 .
1068 2006 1122 2034 Ex

242 2048 350 2091 quibus
370 2057 470 2083 tamen
482 2061 559 2084 unus
572 2060 645 2084 ante
664 2051 729 2091 istos
735 2051 850 2095 septem
863 2064 957 2086 annor
973 2061 1030 2094 pro
1040 2054 1121 2085 adul-

245 2096 402 2142 teriisficls
424 2109 494 2132 tunc
505 2101 542 2134 de
568 2106 692 2134 civitate
707 2105 801 2145 Regia
821 2114 886 2137 cum
898 2102 1049 2144 opprobrio
1066 2104 1122 2142 eje-

242 2147 309 2181 evus
319 2170 329 2187 ‚
354 2150 388 2182 ὀ·
400 2154 432 2182 ln
443 2161 552 2183 navem
566 2149 714 2193 impofitus
725 2153 771 2185 ad
781 2151 912 2193 africam
925 2151 963 2193 est
973 2151 1121 2185 duellas.

243 2200 322 2232 Ecce
337 2205 394 2240 per
405 2200 507 2240 quales
534 2199 664 2236 homines
678 2207 712 2234 in
733 2200 858 2245 fingulls
878 2200 1122 2244 Provinciitsan-

242 2247 301 2280 ‹¹7ae
329 2247 462 2288 Ecclefiae
490 2249 666 2292 diffenfiones
694 2252 729 2284 <at
746 2249 890 2294 seandala
922 2259 1115 2295 generantur.

243 2297 324 2332 Erat
346 2308 418 2332 tum
440 2297 732 2344 Constantinopoli
755 2302 866 2336 nescio
891 2302 964 2344 quis
984 2300 1122 2335 Anasta·-

243 2346 303 2380 sius
315 2370 325 2386 ,
353 2347 500 2382 Clericus
512 2349 662 2384 Ec‘clefiae
684 2350 878 2392 Arelatensis
889 2376 899 2392 ,
926 2356 976 2394 qui
985 2352 1049 2384 cum
1060 2357 1122 2384 exi-

243 2408 276 2430 re
295 2407 352 2430 non
372 2398 462 2441 posset
480 2423 490 2438 ‚
519 2397 589 2441 usus
613 2399 650 2441 est
673 2399 782 2442 consilio
801 2425 812 2442 ‚
838 2411 871 2435 ut
884 2406 1073 2443 promitteret
1089 2398 1121 2444 se

240 2451 373 2480 omnium
407 2446 613 2490 Episcoporum
638 2451 853 2484 Gallicanorum
880 2452 925 2484 ad
944 2451 1120 2483 damnanda

243 2498 393 2538 Capitula
413 2502 525 2529 animos
546 2500 688 2532 inclinare
708 2524 716 2531 .
752 2505 808 2532 Cui
828 2503 862 2535 (τ
878 2507 1009 2543 praemt'a
1029 2502 1121 2533 multa

244 2547 355 2579 dantes
367 2545 494 2586 dfflrible
519 2547 560 2579 iba·
572 2549 608 2580 de
618 2548 668 2581 boc
682 2551 829 2591 implendo
840 2554 1033 2584 Sacramenta
1042 2559 1120 2592 prae·

238 2594 320 2638 flare
337 2594 472 2636 fecerunt
483 2620 494 2635 ‚
519 2598 552 2630 (τ
564 2608 622 2630 non
639 2597 836 2642 permiserunt
847 2600 1036 2640 beatiffimum
1060 2603 1119 2633 Pa-

243 2652 320 2687 pam
328 2651 385 2685 per
404 2646 536 2679 eumdem
556 2646 735 2689 Anastafium
761 2674 771 2689 ‚
795 2650 871 2691 quid
888 2655 920 2682 in
946 2648 1012 2692 ipsa
1031 2648 1119 2693 causa

244 2703 404 2738 ageretur,
421 2694 575 2736 fratribus
581 2695 646 2738 suts
667 2697 823 2741 Episcopis
836 2701 998 2733 Gallicanis
1017 2697 1119 2742 scribe-

242 2755 279 2777 re
287 2766 298 2782 ‚
323 2742 501 2785 nist'tantum
512 2747 548 2779 de
557 2748 626 2779 aliis
637 2746 726 2789 caufis
739 2773 748 2789 ‚
775 2750 809 2782 (9
819 2755 890 2791 quia
896 2749 989 2791 fidem
1011 2748 1122 2782 Catho-

247 2793 336 2827 licam
361 2795 396 2827 cb·
416 2802 539 2836 quatuor
559 2797 730 2838 synodorum
762 2805 959 2832 reverentiam
982 2798 1118 2838 custodit.

244 2842 342 2890 Qin
355 2842 458 2878 imme>
470 2844 503 2879 in
515 2845 581 2888 ejus
593 2872 604 2887 ,
629 2859 689 2881 nec
699 2859 766 2883 non
780 2849 813 2883 ὅ(
826 2849 925 2883 Dacii
946 2849 1055 2882 locum
1067 2860 1119 2882 co-

245 2892 318 2929 nati
341 2893 416 2927 sunt
439 2893 521 2928 alios
543 2895 743 2941 Episcopos,
774 2906 824 2941 qui
852 2899 1034 2934 novitatibus
1057 2909 1120 2932 con-

344 2942 453 2982 Cbrist.
470 2947 548 2985 Lupi
559 2950 649 2988 oper.
665 2950 786 2981 romu.

1915 187 1931 216 1
1944 185 1973 232 7
1985 187 2001 216 1

1188 248 1341 292 sentiant,
1369 247 1519 281 ordinare
1533 271 1541 278 .
2022 274 2027 278 .

1175 312 1181 334 i
1238 297 1404 346 roirca
1417 298 1611 332 Latinorum
1624 300 1859 346 Episcoporurn
1883 304 2063 340 adventum

1175 336 1358 397 {desperans
1379 349 1578 392 justinianus
1603 348 1747 385 inchoari
1774 353 1856 395 juffit
1890 354 2062 397 synodum

1175 399 1314 443 §imperii
1337 399 1484 432 suianno
1507 397 1661 442 vigesimo
1680 401 1836 444 septimo,
1861 404 1992 439 decimo
2004 416 2062 438 ter-

1174 433 1237 500 ¹tio
1263 448 1334 492 post
1366 448 1583 483 Consulatum
1608 449 1714 483 Basilii
1738 474 1748 489 ,
1785 452 1904 498 Vigilii
1931 456 2063 489 decimo

1174 500 1304 556 iostavo
1316 523 1326 540 ‚
1352 497 1473 532 Christi
1488 500 1627 533 Domini
1637 499 1894 544 quingentesimo
1907 506 2066 548 quinqua·

1174 550 1306 592 ngesimo
1318 560 1431 592 quarto
1443 573 1455 589 ‚
1480 548 1534 583 die
1546 560 1661 593 quarto
1674 561 1776 584 nonas
1787 550 1879 585 Maii.
1905 555 2063 588 Pontifici

1185 597 1226 632 ad
1247 599 1605 634 SanctamEufemiam
1627 611 1680 644 per
1701 597 1918 636 Theodorum
1943 604 2064 638 Palatii

1186 648 1412 683 Decurionem
1425 650 1510 683 misit
1521 651 1614 684 suum
1625 651 1664 684 de
1676 650 1778 684 tribus
1802 651 1966 694 Capitulis
1985 653 2066 695 judi-

1186 698 1295 740 cium-3
1322 700 1354 732 &
1378 700 1547 744 sexaginta
1558 701 1712 735 articulos
1732 713 1773 735 ex
1796 700 1970 735 Theodori
1992 703 2067 736 Mo—

1187 747 1345 791 psuesteni
1364 747 1455 782 libris
1477 750 1651 784 defloratos
1673 763 1729 793 per
1752 751 1939 795 Benignum
1963 752 2068 785 Hera-

1185 798 1262 832 cleae
1281 798 1316 832 in
1339 796 1565 844 Paphlagonia
1581 801 1859 844 (b)Episcopum
1886 826 1897 842 ,
1920 800 2065 836 authori·

1185 858 1250 882 tate
1261 848 1453 892 Apostolica
1473 849 1653 893 qualificari
1673 852 1904 894 expostulans;
1933 852 1998 895 ipsa
2009 863 2064 885 au÷

1186 909 1252 932 tem
1262 898 1415 942 synodus
1426 899 1550 944 legavit
1563 900 1681 945 viginti
1695 900 1873 945 Episcopos
1885 901 2044 936 Primates
2053 927 2064 943 ,

1185 960 1268 992 quos
1288 950 1374 982 inter
1397 960 1488 984 erant
1510 950 1695 993 Eutychius
1722 951 2068 995 Constantinopolita-

1187 1009 1266 1038 ηας,
1292 999 1519 1041 Apollinarius
1537 999 1800 1042 Alexandrinus,
1827 1002 2067 1036 &Domninus

1186 1048 1370 1083 Patriarcha
1391 1048 1622 1084 Antiochenus
1649 1076 1660 1092 ,
1687 1052 1900 1096 supplicantes
1922 1076 1933 1092 ‚
1960 1061 2071 1096 quate·

1187 1097 1245 1130 ntis
1256 1098 1311 1131 sua
1323 1099 1497 1133 Beatitudo
1508 1099 1698 1145 dignaretur
1708 1101 1766 1136 fibi
1780 1103 1814 1135 in
1826 1101 1964 1145 Synodo
1991 1114 2068 1147 prae·

1186 1148 1299 1181 sidere.
1328 1146 1417 1181 Faede
1428 1159 1555 1189 errant,
1582 1150 1638 1192 qui
1658 1151 1858 1186 Pontificem
1884 1152 2065 1198 garriunt&

1185 1196 1322 1240 Synodo
1343 1199 1495 1232 citatum.
1521 1199 1707 1243 Respondit
1730 1201 1807 1235 vero
1828 1202 1884 1236 ille
1913 1214 1970 1235 non
1991 1203 2067 1246 posse

1183 1249 1243 1279 und
1261 1254 1418 1281 convenire
1440 1274 1449 1288 ‚
1486 1251 1518 1282 εὸ
1541 1251 1620 1292 quod
1636 1251 1761 1292 plurimi
1791 1254 1912 1294 quidem
1936 1251 1984 1286 bic
2003 1252 2064 1295 fine

1186 1298 1348 1331 orientales
1370 1297 1509 1341 Episcopi
1532 1323 1542 1339 ,
1565 1307 1653 1341 pauci
1676 1304 1748 1334 vero
1773 1313 1839 1335 cum
1863 1314 1895 1336 eo
1919 1316 1930 1334 :
1958 1307 2069 1336 Facere

1184 1356 1285 1381 autem
1291 1356 1348 1389 per
1366 1346 1556 1392 semetipsum
1571 1349 1658 1392 suam
1677 1350 1883 1393 sententiam,
1908 1353 1943 1385 Θ·
1965 1352 2067 1392 offerre

1181 1398 1303 1439 piissimo
1323 1402 1448 1433 Domino
1460 1424 1467 1431 .
1494 1401 1564 1432 Ideo
1577 1402 1687 1434 eum&
1712 1403 1848 1435 inducias
1858 1400 2008 1445 postulasse
2028 1403 2067 1435 ab

1185 1449 1247 1488 ejus
1256 1450 1441 1489 Ser-enitare,
1467 1458 1502 1481 ut
1512 1454 1596 1482 intra
1606 1462 1657 1484 eas
1665 1449 1753 1493 suam
1765 1453 1951 1485 voluntatem
1972 1458 2067 1485 mani-

1178 1497 1302 1539 festaret
1322 1523 1331 1530 .
1357 1496 1556 1532 Provocavit
1577 1499 1618 1534 ad
1654 1502 1846 1543 promissum
1871 1502 2068 1536 Latinorum

1188 1547 1420 1592 Episcoporum
1447 1550 1603 1592 aequalem
1631 1562 1802 1585 numerum
1827 1576 1838 1592 ‚
1874 1550 2071 1592 constitutum·

1186 1609 1240 1640 que
1267 1597 1422 1639 faciendae
1458 1599 1621 1632 collationis
1659 1602 1776 1634 modum
1800 1625 1811 1641 ,
1837 1601 1881 1635 ob
1917 1604 2064 1646 corporis

1186 1646 1410 1692 aegritudinem
1432 1648 1609 1692 postulavit
1622 1650 1739 1694 viginti
1762 1651 1889 1686 dierum
1920 1651 2068 1685 inducias

1186 1700 1225 1731 ad
1240 1699 1439 1742 propositisa
1452 1698 1606 1742 Principe
1615 1699 1848 1743 quaestionibus
1873 1700 2067 1745 responden-

1186 1748 1285 1788 dum,
1311 1761 1349 1782 ac
1362 1748 1481 1782 Graecis
1497 1749 1664 1793 Episcopis
1678 1750 1718 1785 ad
1733 1752 1885 1795 Capitula
1911 1751 2070 1786 damnan-

1185 1798 1226 1832 da
1240 1799 1458 1841 prurientibus
1470 1799 1659 1834 servandum
1681 1800 1785 1835 edixit
1797 1810 1956 1844 antiquum
1981 1805 2069 1836 &re-

1181 1850 1317 1892 gularem
1338 1851 1470 1882 ordinem
1482 1873 1492 1890 ,
1520 1861 1557 1883 ne
1567 1860 1636 1883 ante
1643 1850 1708 1893 ficae
1730 1854 1993 1897 promulgationem
1998 1851 2068 1895 sen—

1186 1904 1288 1931 tentiae
1299 1901 1421 1941 quidam
1439 1898 1573 1941 proferre
1593 1909 1745 1934 tentarent
1761 1927 1768 1933 .
1795 1901 1852 1936 Ad
1875 1902 2068 1939 Romanum

1188 1960 1327 1991 namque
1349 1948 1551 1993 Episcopum
1564 1951 1594 1983 in
1619 1949 1756 1992 synodo
1780 1951 1922 1997 generali
1950 1952 2068 1995 spestat

1186 1998 1355 2033 tractandae
1377 1999 1562 2043 quaestionis
1585 2002 1781 2044 propositio,
1807 2002 1841 2035 ὃς
1864 2003 2006 2046 primum
2027 2003 2068 2037 de

1186 2049 1251 2093 ipsa
1265 2049 1453 2093 suffragium
1469 2075 1476 2081 .
1504 2050 1594 2083 Nam
1606 2050 1690 2084 &de
1701 2052 1838 2094 Synodo
1866 2052 2067 2086 Ariminensi

1187 2098 1293 2132 scribit
1308 2099 1348 2132 ad
1372 2099 1551 2142 Episcopos
1573 2100 1759 2134 Orientales
1772 2101 1858 2144 apud
1881 2103 1925 2135 D.
1938 2102 2065 2136 Lucam

1188 2147 1399 2182 Holstenium
1427 2149 1587 2182 Damasus
1619 2148 1776 2185 Pontifex
1799 2162 1806 2182 ε
1849 2153 2067 2193 PraeJ‘udicium

1184 2199 1305 2241 aliquod
1312 2197 1392 2241 nasci
1404 2210 1462 2231 non
1469 2203 1567 2240 potuit
1576 2210 1615 2234 ex
1632 2210 1748 2233 numero
1773 2212 1891 2242 eorum,
1916 2208 1969 2244 qui
1983 2204 2068 2244 apud

1185 2253 1348 2283 Ariminum
1358 2258 1557 2282 convenerunt
1570 2275 1580 2289 ,
1605 2250 1668 2282 cum
1680 2250 1784 2291 constet
1797 2254 1964 2285 Romanum
1988 2255 2066 2295 Epi-

1181 2298 1319 2342 scopum,
1344 2300 1429 2339 cujus
1450 2306 1519 2332 ante
1541 2310 1640 2332 omnes
1652 2299 1721 2340 fuit
1730 2299 1931 2343 exspec‘landa
1947 2300 2066 2344 senten-

1185 2355 1250 2389 tia,
1275 2346 1441 2391 hujusmodi
1446 2348 1572 2389 statutis
1592 2348 1761 2393 consensum
1771 2352 1901 2394 aliquem
1923 2363 1983 2385 non
1994 2364 2067 2386 com-

1187 2397 1328 2444 modasse.

1234 2446 1336 2483 Porro
1359 2448 1531 2490 synodales
1553 2450 1666 2495 Legati
1683 2447 1814 2496 Vigilio
1834 2453 2044 2495 reposuerunt
2057 2479 2066 2488 .

1185 2500 1243 2532 Scit
1257 2497 1354 2540 vestra
1365 2501 1530 2533 Beatitudo
1552 2503 1632 2543 quod
1640 2507 1672 2534 in
1699 2500 1747 2533 bis
1762 2525 1772 2541 ,
1799 2514 1866 2545 quae
1877 2508 1954 2535 inter
1965 2515 2019 2536 nos
2031 2509 2064 2536 in

1186 2547 1308 2591 scriptis
1314 2548 1406 2589 sabla
1421 2548 1515 2592 sunt,
1538 2550 1704 2593 promisistis·
1713 2552 1774 2582 und
1796 2563 1860 2583 cum
1882 2552 2040 2595 Episcopis
2055 2577 2066 2592 ‚

1186 2597 1658 2642 quinobifhum&communicant
1683 2601 1804 2633 &uniti
1811 2599 1905 2644 sunt,
1933 2609 2070 2637 conveni·

1184 2661 1214 2682 re
1223 2649 1256 2682 (9·
1277 2654 1423 2692 requirere
1436 2650 1475 2683 de
1487 2649 1535 2682 bis
1562 2651 1660 2683 tribus
1673 2652 1821 2692 Capitulis
1834 2675 1841 2683 .
1870 2655 1938 2684 Nos
1949 2655 2020 2685 verb
2034 2654 2069 2686 (τ

1183 2705 1450 2738 communicamus,
1475 2700 1510 2733 &²
1530 2706 1605 2733 uniti
1622 2699 1724 2743 sumus
1747 2698 1894 2743 vobiscum
1908 2725 1918 2741 ,
1945 2703 1979 2737 (π
2010 2714 2070 2736 non

1184 2749 1264 2781 decet
1275 2754 1407 2781 omnium
1417 2747 1541 2787 nostrum
1551 2760 1729 2784 conventum
1741 2750 1857 2791 differri
1880 2759 2007 2793 propter
2018 2757 2072 2785 Oc-

1183 2793 1344 2831 cidentale's
1365 2798 1545 2842 Episcopos.
1576 2804 1643 2834 Nec
1656 2808 1735 2834 enim
1761 2807 1793 2832 in
1797 2799 1915 2843 sanclis
1941 2810 2067 2844 quatuor

1183 2849 1299 2887 synodis
1310 2848 1468 2881 multitudo
1484 2851 1715 2884 occidentalium
1745 2848 1954 2893 Episcoporum
1964 2858 2073 2885 inven-

1185 2907 1218 2930 ta
1230 2897 1268 2938 est
1289 2910 1451 2943 umquam,
1473 2898 1531 2944 sed
1541 2901 1598 2933 duo
1611 2903 1664 2935 vel
1681 2910 1745 2935 tres
1773 2899 1935 2944 Episcopi,
1960 2903 2071 2937 &certi

1591 2949 1626 2985 Y
1677 2963 1699 2991 2
1898 2953 2019 2985 Clerici.

245 3127 293 3169 (a)
312 3125 417 3169 Lupus
440 3129 489 3175 ᾕῐρ
506 3128 652 3176 Eutychii
673 3131 887 3173 profesiionem
907 3134 979 3168 fidei
999 3135 1144 3168 traditam
1161 3135 1300 3181 Pontifici
1320 3136 1487 3169 etiamnum
1515 3139 1637 3178 captivo
1663 3138 1700 3171 ad
1729 3139 1761 3172 S.
1780 3138 1983 3182 Euphemiam
2003 3163 2012 3177 ‚
2033 3150 2067 3172 ac

286 3180 360 3204 mox
381 3170 567 3202 Belisarium
585 3182 653 3202 cum
672 3173 742 3204 aliis
762 3174 884 3215 Legatis
894 3198 904 3213 ‚
936 3177 1069 3218 itemque
1090 3177 1213 3209 Petrum
1232 3177 1480 3211 Reiercndarium
1498 3179 1536 3210 ad
1555 3181 1696 3212 eumdem
1716 3181 1879 3214 destinatos
1895 3204 1905 3220 ,
1936 3190 1970 3212 ut
1988 3182 2067 3213 datis

285 3208 388 3242 denuo
408 3211 609 3243 Sacramentis
624 3211 812 3258 *Pontificem
830 3215 1015 3258 Byzantium
1032 3218 1231 3256 adducerent,
1252 3222 1285 3250 δε
1306 3227 1378 3250 tunc
1397 3218 1553 3261 Vigilium
1573 3219 1713 3262 scripsisse
1733 3220 1928 3263 Encyclicam
1948 3221 1985 3252 de
2005 3221 2068 3254 suis

287 3251 532 3298 calamitatibus.
553 3252 683 3299 Labitur
702 3253 763 3285 Vir
781 3255 922 3296 insignis,
942 3268 1015 3291 nam
1034 3258 1168 3299 Legatio
1189 3261 1243 3292 illa
1262 3260 1391 3300 contigit
1411 3259 1460 3291 die
1479 3260 1528 3293 28.
1541 3261 1687 3306 Januarii
1711 3273 1778 3294 ann.
1799 3272 1863 3304 552.
1903 3264 1952 3295 At
1971 3262 2066 3296 Men-

287 3300 362 3329 nas‚
380 3299 433 3338 cui
453 3293 716 3339 m'Patriarchatu
734 3295 775 3328 C.
787 3296 815 3330 S.
836 3297 967 3330 s'ucceslit
986 3299 1177 3341 Eutychius‚
1199 3301 1321 3332 decimo
1338 3300 1438 3340 postea
1458 3303 1555 3334 mense
1573 3303 1673 3335 obiit.
1695 3303 1855 3346 Vigilium
1877 3303 1974 3341 vero,
1995 3315 2066 3336 cum

286 3342 402 3377 accepit
423 3334 639 3374 proscffionem
652 3358 661 3372 ,
682 3336 753 3381 fidei
774 3336 811 3368 ab
828 3337 984 3411 Eutgchio
1003 3363 1012 3377 ,
1042 3341 1345 3382 Constantinopolim
1364 3344 1526 3384 regressum
1555 3344 1623 3376 inde
1653 3345 1768 3384 colligo
1791 3366 1799 3381 ‚
1821 3345 1905 3384 quod
1933 3347 2065 3386 priorem

286 3373 500 3414 professionem
520 3374 587 3407 fidei
610 3376 667 3408 hoc
686 3377 781 3408 titulo
799 3378 885 3410 inseri
910 3380 933 3411 it
954 3381 984 3411 in
1004 3379 1059 3413 suo
1077 3382 1260 3415 Constituto
1279 3396 1286 3415 :
1319 3385 1492 3424 Exemplum
1510 3388 1608 3424 primae
1634 3384 1809 3423 prosellionis
1828 3408 1839 3424 ,
1868 3397 1957 3427 quam
1975 3388 2012 3417 ad
2033 3390 2062 3418 5.

291 3414 456 3452 Ettpbemiae
475 3419 615 3456 templum
626 3418 776 3456 fecerunt.
799 3419 961 3453 Posteriori
983 3430 1088 3454 autem
1107 3422 1253 3463 Eutychii
1272 3423 1349 3456 hunc
1367 3425 1491 3457 titulum
1513 3425 1638 3466 praefigit
1659 3438 1666 3457 :
1697 3428 1870 3466 Exemplum
1888 3429 2063 3468 professionis

290 3463 381 3491 quam
399 3457 500 3496 residui
518 3460 646 3498 Episcopi
667 3460 910 3499 Theophaniorum
928 3462 973 3492 die
992 3463 1069 3495 nobis
1077 3464 1213 3503 fecerunt
1230 3488 1239 3497 .

292 3495 380 3535 gnari
394 3518 401 3526 .
421 3497 515 3538 Naris
535 3503 566 3530 in
589 3500 703 3541 Differt.
726 3502 759 3532 de
779 3505 807 3534 V.
827 3505 894 3545 Syn.
917 3505 1034 3544 capys.

1278 3464 1341 3499 Ubi
1361 3467 1443 3499 vides
1462 3467 1590 3508 priorem
1610 3468 1678 3499 loco
1690 3489 1700 3507 ‚
1722 3467 1850 3502 alteram
1868 3478 2004 3513 tempore
2025 3466 2063 3500 si-

2108 823 2151 860 (b)
2172 822 2245 856 vide

2089 864 2158 893 nota
2185 867 2245 894 No—

2090 905 2135 933 ris.
2171 901 2244 932 infrz

2089 941 2125 973 ad
2159 941 2248 972 colla-

2089 986 2195 1015 tionem
2211 985 2245 1012 V.

2092 1327 2202 1358 Collat.
2221 1336 2249 1356 2.

2091 2167 2225 2207 Epist-27.
