2340 3736
37 1451 193 1486 A&·1·f.62

458 149 564 194 DE

210 234 298 280 quod
322 219 518 276 Ephefinum
540 228 715 262 Canonem
736 225 929 269 praevaricati
952 225 1090 267 recepis-

212 289 282 319 sent
303 278 672 321 Constantinopolitano
693 276 820 310 Nicaeni
857 275 1006 318 Symboli
1030 274 1083 309 ad-

211 336 409 371 ditamenta,
435 339 532 373 atque
551 338 592 361 ex
612 327 678 361 illis
699 324 871 369 Eutychen
894 325 972 358 alter
992 335 1083 359 accu-

210 384 300 418 sasset
326 405 337 420 ‚
361 380 440 414 alter
463 377 639 412 damnasset
661 402 667 409 .
695 376 839 410 Volebat
859 374 899 409 ab
921 371 1081 416 Ephefino

209 432 347 466 canone
370 441 425 473 per
444 428 618 462 Nicaenum
643 426 837 470 Symbolum
865 423 1006 466 intelligi
1035 424 1083 456 so-

207 482 277 516 lum
293 480 420 524 proprie
443 479 614 513 Nicaenum
627 499 636 515 ‚
662 475 696 509 ὅς
716 476 936 509 additamenta
956 471 1020 514 jam
1039 472 1083 506 di-

208 533 256 565 ἂα
269 530 415 564 damnari
431 554 438 561 .
466 529 519 562 Sic
530 529 561 561 δε
574 528 638 570 ipse
652 521 817 567 Eutyches
827 524 861 556 in
874 522 933 554 suo
945 522 985 555 ad
999 520 1083 555 hanc

209 580 380 622 Synodum
417 578 530 612 libello
562 577 711 612 Sanctum
745 572 937 606 Flavianum
957 573 1082 605 accusat

207 629 325 673 recepti
348 627 488 671 ejusdem
521 623 729 660 additamenti
753 644 761 653 .
799 620 927 654 Ambos
958 621 1083 655 malitia

205 689 394 714 excaecarat.
417 678 507 727 rQuis
530 675 618 709 enim
642 672 760 706 nesciat
781 671 821 705 ab
836 669 999 714 Ephefino
1021 670 1080 704 Ca-

208 739 295 763 none
320 740 373 772 per
396 725 586 770 Symbolum
619 722 791 755 Nicaenum
822 721 962 765 intelligi
984 722 1082 754 etiam

210 775 615 819 Constantinopolitanum
637 773 649 804 ?
676 771 763 819 Qis
789 783 935 814 unquam
959 770 1082 804 audivit

211 824 575 867 Constantinopolitana
597 820 821 856 additamenta
843 832 898 864 per
917 819 1008 853 illum
1022 821 1082 854 Ca·

213 889 335 912 nonem
356 874 528 919 proscripta
541 874 556 904 ,ἓ
585 872 627 906 Et
641 870 720 905 hinc
734 871 839 904 forsan
860 870 900 904 ad
914 871 1083 911 Synodum

208 924 509 961 chalcedonensem
529 921 569 955 de
587 922 674 956 disto
701 920 895 966 Eutychetis
915 919 1027 953 libello
1039 920 1086 953 di-

209 978 261 1010 xit
286 973 443 1010 Eusebius
467 971 694 1014 Doryleensis:
722 974 889 1010 Mentitur,
915 969 1020 1009 nonest
1043 980 1087 1004 ta-

209 1027 249 1060 lis
271 1024 401 1067 definitio
426 1049 437 1064 ‚
463 1034 519 1056 non
539 1022 575 1060 est
598 1023 698 1065 regula
717 1020 767 1054 hoc
790 1025 967 1062 praecipiens
990 1044 1000 1060 ,
1026 1020 1086 1053 five

210 1082 323 1109 vetans
343 1072 470 1109 laudata
492 1072 715 1107 additamenta
736 1095 743 1102 .
768 1069 943 1113 Ephefinus
971 1069 1089 1113 quippe

209 1124 328 1159 Canon
352 1133 553 1167 nequaquam
572 1122 635 1161 iam
654 1120 800 1165 legitime
827 1118 971 1162 adposita
995 1144 1006 1158 ‚
1033 1120 1087 1153 sed

210 1174 277 1208 sola
297 1173 489 1218 adponenda
513 1172 730 1207 additamenta
745 1179 850 1204 vetat:
877 1169 972 1216 Qin
985 1169 1089 1203 immo

208 1224 386 1267 futurarum
406 1222 606 1268 generalium
631 1219 842 1265 Synodorurn
861 1218 1086 1254 auctoritatem

209 1286 279 1309 non
291 1275 399 1318 potuit
413 1270 670 1307 circumscribere
685 1297 691 1303 .

258 1324 372 1374 Qam
383 1320 459 1356 vero
471 1323 640 1363 tyrannice
652 1321 846 1354 Flavianum
859 1318 997 1353 tractarit
1008 1318 1089 1352 Dio-

208 1375 319 1408 scorus
341 1397 351 1413 ‚
378 1372 513 1415 Synodo
535 1370 793 1404 Chalcedonensi
817 1369 955 1413 exponit
974 1366 1089 1402 Theo-

210 1422 309 1457 dorus
332 1422 511 1466 Episcopus
533 1420 844 1463 Claudiopolitanus
867 1443 873 1449 .
911 1419 1089 1452 obtulerunt

209 1473 290 1508 nobis
307 1481 404 1516 puras
423 1471 546 1504 chartas
570 1467 720 1513 Diofhorus
749 1471 782 1503 (θ’
799 1470 827 1512 J
833 1470 967 1501 uvenalis
984 1494 994 1510 ,
1020 1469 1089 1500 mul-

209 1524 368 1557 titudinem
379 1521 520 1554 habentes
538 1518 741 1564 seditiosorum
762 1518 911 1553 hominum
926 1543 935 1558 ‚
961 1519 1091 1551 claman-

210 1580 305 1612 tium,
332 1574 367 1606 &
387 1570 623 1605 conturbantium
647 1594 657 1610 ‚
684 1571 719 1603 (ν
742 1574 984 1602 commoventium
1004 1570 1085 1606 =§Lino-

211 1625 285 1656 dum
308 1647 315 1655 .
343 1622 386 1655 Et
408 1621 542 1656 Bafilius
569 1620 747 1663 Episcopus
771 1618 996 1652 Seleucienfis.
1026 1617 1090 1658 Post

212 1675 430 1706 damnationem
455 1671 531 1703 beati
546 1671 691 1703 Flaviani
710 1668 845 1701 omnibus
869 1668 949 1700 nobit
961 1667 1089 1707 tristibus

214 1720 324 1762 effeo‘lis
350 1746 360 1761 ‚
395 1722 428 1753 (θ’
452 1721 614 1761 aliquantis
635 1719 752 1760 quidem
773 1718 936 1751 nolentibus
958 1724 1090 1750 emittere

215 1782 311 1804 vocem
321 1770 524 1812 cooperantis
545 1768 706 1811 suffragii,
731 1770 896 1810 aliquantis
923 1777 1023 1800 autem
1039 1767 1093 1808 fu-

209 1819 361 1864 gientibus
383 1843 394 1860 ,
421 1829 566 1861 exurgens
586 1815 736 1860 Dioscorus
762 1842 773 1857 ,
798 1819 832 1851 (a
849 1817 934 1857 stans
957 1822 988 1848 in
1009 1817 1068 1848 alto
1083 1840 1092 1855 ,

215 1868 381 1915 designabat
404 1869 438 1901 (9·
457 1867 571 1900 dicebat
597 1881 607 1901 .·
636 1866 844 1906 VIDETE,
870 1865 963 1914 QUI
985 1865 1091 1900 NON

215 1917 362 1953 VULT
372 1916 696 1952 SUBSCRIBERE
708 1940 719 1955 ,
744 1915 813 1951 AD
826 1916 897 1949 ME
909 1940 919 1956 ,
947 1917 1002 1949 seu
1013 1916 1092 1950 con‘-

215 1980 264 2003 tra
287 1979 363 2008 me,
391 1966 561 2001 HABET
583 1993 590 1999 .
618 1966 775 2000 Eusebius
798 1966 938 2009 Ancyrae
959 1966 1090 2010 Episco-

215 2029 293 2063 puS,
319 2023 392 2060 quia
396 2019 507 2059 patum
520 2016 630 2057 distulit
655 2028 751 2050 vocem
767 2041 777 2056 ,
799 2017 985 2059 periclitatus
997 2016 1035 2056 est
1059 2017 1093 2050 (9·

217 2067 278 2110 ipse
297 2069 437 2099 damnari
462 2092 468 2098 .
507 2064 729 2110 Onesiphorus
754 2067 928 2100 lconIenfis
956 2091 965 2107 ‚
994 2066 1093 2099 Mari-

217 2118 335 2150 nianus
357 2115 571 2158 Synnadenfis
587 2140 597 2155 ‚
622 2117 656 2148 ὅ(
682 2116 874 2150 Nunechius
888 2115 1094 2150 Laodicenfis

216 2170 393 2200 tenuerunt
407 2165 500 2208 pedes
510 2164 598 2207 ejus,
624 2164 767 2198 dicentes
783 2190 789 2195 .
817 2168 900 2207 ,Quia
918 2168 952 2199 &
965 2175 997 2198 tu
1010 2164 1092 2208 Pres-

219 2216 329 2254 byteros
344 2213 433 2246 hahes
446 2238 456 2254 ‚
484 2226 541 2246 non
552 2215 636 2246 debet
654 2222 775 2256 propter
787 2215 988 2253 Presbyterum
1011 2216 1096 2247 dam-

220 2269 290 2297 nari
311 2262 472 2307 Episcopus
492 2287 501 2296 .
528 2262 623 2294 Nihil
652 2264 774 2307 dignum
800 2265 993 2297 damnatione
1015 2269 1093 2307 egit.

221 2317 253 2347 si
278 2323 378 2347 autem
405 2314 438 2346 Θ
455 2311 668 2354 reprehensione
691 2314 800 2356 dignus
820 2312 857 2352 est
869 2338 879 2353 ‚
904 2312 1098 2354 reprehenda-

222 2373 287 2397 tur.
317 2363 428 2396 Etiam
449 2361 606 2396 Nicolaus
630 2362 748 2404 primus
766 2361 919 2396 Pontifex
941 2363 1098 2396 Hincma·

220 2424 293 2447 rum
326 2412 523 2446 Remensem
556 2412 805 2455 Metropolitam
827 2413 933 2456 arguit
961 2436 973 2452 ‚
1008 2412 1096 2455 quod

222 2461 426 2497 Rothaldum
447 2461 702 2495 Sueffionensem
725 2462 921 2505 Episcopum
942 2461 986 2495 ob
1010 2460 1098 2495 dam-

221 2524 335 2547 natum
355 2511 579 2554 Presbyterum
609 2511 770 2553 dejecisset
791 2537 798 2544 .
827 2512 874 2546 At
897 2510 936 2545 de
975 2510 1097 2545 throno

222 2573 382 2607 exurgens
404 2562 438 2595 ὅ(
451 2561 537 2594 stans
557 2561 645 2604 super
663 2560 834 2594 scabellum
857 2563 949 2595 suum
961 2562 1098 2596 Diosco-

225 2624 276 2646 rus
297 2611 455 2654 reposuit:
481 2611 656 2644 Seditionem
676 2610 749 2643 mihi
767 2613 916 2644 movetis?
943 2615 993 2643 Da
1002 2615 1095 2644 Comi-

226 2672 271 2694 tes
293 2674 300 2693 :
338 2660 448 2703 Pergit
470 2659 676 2694 Marinianus
700 2661 917 2703 Synnadenfis
936 2686 944 2693 .
983 2662 1098 2705 Ingreffi

221 2710 294 2754 sunt
306 2713 432 2742 Comites
445 2734 455 2750 ,
481 2711 706 2743 introduxerunt
720 2709 920 2753 Proconsulem
940 2722 1005 2744 cum
1025 2713 1096 2744 mul-

226 2760 353 2793 titudine
371 2769 479 2803 magna
508 2761 542 2793 <v
561 2766 670 2793 catenis
694 2774 705 2793 .·
746 2760 810 2800 Post
834 2760 884 2793 boc
906 2759 1098 2803 unusquisque

227 2809 354 2850 nostrum
368 2807 530 2852 subfiripfit
549 2834 556 2841 .
583 2810 626 2844 Et
646 2809 780 2843 Bafilius
808 2810 1030 2844 Seleucienfis.
1056 2815 1100 2843 Ir-

230 2859 354 2892 ruebant
380 2864 410 2891 in
422 2857 573 2900 Ecclefiam
593 2861 700 2893 milites
724 2870 787 2893 cum
808 2866 901 2893 armis
917 2885 928 2900 ‚
951 2860 1100 2900 instabant

226 2908 382 2948 monachi,
408 2914 458 2950 qui
476 2919 540 2941 cum
562 2908 713 2952 Barsuma
733 2935 743 2950 ‚
775 2911 809 2944 <St
831 2910 1016 2943 Parabalam'
1031 2935 1040 2949 ‚
1067 2912 1101 2944 (2¹⁸

224 2959 384 2991 multitudo
407 2960 468 2990 alia
477 2960 618 3001 grandis.
648 2958 838 2993 Parabalani
862 2962 934 2994 sunt
957 2961 1034 2994 servi
1048 2971 1100 3003 pu-

226 3008 388 3042 blicorum
408 3007 599 3042 balneorum
634 3033 640 3041 .
679 3009 783 3043 Tunc
805 3009 913 3053 itaque
935 3011 1101 3044 Barsumas

228 3057 432 3095 monachus,
459 3056 536 3091 teste
555 3059 708 3102 Diogene
730 3060 900 3102 Cyziceno
913 3060 1078 3103 Episcopo
1090 3084 1100 3100 ‚

225 3106 387 3142 clamabat
414 3105 570 3141 militibus
600 3110 779 3151 permixtus
807 3122 813 3142 :
842 3111 946 3143 Occide
970 3135 981 3151 ‚
1007 3120 1101 3153 atque

224 3157 271 3191 ita
293 3154 417 3190 occidit
450 3154 579 3190 beatum
598 3157 792 3193 Flavianum
818 3185 824 3191 .
852 3160 963 3208 Qare
986 3161 1101 3194 merito

229 3206 389 3240 Eusebius
399 3205 608 3248 Doryleenfis
630 3208 713 3250 apud
735 3209 907 3251 Synodum
919 3208 1102 3244 Chalcedo-

227 3257 357 3290 nensem
379 3267 420 3289 ex
445 3264 497 3289 tot
518 3256 806 3298 praevaricatoribus
821 3259 989 3304 Episcopis
1010 3271 1101 3294 accu-

227 3306 307 3340 savit
318 3305 421 3339 solum
433 3305 627 3339 Dioscorum
642 3330 649 3338 .

277 3353 381 3389 Porro
402 3355 574 3389 damnatus
592 3357 724 3390 Sanetus
735 3356 906 3393 Flavianus
922 3357 1006 3393 dixit
1020 3360 1103 3395 Dio-

229 3405 323 3439 scoro
346 3418 353 3437 ε
393 3405 513 3446 Appello
536 3408 555 3437 ἃ
578 3415 606 3438 te
625 3431 635 3446 ,
663 3407 772 3450 utique
793 3408 832 3442 ad
853 3410 958 3443 sedem
980 3409 1103 3445 Roma-

230 3463 306 3488 nam
326 3478 334 3486 .
360 3454 403 3487 Et
426 3454 465 3488 ad
486 3455 627 3489 eundem
650 3455 784 3489 Hilarus
805 3458 973 3493 Diaconus
996 3471 1004 3492 ;
1030 3463 1105 3496 Con-

328 3503 435 3542 Christ.
453 3507 530 3547 Lupi
542 3509 629 3547 Oper.
643 3509 722 3539 Tom.
733 3508 772 3539 ΙΙ.

635 145 1225 189 LATROCINIO
1295 141 1777 189 EPHEsINO.

1143 224 1324 262 tradimur,
1351 222 1383 255 id
1403 222 1473 262 est,
1498 224 1689 267 appellatur.
1718 226 1911 259 Flavianum
1934 225 2024 260 enim

1147 283 1198 316 per
1220 273 1363 316 Legatos
1386 272 1557 305 Romanos
1581 274 1747 318 appellasse
1774 275 1886 309 libello
1908 276 2022 310 Sedem
2039 295 2112 331 Cap.
2129 303 2172 322 η,

1146 322 1371 367 Apostolicam
1395 321 1525 355 testatur
1546 322 1712 359 Liberatus
1736 323 1998 368 Carthaginenfis
2013 351 2020 357 .

1145 373 1329 408 Confirmat
1350 373 1483 406 Sanetus
1505 372 1574 405 Leo
1603 372 1758 408 Pontifex
1782 375 1817 408 in
1842 375 1954 408 litteris
1980 376 2020 408 ad

1148 420 1376 456 Theodosium
1397 422 1582 465 Augustum
1610 433 1617 452 :
1659 426 1763 466 Legati
1791 423 1877 464 nostri
1892 423 2020 465 fideliter
2035 407 2192 478 {hhcon'

1147 474 1343 506 reclamarunt
1355 496 1366 511 ,
1392 473 1426 505 (τ’
1447 470 1554 514 eisdem
1575 470 1703 504 libellum
1721 476 1927 513 appellationis
1950 476 2022 508 Fla·
2038 469 2121 525 Epist]
2134 489 2178 515 18-

1149 529 1259 556 vianus
1289 520 1451 564 Episcopus
1477 522 1561 554 dedit
1585 544 1592 552 .
1629 520 1739 554 Edicit
1759 523 1792 556 ὃς
1812 523 1909 557 alium
1932 523 2021 560 didiae
2039 526 2176 565 Epist.19-

1150 573 1258 613 vocis,
1284 573 1529 610 Contradicitur,
1555 571 1679 604 sensum
1700 596 1706 602 .
1735 571 1836 611 Nostri
1854 575 1891 606 ab
1914 575 2023 617 Aposto-

1144 622 1203 656 lica
1225 623 1298 655 5ede
1321 621 1428 654 diredlt
1449 622 1493 653 ad
1510 618 1746 663 consentiendum
1768 622 1847 653 nulla
1865 631 2023 663 potuerunt

1146 673 1310 713 oppreffione
1328 672 1475 712 compelli,
1503 670 1718 712 constanterque
1731 695 1740 710 ,
1766 679 1800 703 ut
1821 672 1939 712 decuit,
1957 675 2027 715 fue.

1145 729 1216 754 runt
1235 721 1389 762 protestati
1414 732 1595 762 nequaquam
1615 722 1671 760 id,
1695 722 1775 763 quod
1794 720 2026 762 constituebatur,

1146 771 1249 804 5edem
1274 770 1459 812 apostolicam
1483 778 1665 812 recepturam
1691 791 1698 799 -
1726 770 1836 818 Qam
1860 771 1939 804 vero
1960 771 2026 806 haec

1148 832 1213 854 nou
1235 821 1351 854 curarit
1375 829 1552 854 contumax
1576 820 1729 853 Dioscori
1750 821 1880 862 spiritus
1901 844 1911 859 ,
1936 821 2028 855 refert
2046 830 2179 870 Epist.24.'

1147 870 1282 903 Hilarus
1305 870 1475 904 Diaconus
1498 871 1530 903 in
1557 869 1673 902 litteris
1690 869 1729 902 ad
1742 869 1949 905 Pulcheriam
1964 871 2030 904 Au-

1149 920 1292 965 gustam.
1323 919 1516 962 Postetiquam
1540 918 1651 959 iniustae
1671 917 1800 962 Dioscori
1823 920 1974 954 voluntati
1983 930 2030 953 at·-

1150 981 1205 1012 que
1233 969 1392 1013 semmua
1416 974 1629 1003 communicare
1650 980 1708 1002 non
1723 975 1809 1011 potui
1833 995 1844 1011 ‚
1876 972 1923 1015 ad
1945 972 2032 1004 aliud

1149 1022 1331 1061 Concilium,
1359 1018 1392 1053 id
1412 1021 1479 1059 est,
1507 1020 1604 1054 aliam
1628 1019 1817 1062 synodalem
1841 1020 2031 1061 seffionem,

1152 1071 1310 1103 terroribus
1339 1078 1428 1112 atque
1456 1069 1569 1111 infidiis
1604 1080 1650 1103 me
1679 1081 1799 1104 evocare
1823 1079 1944 1103 conatus
1970 1071 2030 1111 est,

1149 1122 1297 1162 quatenus
1317 1131 1382 1158 me,
1406 1121 1485 1162 quod
1493 1119 1586 1160 absit,
1610 1129 1664 1152 aut
1678 1119 1894 1163 seducqionibus
1911 1120 2031 1161 faceret

1150 1168 1309 1212 consentire
1340 1171 1384 1201 ad
1401 1171 1655 1202 condemnandum
1676 1170 1884 1210 sanlliffimum
1906 1172 2034 1204 Flavia-

1151 1231 1222 1252 num
1245 1216 1422 1261 Episcopum
1435 1243 1445 1258 ,
1470 1227 1525 1251 aut
1544 1217 1715 1258 resistentem
1736 1228 1845 1253 teneret
1867 1245 1877 1260 ‚
1904 1229 1937 1252 ut
1957 1219 2032 1252 mihi

1153 1280 1210 1302 non
1231 1269 1295 1311 effet
1314 1270 1434 1301 licentia
1455 1269 1499 1300 ad
1513 1274 1660 1309 pietatem
1680 1268 1808 1308 vestram
1829 1269 2033 1307 Constantino-

1150 1319 1242 1360 polim
1261 1326 1433 1360 percurrere
1454 1340 1464 1356 ‚
1489 1326 1543 1350 aut
1564 1318 1609 1349 ad
1628 1321 1795 1351 Romanam
1815 1317 1968 1359 Ecclesiam
1991 1331 2033 1352 re-

1152 1379 1249 1401 meare
1274 1393 1280 1399 .
1309 1372 1517 1401 Verumtamen
1536 1366 1690 1409 confidens·
1710 1369 1747 1401 de
1768 1370 1879 1401 auxilio
1902 1367 2011 1408 Christi
2024 1393 2035 1409 ,

1152 1420 1231 1460 quod
1262 1425 1372 1451 attinet
1404 1419 1449 1450 ad
1468 1418 1686 1450 damnationem
1705 1419 1928 1458 reverendiffimi
1954 1442 1965 1456 ,
2002 1429 2036 1450 ae

1149 1467 1318 1511 sanlliffimi
1338 1473 1418 1508 viri,
1446 1472 1626 1509 innocentem
1649 1478 1697 1500 me
1715 1472 1914 1512 integrumque
1929 1466 2036 1510 serva-

1154 1524 1188 1552 vi
1201 1542 1211 1557 ,
1236 1519 1303 1551 licet
1324 1519 1405 1550 nulla
1421 1517 1541 1561 flagella
1562 1542 1571 1557 ‚
1598 1519 1681 1550 nulla
1702 1527 1848 1550 tormenta
1868 1529 1914 1550 me
1933 1518 2039 1559 poffine
2068 1524 2071 1526 “

1147 1568 1252 1609 facere
1276 1569 1342 1608 ejus
1361 1565 1521 1610 consentire
1539 1565 1697 1608 fintentiae
1720 1578 1729 1608 3
1752 1565 1810 1609 sed
1827 1567 1966 1600 omnibus
1988 1569 2040 1600 de·

1156 1617 1264 1650 relieiis
1286 1618 1393 1650 exinde*
1412 1614 1514 1659 disceffi
1527 1640 1536 1656 ‚
1557 1624 1614 1658 per
1635 1622 1781 1660 incognita
1802 1618 1836 1650 ὁ*
1856 1622 1944 1650 invia
1975 1618 2039 1650 loca

1155 1671 1278 1699 Romam
1299 1672 1420 1700 veniens
1432 1691 1442 1706 ‚
1467 1674 1501 1698 ut
1520 1668 1754 1706 reverendiffimo
1775 1670 1871 1707 Papae
1896 1673 2040 1706 omnium,

1155 1729 1222 1759 quae
1243 1722 1275 1749 in
1297 1715 1416 1759 Epheso
1431 1715 1513 1759 gesta
1530 1714 1603 1758 sunt
1622 1741 1632 1757 ‚
1658 1717 1780 1750 idoneus
1803 1722 1957 1749 nunciator
1977 1721 2039 1749 exi-

1120 1802 1121 1805 ,
1147 1766 1272 1806 sterem.
1301 1765 1387 1799 Eum
1413 1767 1496 1799 inter
1515 1766 1617 1799 multa
1639 1766 1711 1800 vitae
1722 1767 1860 1809 pericula
1874 1766 2040 1800 reclamas-

1157 1818 1186 1850 se
1197 1827 1293 1860 atque
1303 1816 1418 1861 fisgiffe
1431 1840 1441 1855 ,
1471 1815 1579 1849 scribit
1592 1815 1724 1849 Sanctus
1738 1816 1875 1859 Prosper
1886 1817 1920 1849 in
1933 1814 2041 1849 Chro-

1156 1867 1253 1900 nico.
1281 1866 1338 1900 Ob
1360 1865 1613 1909 pofitasinfidias
1624 1867 1716 1900 ausus
1727 1878 1795 1900 non
1810 1866 1872 1899 fuit
1883 1878 1938 1908 per
1950 1865 2041 1898 Con·

1155 1916 1400 1959 stantinopolim
1423 1916 1551 1950 tranfire
1573 1942 1579 1947 .
1618 1916 1740 1950 Eadem
1764 1916 1850 1959 apud
1873 1914 2038 1958 Ephesum

1155 1966 1336 2000 constantia
1358 1967 1476 2011 egisse,
1503 1978 1540 1999 ac
1558 1965 1633 2000 inde
1646 1966 1759 2010 fugisse
1774 1967 1940 2000 Renatum
1954 1964 2040 1998 Pres-

1157 2016 1305 2060 byterum
1317 2041 1328 2057 ,
1349 2014 1584 2050 Theodoretus
1597 2016 1745 2050 testatur.
1773 2016 1920 2060 Julianus
1932 2016 2041 2049 Coen-

1158 2068 1195 2101 fis
1220 2067 1401 2110 Episcopus
1423 2066 1751 2110 Constantinopolim
1773 2066 1855 2100 abiit
1880 2090 1891 2106 ,
1927 2065 2039 2109 Augu-

1158 2118 1237 2150 stam
1260 2116 1491 2151 Pulcheriam,
1518 2117 1551 2149 in
1578 2127 1640 2158 qua
1665 2117 1776 2149 omnis
1798 2118 1866 2158 spes
1877 2114 2040 2156 humana,

1159 2168 1407 2200 informaturus.
1437 2166 1546 2198 Etiam
1567 2165 1659 2198 fuisse
1679 2166 1760 2199 alios
1773 2165 1972 2208 Episcopos,
1999 2176 2042 2198 ne

1161 2216 1268 2258 impiis
1290 2214 1578 2257 subscriptionibus
1596 2214 1737 2257 captivas
1758 2226 1873 2248 manus
1893 2214 2007 2249 darent
2029 2239 2043 2255 ‚

1160 2265 1263 2298 asserit
1293 2265 1425 2298 Sandius
1450 2263 1520 2297 Leo
1544 2265 1579 2296 in
1602 2265 1717 2298 litteris
1742 2265 1783 2298 ad
1809 2264 2043 2299 Theodosium

1162 2314 1348 2358 Augustum
1359 2338 1366 2346 .
1387 2312 1573 2347 Thalaffius
1584 2313 1786 2348 Caesareenfis
1795 2314 1932 2358 Synodo
1944 2312 2042 2350 Chal-
2057 2302 2142 2342 EPlffi
2155 2314 2197 2340 ¹9·

1159 2363 1330 2399 cedonenfi
1356 2363 1440 2397 dixit
1463 2363 1554 2406 plura
1576 2364 1662 2398 mala
1685 2363 1702 2396 a
1723 2365 1755 2397 se
1776 2364 1953 2408 impedita.

1210 2413 1439 2456 Appellantem
1458 2414 1650 2448 Flavianum
1671 2414 1842 2457 quomodo
1864 2414 2043 2449 Dioscorus
2063 2419 2195 2456 [zpistaeS.

1159 2463 1299 2498 trastarit
1326 2488 1337 2504 ,
1374 2462 1483 2496 scribit
1515 2463 1602 2497 idem
1625 2464 1780 2498 Pontifex
1801 2465 1835 2498 in
1863 2465 1977 2499 litteris
2003 2466 2044 2499 ad
2061 2470 2152 2496 C·4-5·

1160 2513 1411 2547 Theodoretum
1430 2539 1438 2546 .
1468 2515 1571 2556 ,Quam
1587 2513 1754 2556 mensuram
1773 2514 1892 2558 sceleris
1917 2524 2046 2557 praeter⁴

1159 2563 1233 2605 mifit
1248 2588 1257 2603 ‚
1282 2569 1326 2596 cui
1347 2574 1397 2596 nee
1416 2562 1467 2596 hoc
1482 2562 1609 2605 sufficere
1626 2569 1725 2605 potuit
1745 2589 1755 2604 ‚
1782 2566 1860 2606 quod
1881 2577 1930 2599 nec
1957 2570 2046 2598 vivis

1156 2614 1330 2655 parcendo,
1355 2624 1407 2647 nec
1417 2619 1540 2646 mortuis
1557 2638 1566 2652 ,
1592 2619 1681 2646 etiam
1703 2619 1736 2646 in
1755 2612 1903 2658 sanguine
1913 2619 2047 2647 innocen-

1159 2669 1199 2697 tis
1235 2665 1269 2697 (τ
1299 2662 1444 2696 Catholici
1475 2664 1638 2696 Sacerdotis
1663 2664 1794 2704 pollutas
1810 2667 1881 2703 jam
1899 2665 2019 2705 pridem
2033 2687 2046 2702 ‚

1160 2713 1299 2746 abdicata
1319 2712 1466 2746 charitate
1487 2722 1575 2755 atque
1594 2713 1760 2756 approbata
1780 2712 1916 2754 falsitate
1948 2737 1959 2753 ,
1985 2724 2048 2745 ma-

1162 2775 1215 2796 nus
1237 2768 1362 2795 intinxit
1386 2763 1402 2794 ?
1430 2763 1473 2797 Et
1498 2763 1581 2797 infra
1604 2776 1611 2795 :
1649 2765 1742 2807 ,Quod
1763 2763 1880 2796 sancta.»
1902 2768 2047 2796 memoriae

1163 2813 1316 2846 Flaviano
1336 2818 1435 2845 vitam
1451 2811 1611 2855 praesentis
1629 2812 1731 2856 saeculi
1748 2813 1785 2854 est
1805 2814 1924 2846 molitus
1946 2812 2049 2854 aufer-

1161 2874 1191 2896 re
1211 2887 1219 2895 .
1247 2862 1348 2908 Quod
1370 2863 1519 2896 Sanitum
1547 2863 1738 2897 Flavianum
1762 2864 1888 2896 calcibus
1910 2863 2047 2896 verbera·
2066 2883 2192 2913 Luc-2·

1162 2919 1202 2945 rit
1228 2937 1238 2952 ,
1278 2912 1410 2946 testatur
1432 2913 1595 2957 Evagrius
1620 2912 1867 2957 Epiphaniensis
1892 2938 1899 2945 .
1940 2912 2048 2946 Addit

2058 1999 2211 2038 Epist.11‚-‚.

1164 2963 1283 2996 Comes
1295 2962 1507 2997 Marcellinus
1528 2964 1562 2996 in
1578 2961 1764 2997 Chronico:
1789 2964 1958 2996 Flavianus
1971 2966 2048 3003 Epi-

1158 3011 1261 3055 scopus
1272 3011 1400 3055 secunda
1422 3014 1507 3054 apud
1526 3011 1675 3056 Ephesum
1699 3014 1828 3052 synodo,
1857 3018 1892 3045 vi
1920 3011 2048 3056 Dioscori

1165 3064 1362 3095 Alexandrini
1383 3061 1522 3105 Epiftopi
1537 3064 1570 3096 <9¹
1593 3065 1748 3096 saturnini
1763 3060 1960 3106 Chrysaphii
1972 3065 2047 3104 Spa-

1163 3114 1272 3151 donis,
1298 3118 1331 3144 in
1351 3115 1485 3154 Epipam
1507 3114 1634 3145 exulat.
1663 3113 1750 3146 inter
1775 3111 1966 3146 ducentium
1989 3111 2047 3144 rni-

1166 3162 1260 3195 litum
1281 3172 1397 3196 manus
1417 3162 1561 3205 gloriose
1582 3163 1616 3194 in
1641 3163 1693 3198 via
1715 3162 1901 3197 defunetum
1914 3162 2047 3196 testatur

1165 3212 1298 3244 Sanetus
1319 3210 1456 3254 Prosper
1467 3211 1501 3242 in
1514 3210 1702 3246 Chronico.
1730 3212 1773 3246 Et
1787 3212 1956 3259 Liberatus
1969 3211 2048 3243 Dia·
2092 3213 2096 3219 '
2112 3202 2154 3220 ¹²·

1165 3270 1286 3295 conus:
1316 3259 1420 3302 Caesus
1438 3261 1630 3302 Flavianus,
1661 3263 1695 3296 v&
1715 3264 1817 3296 multis
1841 3266 1958 3293 iniuriis
1976 3259 2048 3300 affe-

1167 3311 1230 3344 eius
1242 3334 1253 3350 ,
1278 3310 1372 3343 dolore
1378 3311 1537 3353 plagarum
1550 3317 1696 3355 migravit
1707 3313 1752 3343 ad
1764 3315 1939 3343 Dominum.
1954 3309 2047 3344 Tan-

1166 3361 1234 3395 tum
1258 3359 1366 3401 potuit
1386 3361 1484 3394 unius
1499 3360 1650 3395 Eunuchi
1669 3362 1802 3394 avaritia
1815 3384 1825 3400 ‚
1851 3360 1893 3394 de
1904 3372 1966 3403 qua
1982 3360 2048 3393 lau-

1167 3411 1260 3444 datus
1273 3410 1431 3454 Evagrius
1443 3435 1450 3441 .
1477 3412 1652 3444 Flavianus
1656 3410 1793 3451 fallaciis
1806 3408 1982 3452 chrysaphii
1995 3410 2049 3442 ab·
2068 3424 2116 3452 L,2
2123 3446 2125 3449 ,
2135 3430 2151 3454 ς
2165 3432 2189 3450 2,

1169 3461 1295 3494 dicatus·
1296 3458 1363 3502 fuit
1381 3484 1399 3503 ,
1432 3461 1512 3503 quod
1528 3471 1634 3496 aurum
1652 3468 1708 3500 pro
1730 3461 1793 3499 eius
1815 3461 1860 3494 ad
1889 3458 2049 3501 Episcopa-

1632 3509 1668 3543 H
1720 3520 1736 3544 2
1937 3518 2000 3542 tum
