2340 3736
96 903 126 933 L.
139 911 162 936 5.

98 2117 207 2145 ἰήιε.
220 2122 248 2150 3.

98 2718 213 2750 L.1.tit.
229 2726 253 2755 3.

93 2768 120 2789 c·
135 2770 179 2796 53·

94 2989 234 3037 Epist-72·

96 3036 168 3067 (sip.
185 3038 226 3060 26.

95 3072 168 3108 Cap.
186 3081 210 3107 5.

614 61 699 103 AD
734 58 1020 102 SYNODUM
1056 56 1653 101 CHALCEDONENSEM.

276 155 339 188 que
358 143 540 184 haereticis,
568 142 717 177 Ecclefiae
735 141 858 187 dogma
880 141 915 175 in
936 139 1081 186 generali
1102 141 1159 184 Sy-

276 195 368 228 nodo
392 195 564 229 definitum
584 192 774 227 volentibus
804 194 1028 230 retradiatum,
1062 190 1157 224 abne-

275 245 404 288 ganda,
429 245 516 279 iuter
525 242 737 277 Basileensem
749 240 918 284 Synodum
931 267 941 283 ‚
969 252 1039 285 quae
1059 238 1163 275 Bohe·

277 296 350 328 miae
362 293 509 329 Huffitas
520 293 560 326 ad
572 292 729 335 ejusmodi
752 292 1009 335 disputationem
1030 291 1161 325 admise-

275 354 348 384 rat,
373 344 475 386 aeq-u&
491 344 680 388 Eugenium
706 353 854 386 quartum
876 342 1075 375 Pontificem
1102 341 1163 373 fuit

275 394 391 427 acriter
402 393 560 438 agitatum
573 418 583 434 ,
598 394 650 427 -de
662 404 728 437 quo
741 391 882 427 videnda
906 391 950 424 est
968 390 1062 424 tertia
1088 389 1166 433 Epi-

274 442 355 477 stola
366 442 530 487 synodalis
544 468 550 475 .
579 443 738 477 Mattiani
752 441 805 476 lex
816 442 950 476 damnat
963 440 1045 474 solas
1058 438 1161 482 dispu-

274 493 414 527 tationes
428 493 597 537 publicas‚
622 492 708 527 &de
719 492 791 526 solo
801 491 959 535 dogmate
983 501 1038 534 per
1061 491 1164 533 Syno-

273 544 353 577 dum
368 543 508 577 nostram
521 544 662 577 definito
674 567 681 574 .

323 594 453 628 Eodem
466 604 616 637 tempore
629 593 715 626 inter
726 590 872 624 Clericos
885 589 1053 626 translatio
1065 588 1099 622 ὅ(
1110 601 1164 623 ne-

272 644 364 688 gotia
388 643 544 677 saecularia
569 667 580 683 ‚
622 642 708 675 inter
725 639 905 674 monachos
940 639 1162 684 grassabantur

272 693 491 737 inquietudo,
517 691 658 736 vagandi
680 690 837 729 licentia,
864 691 897 724 ὃς
922 690 1024 723 nimia
1051 700 1163 723 mona-

272 744 444 777 steriorum
458 742 539 776 citra
551 742 793 785 Episcoporum
819 740 985 774 licentiam
1008 738 1163 781 multipli-

273 794 384 833 catio,
409 792 450 826 de
461 790 525 836 qua
554 790 748 832 Zozymus,
773 789 876 823 homo
895 789 1027 834 gentilis
1043 814 1053 829 ,
1076 788 1163 832 pessi—

272 853 346 876 mus
368 842 443 875 osor
462 838 754 881 Christianorum,
791 841 962 883 praesertim
987 838 1161 872 monacho-

271 903 345 925 rum
359 904 366 923 ε
395 890 531 923 Monacbi
548 900 616 923 tam
635 895 668 924 in
679 889 801 924 urbibus
818 914 829 929 ‚
855 901 945 932 quam
957 894 1032 922 vicis
1046 888 1163 930 populo-

265 940 305 984 sa
313 940 429 984 collegia
438 943 586 982 complent
598 940 766 973 hominibus
779 945 925 981 innuptis
936 962 946 978 ‚
971 950 1021 971 nec
1040 940 1085 970 ad
1107 939 1164 971 bel-

269 991 331 1024 ium
343 1001 394 1024 nec
418 992 462 1023 ad
481 992 577 1024 alium
596 989 776 1032 Reipublicae
798 990 983 1033 necessarium
1003 987 1086 1031 usum
1107 989 1165 1021 ido-

270 1046 336 1074 neis
348 1065 359 1081 ,
385 1039 441 1081 nili
446 1042 527 1084 quod
536 1047 594 1074 via
603 1042 734 1083 quadam
758 1038 903 1084 progressi
924 1038 961 1071 ab
986 1050 1016 1072 eo
1037 1046 1164 1079 tempore

270 1097 306 1124 in
315 1089 390 1124 bunc
397 1089 487 1135 usque
497 1092 581 1124 diem
595 1102 735 1134 magnam
746 1099 836 1123 terrae
842 1098 964 1132 partem
973 1087 1055 1132 adse
1068 1086 1164 1130 trans

271 1141 394 1174 tukrint
408 1165 419 1182 ‚
447 1139 545 1184 &fieb
564 1149 719 1184 praetextu
730 1140 811 1182 quast
823 1151 888 1174 cum
905 1138 1089 1182 pauperibus
1109 1149 1165 1169 om-

270 1197 324 1223 nia
333 1196 546 1225 communicem
562 1216 573 1234 ‚
597 1201 695 1223 omnes
702 1192 796 1232 prope
817 1192 949 1224 dixerim
972 1189 1016 1221 ad
1036 1193 1166 1230 inopiam

269 1240 538 1283 redegerintassst
558 1251 686 1285 pagana
696 1239 861 1274 calumnia
876 1264 887 1279 ,
912 1238 1041 1272 habens
1051 1248 1162 1271 tamen

267 1289 348 1332 quid
360 1290 446 1322 veri.
475 1289 569 1324 Nam
580 1290 752 1323 avaritiam
777 1289 935 1329 Clericis,
962 1286 1160 1327 Monachis,

254 1337 508 1383 -&generaliter
519 1339 648 1373 c‘unstis
668 1339 911 1372 continentiam
935 1337 1079 1380 profeffis
1099 1337 1161 1370 esse

265 1401 310 1423 ex
323 1388 553 1429 fundamentis?
563 1389 649 1432 quali
664 1387 844 1422 naturalem
859 1413 869 1429 ‚
887 1387 996 1421 scribit
1019 1387 1055 1421 in
1079 1386 1164 1420 libro

267 1440 311 1473 de
321 1439 428 1473 sancia
445 1436 623 1473 Viduitate
646 1440 780 1473 Sanitus
809 1438 1030 1482 Augustinus.
1069 1437 1166 1470 Eam-

267 1489 400 1523 demin
410 1487 663 1534 aobisgraviter
686 1488 813 1522 notavit
829 1487 1071 1522 Constantinus
1093 1486 1165 1520 Ma-

265 1540 372 1584 gnu'S,
390 1539 425 1573 &
445 1538 668 1573 erubescenda
691 1539 763 1582 lege
783 1538 986 1581 compescuit
1013 1536 1161 1571 Valenti

266 1588 386 1623 nianus
407 1589 552 1631 primus..
594 1587 740 1635 Qdarn
760 1587 779 1620 ὲ
802 1587 896 1622 nobis
915 1586 1015 1621 obliti
1037 1588 1164 1621 fuerant

267 1638 502 1682 Apostolicum
526 1639 727 1673 (janonemz
753 1636 822 1678 Est
820 1647 928 1671 autem
953 1636 1077 1679 quaestus
1102 1650 1165 1670 ma-

263 1699 346 1732 gnus
360 1712 371 1728 ,
404 1694 506 1730 pietas
527 1699 598 1721 cum
613 1687 808 1732 sufficientia.
836 1686 1019 1733 Adversum
1046 1689 1160 1721 cunsta

267 1738 340 1772 haec
350 1737 557 1772 Clericorurn
571 1740 605 1772 &
616 1736 863 1772 Monachorum
874 1738 954 1772 vitia
966 1747 1030 1771 tres
1055 1737 1163 1771 Cano·

267 1799 327 1821 nes
340 1796 537 1831 conceperat:
549 1787 735 1821 Martianus
748 1787 918 1832 Augustus
928 1812 939 1827 ‚
962 1785 1163 1830 Synodoque

266 1836 392 1871 obtulit
403 1836 438 1870 in
451 1836 519 1870 haec
533 1835 629 1870 verba
642 1861 650 1868 .
677 1838 830 1881 ,Quaedam
841 1838 972 1879 capitula
978 1835 1050 1878 sunt
1063 1861 1073 1877 ,
1096 1849 1163 1879 quae

266 1888 312 1919 ad
321 1886 457 1921 bonorem
468 1885 577 1926 velirae
598 1890 789 1921 Reverentiae
804 1887 889 1926 vobis
907 1885 1090 1928 servamus,
1117 1889 1160 1919 de·

266 1948 363 1971 corum
373 1937 424 1981 effe
429 1938 607 1978 judicantes
627 1938 647 1968 ἃ
667 1935 751 1970 vobis
776 1936 839 1970 haec
860 1940 1043 1980 regulariter>
1057 1938 1160 1978 potitis

263 1986 448 2028 firmariper
457 1987 623 2027 synodum,
648 1997 737 2028 quam
760 1987 856 2027 nostra
876 1989 937 2030 lege
954 1984 1085 2029 sanciri.
1116 1986 1158 2020 Et

268 2035 335 2069 huc
348 2034 478 2079 respicit
498 2035 674 2070 Facundus
698 2035 876 2080 Episcopus
895 2035 1161 2075 Hermiauensis,

267 2084 409 2120 scribens
433 2085 475 2119 de
500 2085 635 2119 laudato
658 2085 828 2129 Principe:
864 2090 917 2126 Vir
936 2094 1104 2127 temperans
1128 2087 1161 2119 <⁸5

263 2132 321 2179 suo
330 2142 481 2168 contentus
493 2135 580 2177 officio
591 2134 847 2177 Ecclefiasticorum
855 2140 1017 2169 'eanonum
1027 2144 1160 2169 executor

270 2187 323 2228 effe
333 2185 455 2224 voluit,
475 2194 540 2222 non
550 2187 716 2218 conditori·
730 2186 866 2220 Etenim
885 2196 975 2219 novos
996 2185 1160 2226 constituere

271 2239 410 2268 Canones
418 2246 476 2267 non
487 2233 653 2276 nifimulti's
675 2236 713 2269 6·
726 2241 758 2269 in
768 2247 857 2268 unum
870 2242 1057 2279 congregatis
1064 2241 1159 2278 primi

268 2285 385 2317 ordinis
406 2284 609 2318 sacerdotibus
627 2285 693 2318 licet
706 2309 713 2317 .
755 2286 871 2320 Distos
894 2285 1049 2319 Canones
1079 2285 1159 2330 legit

270 2333 410 2377 synodo
423 2334 667 2369 {Beronicianus
697 2336 776 2370 sacri
803 2335 997 2371 Confistorii
1018 2337 1157 2370 Secreta-

269 2385 337 2418 rius
348 2408 358 2425 ‚
378 2384 418 2418 'ac
430 2383 592 2419 Anatolio
600 2384 770 2428 Episcopo
783 2385 1157 2429 Constantinopolitano

270 2432 403 2468 tradidit
413 2433 615 2477 synodaliter
623 2434 848 2470 discutiendos
856 2459 863 2467 .
900 2436 1002 2470 Fuere
1014 2436 1154 2479 postmo-

270 2482 510 2524 dum‘discuffi,
532 2483 656 2526 probati
672 2508 682 2524 ,
704 2484 843 2529 factique
855 2485 1008 2520 canones
1019 2486 1131 2519 tertius
1145 2510 1155 2525 ‚

271 2540 420 2576 quartus,
440 2532 478 2572 ‚Bc
491 2531 663 2576 vigesimus
675 2557 686 2572 ,
709 2534 801 2577 supra
820 2535 951 2569 abunde
970 2535 1133 2579 explanat]
1148 2559 1155 2567 .

270 2584 458 2630 Quartum,
483 2593 647 2625 perquem
670 2583 811 2626 vagandi
822 2584 954 2618 licentia
977 2586 1013 2618 in
1034 2587 1156 2619 Mona-

270 2630 341 2665 chis
363 2634 533 2671 fraenatur,
559 2631 698 2667 innovat
714 2632 749 2667 in
777 2633 825 2667 sui
853 2634 978 2668 codicis
998 2636 1038 2669 ad
1059 2636 1155 2679 Joan-

272 2693 348 2715 nem
362 2681 519 2716 Praetorio
530 2680 716 2722 PraefeRum
728 2682 799 2728 lege
818 2683 998 2727 Imperator
1007 2685 1151 2728 Justinia·

273 2743 334 2765 nus
349 2756 359 2772 ,
384 2731 553 2765 adversum
568 2731 675 2765 nescio
696 2743 780 2775 quos
798 2733 976 2778 garrientes
993 2735 1033 2769 ad
1055 2735 1154 2779 quod-

271 2784 346 2815 dam
358 2781 674 2825 dumtaxattempus
695 2782 788 2817 fuisse
813 2784 989 2818 sancitum.
1018 2783 1154 2819 Richar-

271 2832 350 2865 dum
362 2830 632 2870 SanstiMedardi
653 2831 838 2875 Abbatem,
869 2835 926 2878 qui
951 2835 985 2868 in
1013 2835 1155 2869 Ecclesia

272 2894 327 2925 per
338 2880 716 2926 sanguinis‘effufionem
741 2884 862 2918 violata
880 2885 947 2918 sine
969 2885 1154 2929 Episcopali

271 2931 538 2966 reconciliatione
558 2931 719 2966 celebrare
741 2934 999 2978 praesumpserat,
1025 2947 1068 2970 ex
1086 2937 1155 2978 ipso

270 2982 396 3026 gravrsl'
401 2993 452 3015 me
466 2981 611 3024 increpat
632 2982 766 3017 Sanctus
779 2983 956 3019 Fulbertus
978 2985 1161 3030 Episcopus.

271 3031 498 3066 Carnurenfis.
507 3029 754 3067 Monachomm
768 3031 968 3077 Apostasiam
983 3036 1025 3069 ab
1037 3035 1155 3070 eodem
1182 3054 1183 3057 ¹

271 3082 371 3115 vetari
396 3081 548 3115 adstruat
565 3081 735 3124 Synodus
764 3082 1007 3125 Triburienfis,
1038 3086 1073 3120 &
1099 3085 1157 3120 sub

258 3132 396 3175 ‚Ioanne
408 3118 610 3165 duodecimo
633 3131 798 3167 Pontifice
819 3134 1033 3180 Augustana.
1057 3137 1156 3171 Inter-

269 3181 337 3215 dici
348 3181 413 3218 illis
425 3181 527 3215 etiam
537 3181 639 3215 sacras
651 3182 924 3227 peregrinationes
936 3185 1044 3219 scribit
1060 3186 1092 3220 in
1120 3187 1157 3220 li-

271 3231 331 3265 bro
342 3231 384 3265 de
396 3231 581 3275 imaginum
593 3231 683 3265 cultu
695 3232 795 3275 Ionas
805 3234 984 3278 Episcopus
1009 3233 1157 3271 Aurelia-

273 3281 395 3315 nensis.
421 3281 533 3328 Qam
545 3281 687 3315 maxime
698 3280 739 3316 de
753 3282 930 3317 Monachis
949 3295 1060 3318 verum
1086 3287 1155 3320 est.-

273 3333 339 3373 ,Qui
351 3331 734 3375 muitumperegrinantur
761 3335 829 3365 raro
836 3332 1074 3376 sant‘ltficantur
1110 3336 1152 3370 Et

271 3380 314 3415 de
325 3379 390 3417 illis
408 3381 585 3440 praisertim
608 3381 754 3426 loquitur
775 3382 880 3417 Sancti
903 3383 1054 3429 Gregorii
1078 3386 1151 3430 Epi-

1940 74 2036 120 277

1203 139 1205 141 ’
1225 139 1310 182 scopi
1332 139 1463 172 Nisseni
1485 139 1526 172 de
1544 140 1847 184 Hierosolymitana
1869 144 2098 189 peregrinatio-

1225 201 1265 224 ne
1280 189 1427 233 Epistola
1437 214 1449 230 ,
1470 190 1527 221 suo
1538 199 1683 234 tempore
1693 193 1885 234 exponenda
1898 219 1904 225 .

1273 239 1438 282 Laudatus
1449 238 1603 281 Princeps
1615 241 1682 273 insu
1689 252 1742 283 per
1752 242 1841 277 aliud
1854 243 1870 275 a
1894 244 2031 286 Synodo
2042 255 2098 288 po-

1226 289 1377 325 stulavit.-
1403 290 1454 322 Ad
1462 288 1718 330 bonoremsancsffae
1745 295 1885 331 Martyris
1898 293 2075 334 Eztphemt'ae
2088 320 2098 334 ,

1226 342 1259 375 ὡ·
1283 340 1385 380 vestrae
1390 345 1507 381 pariter
1531 339 1703 371 Sandiitatis
1718 366 1728 381 ‚
1753 342 2016 384 chalcedonensem
2029 350 2100 377 tivi-

1225 397 1317 422 tatem
1333 414 1343 429 ‚
1368 395 1400 422 In
1424 401 1483 432 qua
1500 387 1614 431 sanc‘lae
1631 388 1704 429 fidei
1730 395 1890 425 Concilium
1907 391 2017 436 gestum
2038 394 2074 433 est
2088 418 2098 433 ,

1226 440 1393 481 metropolis
1410 439 1572 481 privilegia
1585 437 1693 471 habere
1709 439 1857 481 sancimus
1874 467 1884 483 ,
1910 449 2023 475 nomine
2031 451 2100 476 tan-

1226 490 1288 521 tiam
1299 490 1376 523 hanc
1401 489 1578 522 honorantes
1593 512 1604 528 ‚
1625 486 1719 529 salva
1734 492 1869 524 videlicet
1898 494 2101 526 Nicomedien-

1219 538 1293 579 stum
1317 544 1568 581 civitatipropria
1586 540 1750 583 dignitate.
1781 539 1915 575 Tribuit
1926 544 1956 577 ei
1971 554 2008 576 ac
2033 543 2099 586 ejus

1227 589 1388 633 Episcopo
1400 589 1508 623 solum
1519 589 1741 632 metropoleos
1752 600 1789 621 ac
1799 589 1910 625 Metto
1916 593 2022 634 politae
2042 604 2102 626 no-

1226 650 1300 672 rnen
1312 664 1322 679 ,
1348 639 1438 683 quod
1452 640 1565 673 omnia
1577 640 1660 673 sacra
1676 639 1880 682 Pragmatica
1894 665 1903 679 ‚
1926 653 2018 675 veros
2030 644 2104 676 Me·
2136 662 2143 665 «

1225 689 1396 732 tropolitas
1419 689 1576 732 erigentia
1603 714 1613 728 ‚
1640 687 1707 722 haec
1728 689 1794 731 ipsa
1816 689 1923 723 nostra
1950 692 2100 734 Synodus

1223 738 1288 781 jam
1301 739 1391 783 supra
1401 738 1559 772 cassasset.
1591 739 1729 773 Firmari
1743 738 1775 771 id
1790 739 1929 782 postulat
1948 741 1989 773 ad
2001 739 2103 775 hono-

1225 800 1292 823 rem
1305 790 1416 823 san6tae
1428 786 1636 831 Euphemiae‚
1664 787 1980 824 Chalcedonensium
1995 789 2104 824 Patro-

1220 851 1294 880 ·nae,
1320 839 1354 872 in
1367 838 1457 882 cujus
1468 838 1603 873 Basilica
1614 840 1876 882 fueritSynodus
1901 841 2009 874 omnis
2021 852 2104 884 pera-

1226 891 1297 923 sta.
1326 889 1409 922 Eam
1429 889 1521 923 fuisse
1530 899 1621 922 extra
1642 899 1752 923 muros
1764 889 1932 932 Zozymus
1952 890 2101 925 testatur.

1230 940 1270 973 Et
1291 939 1436 973 universa
1463 940 1615 982 Synodus
1636 939 1862 974 exclamavit:
1883 940 2006 985 Justum
2021 942 2107 982 judi·
2123 931 2143 958 L
2163 936 2190 962 5·

1225 995 1300 1022 cium
1313 993 1523 1031 Jmperatoris‚
1549 989 1749 1034 dignifhnela
1774 992 1926 1028 Martyre.
1956 993 1975 1023 5
1978 993 2107 1033 uppltca

1226 1050 1292 1071 mus
1306 1063 1316 1078 ,
1343 1040 1460 1073 dimitte
1482 1051 1534 1072 nos
1558 1064 1569 1079 ,
1596 1042 1651 1073 Pie
1674 1045 1864 1081 Imperator,
1883 1042 2003 1074 dimitte
2030 1054 2081 1074 nor
2096 1066 2104 1074 .

1227 1089 1422 1123 Generalem
1435 1088 1607 1134 Synodum
1634 1101 1722 1125 extra
1735 1090 1894 1124 Romauae
1913 1091 1995 1124 sedis
2016 1103 2108 1134 man-

1227 1138 1302 1174 data
1324 1137 1409 1172 nihil
1432 1141 1518 1181 poffe
1543 1164 1555 1180 ‚
1582 1139 1685 1174 hocce
1721 1140 1913 1174 testimonio
1939 1141 2108 1185 insigniter

1227 1187 1401 1222 docemur.
1430 1189 1563 1222 Etenim
1587 1189 1628 1223 de
1659 1190 1725 1223 sola
1750 1202 1805 1232 per
1833 1190 2051 1233 Eutychetem
2072 1192 2107 1225 <Sc

1228 1238 1428 1272 Dioscorum
1438 1237 1505 1271 laesa
1521 1240 1583 1272 fide
1595 1239 1779 1283 disquiri&
1791 1240 1922 1274 definiri
1939 1242 2107 1275 mandarat

1226 1289 1360 1322 Sanetus
1372 1289 1442 1323 Leo
1468 1289 1554 1332 Papa
1569 1314 1575 1321 .
1602 1290 1682 1323 Hoc
1695 1289 1806 1323 officio
1827 1292 1982 1333 perfunffi
1998 1292 2107 1325 Patres

1229 1337 1298 1372 fieri
1318 1337 1376 1371 fibi
1401 1338 1564 1380 postulant
1587 1339 1776 1374 facultatem
1798 1339 1951 1374 redeundi
1969 1342 2007 1374 ad
2035 1353 2107 1384 pro-

1228 1387 1295 1431 pria
1320 1412 1331 1428 ,
1359 1387 1494 1421 scientes
1518 1388 1673 1432 deinceps
1700 1391 1763 1423 sese
1790 1391 1938 1429 futuros,
1967 1402 2034 1423 non
2055 1402 2107 1423 au-

1227 1436 1408 1472 thenticam
1431 1438 1604 1481 Synodum
1617 1462 1629 1478 ‚
1655 1439 1707 1472 sed
1722 1437 1905 1473 humanum
1926 1440 1991 1474 sine
2003 1441 2107 1483 capite
2166 1443 2168 1445 '

1226 1496 1445 1521 conventum.
1475 1489 1517 1522 Et
1529 1487 1607 1521 hinc
1617 1490 1730 1530 quinta
1740 1488 1894 1531 Synodus
1906 1512 1916 1528 ‚
1940 1490 2106 1534 ipsamque

1229 1539 1332 1571 secuta
1346 1537 1500 1571 Romana
1521 1538 1659 1572 Ecclesia
1673 1538 1754 1572 reste
1775 1540 1919 1573 sentiunt
1932 1540 2106 1582 Synodum

1227 1588 1411 1631 praesentem
1426 1588 1459 1620 in
1474 1587 1535 1621 hac
1548 1587 1689 1621 Adiione
1699 1588 1792 1623 fuisse
1804 1589 1934 1623 finitam
1945 1614 1955 1629 ,
1981 1586 2105 1624 omnia-

1226 1648 1290 1681 que
1313 1637 1522 1681 postmodum
1551 1638 1639 1681 gesta
1673 1638 1767 1672 fuisse
1786 1662 1797 1678 ‚
1824 1651 1890 1672 non
1915 1638 2103 1682 synodalia,

1227 1688 1280 1722 sed
1313 1686 1530 1723 adunatorum
1554 1688 1790 1732 Episcoporum
1811 1688 1931 1732 judicia
1960 1691 2081 1732 privata
2096 1715 2104 1723 .

1226 1738 1328 1784 Qod
1341 1738 1445 1779 ipsum
1470 1748 1559 1781 patet
1570 1738 1669 1772 etiam
1682 1751 1724 1772 ex
1742 1739 1904 1781 Principis
1926 1740 1965 1772 ad
1979 1740 2105 1782 Synodi

1228 1799 1333 1831 preces
1346 1786 1418 1821 Res
1415 1789 1516 1832 ponso
1529 1801 1535 1820 :
1564 1790 1691 1823 Multam
1703 1791 1820 1831 quidem
1831 1788 1895 1829 estis
1911 1790 2107 1831 itinerefati-

1220 1844 1289 1880 gari
1313 1863 1323 1878 ,
1350 1838 1476 1871 laborem
1495 1838 1683 1880 perferentes
1708 1865 1714 1873 ,
1744 1841 1951 1873 Veritmtamen
1968 1838 2107 1881 fhstinete

1225 1886 1321 1920 adhuc
1331 1897 1394 1921 tres
1417 1897 1470 1920 aut
1484 1897 1607 1930 quatuor
1618 1890 1681 1921 dies
1692 1913 1702 1928 ,
1731 1891 1764 1922 o·
1773 1888 1974 1931 praesentibus
1999 1890 2105 1931 nostris

1225 1936 1513 1981 magnificentiffimis
1529 1938 1696 1983 Judicibus
1719 1950 1906 1981 quaecumque
1930 1939 2026 1971 vultis
2050 1952 2106 1972 mo-

1225 1995 1294 2020 vete
1316 2011 1327 2027 ‚
1351 1995 1522 2029 competens
1549 1989 1690 2029 adepturi
1716 1990 1861 2022 auxilium
1882 2013 1888 2020 .
1916 1991 2031 2021 Nullus
2056 2002 2127 2023 ve-,

1219 2036 1314 2076 strum
1326 2061 1338 2076 ‚
1364 2047 1525 2079 antequam
1530 2037 1658 2080 perfet‘Ii
1671 2043 1792 2071 termini
1803 2050 1842 2072 ex
1867 2038 1998 2072 omnibus
2008 2039 2107 2081 profe-

1224 2096 1353 2125 rantur,
1376 2087 1398 2118 ἃ
1406 2086 1510 2130 sant‘io
1537 2087 1664 2122 Concilio
1682 2086 1832 2132 discedat.
1860 2089 1992 2122 Fatetur
2014 2089 2106 2123 Prin-

1223 2146 1297 2179 ceps
1319 2137 1445 2171 finitam
1470 2135 1642 2180 Synodum
1665 2161 1676 2176 ,
1702 2138 1812 2172 verum
1833 2136 1874 2171 ad
1909 2137 2106 2174 dirimendas

1223 2185 1377 2229 quasdam
1399 2185 1456 2220 fibi
1492 2186 1612 2228 delatas
1642 2187 1884 2232 Episcoporum
1910 2188 2105 2230 quaestiones

1224 2236 1293 2270 vult
1315 2235 1427 2274 Patres
1437 2235 1546 2272 adhuc
1566 2248 1620 2281 per
1635 2248 1755 2281 paucos
1775 2238 1892 2276 diesin
1919 2249 2022 2274 unum
2037 2250 2102 2274 ma?

1222 2296 1297 2323 nere
1309 2310 1317 2319 .

1392 2566 1725 2619 ACTIO
1799 2575 1924 2621 VII.

1310 2690 1345 2724 D
1369 2690 1538 2734 septimam
1572 2689 1746 2725 Aaronem
1770 2716 1780 2732 ,
1819 2692 1935 2726 fastam
1961 2693 2099 2736 septimo

1335 2740 1499 2775 Kalendas
1531 2739 1734 2775 Novembres
1756 2766 1773 2784 ,v
1802 2742 1895 2784 loqui
1931 2754 2099 2785 coeperunt

1216 2790 1347 2834 gloriosi
1361 2788 1505 2832 judices:
1535 2791 1737 2831 Diviniffimus
1749 2793 1782 2826 ὡ*
1790 2792 1929 2834 pitfflmus
1951 2796 2098 2827 Dominus

1217 2839 1305 2879 noster
1326 2839 1507 2883 Imperator
1539 2850 1658 2884 rqgatur
1681 2844 1702 2874 ἃ
1726 2846 1862 2875 Maximo
1886 2844 1921 2877 (ἓν
1933 2846 1966 2888 J
1969 2844 2099 2878 uvenale

1212 2888 1396 2933 sanfflffimis
1419 2888 1579 2934 Episcopis
1600 2914 1612 2931 ‚
1631 2898 1774 2933 praecepit
1801 2904 1853 2925 nos
1885 2891 2034 2936 agnoscere
2060 2895 2098 2927 de

1217 2946 1302 2975 motis
1314 2945 1391 2974 inter
1405 2951 1452 2974 eos
1477 2942 1642 2983 capitulis.-
1668 2943 1750 2976 Unde
1761 2948 1965 2976 convenientes
1983 2948 2098 2985 praedt'-

1217 2990 1256 3022 Hi
1261 2988 1391 3033 sandiff
1388 2996 1430 3023 mi
1441 2995 1502 3024 viri
1514 2999 1596 3024 certa
1607 2993 1787 3025 adinvicem
1799 2998 1877 3026 mter
1881 2991 1915 3036 Je
1922 3005 1979 3026 non
1985 2992 2095 3037 scripto

1216 3036 1448 3080 constituerunt,
1474 3042 1661 3074 &videntur
1684 3053 1721 3075 ex
1732 3040 1867 3127 conssnfit
1883 3042 1962 3085 juste
1982 3042 2095 3088 dispost-

1218 3096 1474 3132 ta.Haecig1tur
1489 3090 1785 3133 neceffariumjudica
1810 3104 1886 3126 imus
1897 3099 1987 3126 etiam
1996 3105 2034 3127 co
2035 3104 2093 3124 ‘am

1213 3138 1321 3182 sanbia
1333 3140 1439 3177 synodo
1447 3150 1671 3183 ununquemque
1681 3153 1776 3175 eorum
1788 3144 1902 3177 edocere
1912 3166 1922 3182 ,
1948 3142 2093 3184 quatenits

1218 3191 1300 3222 &ex
1323 3188 1415 3229 nostro
1437 3192 1580 3229 Decreta,
1607 3192 1688 3224 &ex
1711 3192 1809 3233 vestra
1826 3192 1998 3236 sententia,
2026 3203 2095 3233 quae

1213 3238 1349 3280 fuerint,
1373 3240 1509 3279 placita,
1535 3239 1767 3282 confirmentur'.
1799 3243 1881 3276 Rem
1894 3241 1997 3274 edixit
2020 3241 2095 3276 Ma-

1219 3288 1325 3321 ximus
1346 3287 1533 3323 Patriarcha
1557 3289 1788 3325 Antiochenus
1812 3303 1819 3322 z
1847 3292 1965 3323 Placuit
1989 3289 2064 3322 mibi
2083 3316 2094 3332 ‚

1217 3339 1250 3371 (st
1271 3340 1502 3380 reverendtfflmo
1525 3340 1761 3383 Hierosolymae
1775 3339 1922 3382 Episcopo
1938 3334 2095 3384 juvenali

1215 3387 1274 3430 post
1296 3390 1421 3421 multam
1448 3393 1659 3423 contentionem
1667 3397 1731 3432 ‚per
1752 3387 1915 3433 confi-nsum
1930 3415 1941 3432 ,
1967 3400 2000 3423 ut
2005 3389 2094 3438 series

1987 3446 2049 3482 qui-
