2340 3736
620 108 710 150 AD
744 103 1037 147 SYNODUM
1072 101 1597 145 CHALCEDONENSE
1623 118 1682 148 M.

1896 118 1993 163 259

297 188 352 223 Ad
373 187 511 234 primam
534 185 761 229 exceptionem
781 183 923 226 reposuit
945 181 1125 224 Cecropius
1187 180 1256 212 aliis
1268 181 1353 213 laicis
1376 179 1414 212 ab
1438 181 1629 217 Alexandriae
1649 182 1794 227 prefec‘li,
1819 185 1966 220 adversus
1996 190 2065 220 Dio-

247 239 427 283 Episcopus
447 236 762 279 Sebastopolitanus:
791 234 884 267 Paulo
909 241 978 266 ante
988 241 1041 265 tua
1053 233 1128 264 San-

246 289 336 322 Clitas
356 300 412 322 non
431 286 569 332 afferebat
587 285 622 329 se
645 286 814 328 infirmari,
834 280 1124 326 sedpostulabatsa·

246 339 430 379 cratiffimum
460 339 601 370 Senatum
630 337 663 369 (9⁶
696 334 988 378 magnificentiffimos
1001 333 1123 373 judices

246 390 298 431 effe
314 386 480 431 praesentes
496 412 505 427 ,
531 398 606 419 nunc
627 388 699 419 vero
720 384 772 421 boc
794 385 899 417 addit.
928 382 983 416 Ad
995 382 1124 415 tertiam

245 437 387 472 reddidit
406 436 598 481 pergamius
623 433 854 469 Antiochenus
881 446 892 465 .·
931 429 1127 474 Religiofiffimi

248 487 368 531 Eusebii
391 487 596 521 Dorilaeensis
617 484 756 528 Episcopi
777 481 924 525 accusatio
947 505 958 521 ‚
976 479 1048 520 ficut
1073 482 1127 512 ad-

246 538 353 571 versus
373 546 459 570 tuam
481 541 694 570 Reverentiam
707 533 818 576 sabla,
843 540 928 565 tuam
940 535 1050 573 qua-rit
1059 539 1126 571 per-

242 586 347 630 sonam
365 598 377 628 ·,
402 588 520 630 ideoque
545 597 627 620 tuam
649 583 843 618 sanctitatem
866 580 1066 624 consequenter
1093 585 1127 614 C?

244 638 421 681 regulariter
440 642 564 670 vocavit
584 637 618 669 ὁ·
638 641 725 667 vocat
742 631 921 675 Janc‘lzffima
946 633 981 665 ὁ·
1008 629 1126 664 catholi-

244 698 280 720 ca
301 688 425 725 synodus
436 712 443 719 .
472 684 595 720 Revera
616 683 705 717 enim
718 682 855 715 unicum
868 681 1067 715 Dioscorum
1079 692 1126 714 ac-

245 738 368 771 cusarat
392 735 549 769 Eusebius
574 758 585 775 ‚
620 732 703 766 reete
729 731 844 765 dicens
868 730 909 766 ad
935 731 1126 774 Synodum,

247 786 316 829 Etfi
333 786 373 819 ab
392 787 461 819 aliis
481 782 570 826 laesus
592 784 674 825 effem
701 806 712 822 ‚
748 782 854 815 licebat
880 781 955 814 mibi
976 781 1126 815 adversus

245 848 360 877 unum,
386 846 473 878 quem
493 834 619 873 vellem,
645 830 855 875 accusationem
878 833 1018 874 deponere
1045 856 1052 863 .
1083 831 1126 863 Et

245 883 324 919 hinc
345 883 431 918 nihil
450 883 602 927 replicare
625 883 805 917 Dioscorus
819 881 945 922 voluit,
970 881 1022 915 sed
1036 880 1128 914 dum-

244 936 334 968 taxat
355 934 397 968 ad
417 934 637 979 gloriosorum
658 932 805 975 judicum
827 931 1024 975 praesentiam
1060 942 1128 974 pro-

243 983 399 1019 clamare.
429 982 588 1018 Reddidit
599 982 674 1016 ver&
686 981 883 1025 Cecropius:
908 982 1039 1026 ‚Quando
1049 992 1131 1023 quae-

242 1035 315 1067 dam
339 1034 498 1080 Regularia
509 1039 721 1067 examinantur
734 1057 745 1073 ,
771 1043 861 1074 neque
868 1033 1011 1072 judices,
1036 1043 1129 1073 neque

243 1086 358 1127 aliquos
379 1084 451 1116 alios
473 1085 559 1118 laicos
580 1083 709 1126 interesse
731 1090 863 1123 oportet.
891 1081 974 1130 Qae
994 1080 1130 1124 antiqua

242 1134 457 1178 Synodorum
480 1134 592 1178 regula
616 1133 662 1168 est
686 1131 765 1167 alibi
788 1129 915 1166 abunde
938 1131 1128 1174 explanata.

245 1185 406 1219 Eamdem
429 1185 464 1218 in
493 1184 601 1218 Sanfti
625 1181 796 1217 Athanafii
808 1181 850 1216 ad
860 1180 1042 1216 monachos
1054 1181 1131 1223 Epi·

240 1234 326 1268 stola
348 1233 460 1268 laudat
485 1234 635 1268 Liberius
656 1232 814 1266 Pontifex
834 1256 846 1273 ,
873 1231 1042 1274 alloquens
1067 1232 1132 1264 Eu-

241 1283 368 1317 sebium
393 1283 584 1317 Constantii
607 1282 748 1326 Augusti
776 1280 978 1316 Eunuchum
1007 1294 1019 1314 .·
1054 1284 1132 1312 Fiat

236 1331 436 1374 >Ecclesiastico
458 1334 587 1372 synodus
614 1333 699 1375 longe
719 1333 739 1363 ἲι
758 1332 876 1372 palatio
896 1354 907 1370 ‚
933 1330 984 1363 ubi
1004 1340 1056 1363 nec
1076 1333 1132 1362 Im-

236 1391 361 1426 perator
380 1383 491 1425 pra-sto
510 1382 570 1423 est,
598 1393 649 1415 nec
673 1387 776 1416 Comes
798 1379 832 1423 se
852 1385 978 1423 ingerit.
1006 1379 1050 1414 Et
1075 1379 1133 1413 ibi-

240 1433 318 1467 dem
338 1433 371 1465 in
402 1433 517 1466 litteris
527 1433 568 1467 ad
581 1432 685 1474 ipsum
698 1430 887 1475 Augustum
901 1429 1131 1464 Constantium

240 1482 365 1517 Hosius
388 1483 568 1528 Episcopus
595 1480 831 1515 Cordubensis:
858 1480 1134 1524 ‚QuidtaleaCon-

235 1533 335 1574 stante
355 1532 509 1577 Augusto
531 1533 630 1566 ae‘lum
653 1531 691 1572 est
703 1557 710 1563 .
739 1531 1018 1575 ,Quando—Iudiciis
1030 1531 1132 1563 Eccle-

236 1582 356 1626 ssaflicis
379 1583 543 1624 interfuit?
573 1581 737 1616 Eumdem
746 1580 937 1623 Principem
948 1580 1132 1625 gravissime

241 1632 351 1676 arguit
372 1632 493 1676 &ipse
514 1634 649 1667 Sanetus
674 1629 872 1665 Athanasius
886 1655 896 1672 ,
922 1631 1011 1675 quod
1039 1631 1132 1666 suum

243 1682 410 1716 Palatium
433 1683 468 1716 in
496 1681 793 1718 Ecclesiasticarum
814 1683 980 1717 causarum
990 1680 1132 1717 tribunal

244 1742 381 1767 verteret
400 1757 412 1773 ‚
436 1733 470 1766 &
493 1734 558 1767 sese
579 1734 698 1768 faceret
722 1733 829 1768 litium
852 1732 984 1767 istarum
1006 1733 1131 1768 Princi-

242 1793 317 1825 pem
339 1783 373 1815 δε
398 1782 635 1826 Cognitorem.
664 1784 752 1818 Eum
775 1784 838 1817 esse
848 1783 930 1817 dicit
942 1782 1132 1818 Anti-Chri-

243 1831 329 1865 stum
357 1855 368 1871 ,
405 1842 462 1866 aut
492 1832 567 1867 sane
588 1833 750 1878 insignem
772 1832 858 1866 illius
882 1834 1131 1876 praecursorem:

242 1880 328 1916 adeo
349 1882 543 1924 caecutiunt,
575 1883 630 1926 qui
649 1883 796 1928 garriunt
815 1883 988 1917 Romanos
998 1882 1133 1927 Impera.

242 1942 331 1966 tores
352 1932 560 1976 generalibus
581 1932 724 1977 Synodis
743 1932 944 1977 quandoque
975 1935 1132 1977 praesedis·

241 1982 295 2015 se.
324 1981 418 2016 Hinc
441 1983 547 2027 pergit
568 1982 762 2017 Athanasius
786 1996 792 2015 :
820 1986 896 2016 Cum
911 1985 1027 2024 ⁸iudicio
1055 1987 1133 2026 Epi·

242 2030 392 2074 scaporum
415 2033 491 2073 quid
509 2044 658 2066 commune
676 2033 766 2067 babet
777 2034 964 2074 Imperator?
992 2035 1132 2067 Plurimae

244 2079 374 2113 antehac
394 2082 498 2119 synodi
517 2080 628 2123 fuere,
653 2084 748 2115 multa
760 2084 878 2122 judicia
907 2081 1040 2124 Ecclefiae
1052 2083 1133 2116 babi-

243 2138 280 2162 ta
297 2128 389 2172 Junt;
411 2128 472 2173 sed
492 2142 583 2174 neque
607 2134 716 2165 Patres
737 2131 897 2175 istiusmodi
921 2143 970 2164 res
990 2157 1001 2172 ‚
1027 2134 1133 2166 crimi-

248 2179 342 2212 nales
363 2180 604 2224 Episcoporurn
624 2182 733 2216 causas
760 2206 771 2221 ,
808 2184 940 2223 Principi
958 2180 1134 2225 persuadere

243 2235 341 2261 conati
360 2227 434 2272 sunt
447 2253 457 2268 ,
483 2241 534 2263 nec
556 2234 701 2274 Princeps
718 2230 752 2274 se
772 2236 804 2264 in
827 2230 880 2272 bis
892 2229 1034 2274 curiosum
1055 2240 1135 2274 prae-

244 2278 330 2311 buit.
362 2279 476 2313 Paulus
500 2280 647 2323 Apostolus
664 2281 793 2315 habebat
817 2287 923 2314 amicos
944 2287 977 2313 in
1002 2281 1135 2324 Caesaris

238 2328 388 2370 familia,
415 2331 450 2363 &
465 2338 522 2372 per
546 2342 593 2364 eos
616 2338 649 2365 in
672 2333 779 2365 litteris
797 2329 952 2374 salutabat
966 2330 1135 2373 Philippen-

240 2377 292 2422 fhs
319 2402 331 2418 ,
368 2389 427 2412 non
457 2388 560 2413 tamen
592 2391 638 2414 eos
671 2386 702 2413 in
729 2382 838 2421 judicii
858 2379 948 2423 socios
970 2381 1133 2424 afficmpfit.

246 2433 339 2461 Nunc
359 2438 461 2462 autem
482 2441 595 2463 novum
614 2431 763 2473 quoddam
781 2429 978 2474 spec‘laculum
998 2430 1037 2463 ab
1051 2435 1136 2465 Aria-

245 2489 289 2510 na
309 2477 416 2519 haerefi
430 2479 545 2512 editur.
574 2484 788 2514 Convenerunt
809 2486 886 2513 enim
911 2485 943 2513 in
963 2492 1054 2524 unum
1074 2480 1135 2515 hae-

246 2532 330 2576 retici
350 2528 384 2560 <¹5
405 2531 569 2569 Imperator
591 2529 780 2569 Constantius
792 2552 802 2568 ,
830 2539 864 2563 ut
884 2530 931 2564 ille
951 2531 1068 2572 quidem
1076 2528 1133 2574 sub

243 2584 397 2619 pra-textu
417 2576 624 2620 Episcoporum
641 2576 700 2621 sua
719 2578 862 2620 potestate
886 2581 1051 2613 adversum
1073 2593 1133 2623 eos,

247 2637 319 2668 quos
339 2627 434 2666 velit,
459 2636 562 2661 utatur
584 2650 596 2666 ‚
621 2630 654 2662 (⁴2⁹
676 2637 777 2662 tamen
803 2633 835 2659 in
852 2627 1048 2671 persecutione
1068 2639 1135 2672 per-

244 2675 361 2719 secutor
381 2687 438 2708 non
459 2677 626 2718 appelletur
648 2690 662 2719 ;
696 2680 743 2712 illi
765 2679 836 2711 veri
853 2676 994 2721 succindit
1020 2682 1135 2714 Princi-

244 2732 297 2767 pis
317 2724 457 2767 potestate
476 2724 599 2767 infidias
613 2727 759 2769 faciant,
785 2727 891 2770 quibus
916 2729 1037 2761 volunt.
1064 2730 1134 2764 Hic

247 2777 337 2809 enim
359 2786 400 2808 ex
421 2786 513 2810 verus
535 2778 649 2820 scopus
676 2803 687 2819 ‚
714 2778 759 2812 est
779 2788 847 2820 quo
870 2777 946 2811 laici
968 2778 1135 2822 Principes

247 2824 473 2859 criminalibus
503 2826 709 2861 Clericorum
741 2827 843 2861 causis
863 2827 1009 2862 interesse
1030 2829 1136 2872 postu-

249 2874 318 2908 lant
332 2884 412 2915 ,aut
433 2875 650 2918 postulantur.
679 2877 780 2911 Rea&
801 2886 912 2912 tamen
936 2877 976 2911 ad
999 2879 1136 2913 Diosco-

248 2935 321 2958 rum
343 2923 468 2958 addidit
495 2925 647 2960 Ruffinus
674 2927 855 2971 Episcopus
888 2928 1133 2962 Samosatenus:

246 2978 400 3008 Canonica
414 2973 490 3018 sunt
512 2987 579 3018 quae
600 2986 779 3017 moventur,
806 2978 841 3010 6·
859 2985 968 3019 potens
991 2977 1029 3018 est
1054 2990 1130 3012 nunc

236 3023 301 3057 'tua
319 3030 499 3067 perveniens
524 3026 673 3059 sanctitas
696 3039 764 3069 quae
788 3028 855 3060 vult
874 3026 1052 3069 postularet?
1061 3029 1133 3071 fitn-

247 3075 294 3107 e‘Io
314 3075 442 3108 Concilio
468 3099 474 3106 .
502 3075 622 3109 Laicos
645 3077 734 3110 enim
757 3076 856 3110 etiam
877 3078 917 3111 ad
945 3077 1135 3120 hujusmodi

246 3124 368 3167 judicia
398 3123 503 3168 potest
538 3126 696 3170 generalis
720 3126 875 3169 synodus
895 3138 936 3162 ex
958 3128 1060 3162 causis
1084 3127 1138 3162 ad-

249 3184 399 3209 mittere.

298 3223 431 3272 Qibus
449 3222 602 3258 omnibus
613 3223 653 3258 ad
675 3224 844 3268 Synodum
854 3227 982 3266 relatis,
1008 3228 1136 3262 tertiam

250 3284 289 3307 ac
300 3274 548 3318 peremptoriam
560 3274 753 3309 citationem
765 3276 928 3311 Dioscoro
949 3277 1079 3311 decerni
1091 3278 1139 3310 in-

251 3323 342 3357 stiti(
372 3324 539 3358 accusator
575 3323 754 3367 Eusebius3
781 3325 827 3359 ast
852 3326 968 3360 AEtius
990 3326 1138 3361 Ecclesiae

254 3372 632 3418 Constantinopolitanae
643 3373 934 3409 Archi-Diaconus
947 3377 1116 3411 interceffit
1129 3390 1136 3410 :

256 3422 398 3457 Antehac
412 3426 526 3466 aliqui,
555 3423 724 3467 dicentesse
746 3425 795 3467 effe
818 3426 962 3466 clericos,
989 3428 1051 3459 una
1072 3438 1137 3461 cum

298 3476 308 3486 ³
353 3471 459 3513 christ.
474 3478 554 3517 Lupi
563 3479 649 3519 Oper.
662 3478 739 3508 Tom.
754 3479 789 3508 Π.

1182 228 1507 273 scorumsanc‘liffimum
1529 232 1706 275 Episiopum
1717 235 1827 268 libellos
1846 243 2042 276 porrexerunt
2054 262 2064 270 .

1190 284 1230 312 Hi
1242 289 1310 313 ante
1317 279 1453 323 fandum
1464 283 1625 315 Concilium
1633 284 1759 324 vestrum
1769 284 1914 324 constituti
1932 287 2066 320 clamori-

1188 329 1239 362 bus
1252 329 1369 374 ufisunt
1381 355 1392 371 ‚
1418 332 1452 364 θ
1470 329 1623 374 obsecrant
1642 338 1832 375 conjurantes
1849 343 1907 376 per
1921 333 2064 377 sandicum

1188 378 1455 423 confitbstantialem
1478 383 1657 414 Trinitatem
1669 406 1680 422 ‚
1715 389 1866 418 introitum
1887 390 2064 426 impetrare.

1191 430 1280 465 Ante
1304 431 1432 474 Synodi
1452 430 1536 465 fores
1558 430 1685 465 stabant
1707 432 1900 468 Athanasius
1919 433 2067 468 Ecclesiae

1190 479 1421 515 Alexandrinae
1446 480 1642 523 Presbyter,
1678 480 1875 517 Theodorus
1904 483 1938 517 ὃ(
1958 483 2069 527 Ischy-

1189 531 1263 564 rion
1285 530 1429 573 ejusdem
1458 531 1606 566 Ecclefiae
1626 531 1792 572 Diaconi,
1818 544 1878 566 nec
1909 545 1977 569 non
2009 534 2067 568 So-

1190 579 1348 624 phronius
1359 580 1598 616 fidelisibidem
1615 581 1737 622 laicus,
1764 580 1917 616 habentes
1939 583 2068 619 libellos

1189 629 1341 664 Dioscori
1353 631 1508 675 Episcopi
1519 632 1566 665 sui
1578 632 1795 666 accusatorios
1807 655 1818 671 ‚
1845 642 1983 674 quorum
1998 645 2068 668 om-

1188 680 1280 712 nium
1301 679 1368 714 haec
1389 682 1452 715 fuit
1474 681 1663 726 Epigraphe
1686 696 1693 715 :
1721 681 1915 721 Sanc‘liffim0‚
1949 693 1983 714 ac
2008 687 2066 717 Dei

1192 731 1404 770 amantiffimo‚
1431 730 1640 775 &universali
1661 729 1904 774 Archi-Episcopo
1917 754 1927 770 ,
1954 733 1988 765 (9
2009 735 2069 764 Pa-

1189 779 1329 813 triarcbae
1340 792 1457 823 magnae
1474 785 1576 814 Romae
1596 785 1704 820 Leoni,
1735 784 1771 816 (⁴5
1793 777 1957 824 universali
1979 780 2070 814 Chal-

1188 828 1467 871 cedonenfisynodo.
1498 830 1568 863 Hic
1589 831 1634 865 est
1658 831 1788 873 Synodi
1811 830 1921 871 locus,
1947 830 1983 864 in
2005 843 2074 874 quo

1190 880 1325 914 titulum
1352 905 1363 922 ,
1399 879 1578 920 universalis
1610 878 1794 924 Episcopus,
1828 881 1920 914 fuisse
1956 881 2075 915 Sancto

1191 930 1295 964 Leoni
1309 930 1402 974 Papae
1411 930 1560 965 oblatum
1575 956 1586 972 ,
1614 931 1699 965 &ab
1723 931 1783 965 illo
1805 930 2009 974 repudiatum
2028 931 2079 965 di-

1191 982 1298 1014 ximus
1310 981 1367 1015 suo
1380 980 1455 1015 loco
1467 993 1509 1015 ex
1518 981 1636 1015 Sancto
1647 981 1811 1026 Gregorio
1828 1005 1836 1013 .
1863 981 1907 1014 Et
1918 980 2078 1024 quoniam
2119 987 2121 989 ’

1190 1032 1299 1064 omnis
1333 1032 1499 1065 accusator
1521 1031 1617 1065 debet
1627 1032 1835 1075 semetipsum
1855 1030 1896 1064 ad
1917 1030 2079 1065 talionem

1192 1081 1368 1114 solenniter
1392 1082 1580 1123 inscribere,
1606 1080 1646 1115 ad
1655 1079 1877 1116 Theodorum
1887 1081 2079 1115 Diaconum

1192 1131 1326 1164 Sanetus
1357 1129 1565 1164 Paschasmus
1586 1133 1730 1175 Legatus
1756 1131 1803 1166 est
1838 1131 2077 1165 interlocutus:

1193 1180 1280 1223 ,Quid
1291 1181 1363 1213 dicit
1371 1180 1505 1222 praesens
1515 1179 1662 1223 accusator
1676 1181 1844 1215 Theodorus
1862 1181 1879 1212 ,ἶ
1902 1183 1935 1214 5i
1953 1182 2079 1223 confidit

1189 1229 1316 1271 probare
1337 1241 1392 1270 ea,
1420 1242 1487 1272 quae
1510 1237 1619 1274 ingerit
1643 1232 1790 1264 adversus
1811 1231 2079 1270 reverendiffimum

1194 1278 1370 1322 Episcopum
1391 1279 1578 1323 Dnjiorum,
1610 1287 1730 1323 proprio
1765 1292 1813 1314 ore
1840 1280 2032 1322 confiteatur,
2052 1279 2084 1321 fi

1194 1341 1250 1362 non
1262 1331 1330 1363 vult
1340 1331 1502 1372 regularem
1521 1332 1670 1364 adversus
1681 1330 1714 1374 se
1733 1337 1864 1364 converti
1879 1329 2059 1373 sententiam
2070 1355 2078 1362 .

1194 1379 1251 1413 Ad
1271 1391 1340 1423 quas
1359 1377 1561 1414 Theodorus
1573 1393 1583 1413 .·
1609 1380 1742 1421 Supplico
1761 1379 1929 1422 porrectum
1951 1381 2079 1413 libellum

1194 1435 1383 1463 monimentis
1420 1428 1531 1473 inseri,
1562 1438 1693 1474 paratus
1728 1434 1806 1464 enim
1835 1428 1904 1473 sum
1928 1429 2001 1463 mihi
2027 1427 2083 1472 ipfi

1195 1480 1311 1523 adesse·
1661 1474 1665 1478 ¹

1244 1530 1325 1574 Ejus
1335 1529 1483 1570 libellus,
1508 1530 1548 1565 ad
1560 1531 1872 1566 LucentiiRomani
1886 1531 2004 1576 Legati
2030 1532 2079 1565 in·-

1194 1579 1446 1615 terlocutionem
1458 1581 1558 1615 lestus
1568 1581 1608 1615 ab
1624 1582 1725 1615 AEtio
1739 1580 2079 1623 constantinopoleos

1196 1629 1470 1665 Archi—Diacono
1485 1655 1495 1672 ,
1531 1630 1672 1666 habebat
1693 1630 1800 1674 capita
1811 1631 1915 1665 varia.
1942 1630 2076 1671 Primo,

1195 1680 1285 1726 quod
1296 1681 1450 1716 Dioscori
1463 1682 1496 1715 in
1511 1680 1658 1716 subditos
1673 1706 1683 1722 ‚
1709 1682 1814 1715 sacros
1834 1680 1992 1715 Canones
2004 1705 2014 1721 ‚
2038 1692 2079 1714 ac

1196 1734 1205 1766 i
1212 1733 1298 1776 psam
1308 1731 1533 1766 Divinitatem
1543 1732 1686 1766 excessus
1698 1732 1798 1765 essent
1810 1729 1911 1775 longe
1922 1730 2053 1775 plurimi
2067 1754 2079 1770 ,

1195 1784 1267 1818 noti
1278 1794 1319 1817 ex
1331 1781 1471 1827 publicis
1483 1782 1645 1816 variorum
1667 1781 1812 1825 judicum
1827 1781 1939 1822 Astis,
1965 1781 2000 1814 &
2021 1781 2079 1824 qui

1195 1845 1256 1868 nec
1267 1845 1321 1876 per
1343 1832 1579 1867 disertissimam
1602 1833 1752 1877 linguam
1762 1831 1889 1876 possent
1911 1830 2008 1874 plane
2027 1843 2082 1865 ex-

1197 1884 1294 1928 poni.
1330 1883 1503 1924 Secundo,
1539 1884 1585 1917 ait
1606 1882 1808 1917 Theodorus
1830 1883 1862 1915 se
1880 1892 1935 1924 per
1959 1882 2084 1926 viginti

1196 1934 1279 1969 duos
1289 1944 1394 1968 annos
1404 1934 1470 1967 fine
1480 1934 1610 1977 querela
1634 1934 1796 1967 versatum
1808 1932 1844 1966 in
1855 1942 1976 1976 magna
1993 1930 2086 1964 scho-

1197 1985 1226 2017 la
1257 1984 1574 2028 Magistrianorum‚
1599 1983 1749 2017 meruisse
1776 1982 1862 2016 illius
1887 1981 2081 2026 privilegIa,

1197 2034 1488 2076 fuiffeproximum
1498 2033 1562 2067 illis
1583 2032 1815 2076 impetrandis,
1839 2043 1876 2066 ac
1899 2033 1934 2065 in
1958 2029 2088 2074 Ephesi-

1197 2095 1239 2117 na
1250 2083 1387 2126 Synodo
1400 2082 1536 2117 fideliter
1547 2083 1685 2119 serviisse
1695 2084 1810 2117 Sancto
1824 2081 1956 2124 Cyrillo
1967 2105 1978 2121 ,
1998 2080 2086 2115 ideo-

1196 2144 1259 2176 que
1271 2132 1312 2166 ab
1329 2132 1389 2166 illo
1401 2134 1495 2167 fuisse
1505 2132 1711 2176 adsumptum
1736 2133 1771 2166 in
1784 2131 1919 2166 Clerum
1941 2131 2089 2166 Ecclesiae

1197 2181 1447 2223 Patriarchalis‚
1472 2183 1507 2216 &
1530 2182 1679 2227 adjungit
1700 2195 1707 2215 z
1734 2183 1812 2215 Cum
1845 2182 1964 2215 viderer
1981 2180 2088 2223 ftuc‘lu

1197 2234 1352 2266 multorum
1368 2243 1511 2266 annorum
1526 2232 1673 2274 fraudari
1684 2233 1802 2266 militiae
1825 2243 1917 2272 meae,
1944 2233 2087 2272 majorem

1197 2283 1333 2316 honorem
1371 2281 1545 2322 existimans
1564 2287 1674 2316 Divini
1707 2284 1742 2317 ό*
1763 2281 1944 2316 venerabilis
1965 2280 2087 2321 mysterii

1197 2331 1389 2372 ministerium
1402 2356 1414 2372 ,
1440 2333 1605 2374 quindecim
1626 2343 1720 2366 annos
1742 2337 1774 2365 in
1797 2332 1895 2366 eodem
1917 2333 2001 2364 Clero
2019 2339 2089 2373 per-

1196 2380 1293 2424 manfi
1302 2406 1313 2421 ‚
1336 2380 1462 2425 sperans
1483 2384 1517 2416 62·
1547 2385 1690 2424 majorem
1708 2382 1843 2415 bonorem
1880 2385 2004 2414 mereri.
2033 2381 2087 2414 Ex

1197 2443 1262 2476 quo
1283 2431 1387 2475 liquet
1407 2432 1612 2475 impensum,
1639 2431 1823 2466 dummodo
1847 2431 1912 2464 fine
1935 2433 2028 2474 pasto
2052 2431 2088 2466 &

1198 2493 1291 2526 prava
1304 2482 1357 2524 spe
1370 2506 1382 2522 ‚
1411 2482 1575 2526 Episcopo
1589 2481 1802 2515 ministerium
1816 2493 1883 2516 non
1895 2481 1957 2514 esse
1967 2492 2087 2514 munus

1196 2532 1238 2566 ab
1258 2530 1441 2574 obsequio,
1466 2532 1636 2566 materiam
1661 2532 1815 2565 Simonia:
1834 2556 1841 2563 .
1874 2531 2015 2569 Tertio,
2040 2532 2087 2565 ait

1197 2580 1400 2616 Theodorus
1414 2582 1472 2616 sea
1484 2582 1650 2615 Dioscoro
1664 2581 1773 2615 nescio
1795 2592 1859 2624 qua
1879 2581 1930 2613 via
1945 2579 1986 2614 ad
2009 2581 2088 2624 Epi-

1197 2633 1367 2675 scopatum
1380 2631 1550 2675 adsumpto
1564 2631 1657 2665 fuisse
1669 2656 1679 2672 ,
1693 2631 1726 2665 &
1738 2630 1873 2674 quidem
1884 2628 2087 2670 inauditum,

1198 2680 1411 2726 degradatum
1425 2681 1547 2724 adjecta
1557 2681 1822 2715 comminatione
1834 2679 2087 2723 deportationis,

1191 2739 1317 2773 propter
1329 2729 1407 2763 nihil
1415 2732 1521 2771 aliud,
1547 2729 1603 2773 nisi
1611 2730 1645 2764 ob
1666 2732 1719 2772 id,
1745 2732 1824 2773 quod
1837 2729 2087 2772 familiaritatem

1197 2783 1231 2815 ὁ·
1256 2779 1489 2814 benevolentiam
1518 2778 1635 2824 sanc‘t'ae
1661 2787 1808 2815 memoria·
1832 2779 1932 2818 cyrilli
1962 2787 2088 2814 meritus

1191 2831 1295 2873 fuisset
1309 2855 1316 2863 .
1343 2830 1475 2879 Qarto
1489 2854 1500 2871 ‚
1525 2830 1617 2873 quod
1628 2829 1733 2865 hocce
1758 2831 1814 2865 ille
1827 2829 1906 2864 odio
1928 2830 1962 2864 in
1979 2831 2088 2865 Sanffl

1198 2880 1318 2922 Cyrilli
1333 2881 1506 2915 familiares
1530 2881 1564 2914 δε
1587 2881 1850 2926 consanguineos
1871 2880 2090 2924 pariformiter

1199 2930 1337 2974 flagret,
1360 2941 1496 2964 exercens
1522 2935 1696 2964 inimicitias
1723 2930 1873 2964 adversus
1893 2930 2004 2964 rectam
2024 2933 2089 2972 ejus

1193 2980 1303 3023 fidem,
1332 2979 1490 3014 haereticus
1515 2980 1705 3022 constitutus,
1735 2981 1769 3015 &
1783 2979 1915 3023 quidem
1937 2981 2090 3025 Origeni⁶

1199 3031 1245 3064 sta
1266 3055 1277 3071 ,
1316 3031 1466 3065 Sanctam
1501 3030 1602 3064 etiam
1626 3030 1830 3065 Trinitatem
1866 3029 2088 3074 blasphemare

1198 3081 1390 3114 consuetus.
1413 3079 1546 3127 Qinto
1561 3104 1571 3120 ,
1597 3080 1687 3123 quod
1707 3081 1835 3124 insuper
1858 3079 1895 3113 fit
1917 3079 2005 3114 varie
2029 3081 2088 3114 cri—

1200 3130 1367 3170 mInosus,
1393 3130 1506 3172 utpote
1518 3128 1667 3162 homicidii
1685 3142 1743 3163 non
1763 3137 1890 3172 expers,
1917 3142 2007 3173 neque
2017 3131 2089 3163 alie-

1199 3191 1255 3213 nas
1266 3186 1396 3220 parcens
1407 3180 1541 3212 excidere
1551 3179 1670 3213 arbores
1688 3204 1699 3221 ,
1720 3191 1811 3223 neque
1823 3181 1960 3214 incendia
1962 3179 2065 3221 facere
2076 3204 2087 3220 ,
2149 3188 2153 3193 “

1200 3239 1292 3272 neque
1313 3230 1412 3261 domos
1442 3228 1604 3270 destruere,
1625 3228 1683 3272 sed
1702 3233 1736 3265 (tt
1761 3235 1887 3272 turpiter
1902 3227 2021 3271 semper
2042 3235 2090 3263 vi-

1201 3290 1294 3313 vens.
1322 3276 1443 3319 Sexffi,
1468 3277 1557 3321 quod
1578 3280 1679 3314 etiam
1705 3280 1792 3314 hanc
1818 3280 1958 3312 sanctam
1985 3280 2090 3322 Syno-

1200 3329 1280 3363 dum
1307 3328 1426 3362 Nicaeae
1465 3327 1653 3364 inchoatam
1692 3329 1852 3368 turbarit,
1879 3330 2089 3374 coegeritque

1201 3377 1447 3413 Chalcedonem
1460 3380 1621 3413 transferri
1638 3405 1644 3411 .
1672 3383 1729 3412 Hic
1738 3390 1868 3422 namque
1872 3377 2066 3422 sanfflffimus
2076 3404 2090 3420 ‚

1204 3433 1300 3472 magis
1312 3437 1409 3462 autem
1420 3434 1497 3463 circa
1509 3434 1607 3462 omnia
1610 3429 1798 3470 ferocissimus
1809 3453 1820 3470 ,
1844 3435 1876 3464 in
1885 3428 2089 3473 consuetudine

1579 3477 1610 3511 K
1624 3479 1647 3514 k
1697 3491 1721 3516 2
1925 3478 2036 3512 habens
