2340 3736
582 128 997 182 ScH0L115‚ET
1033 135 1644 169 N0r131ttusrnAr1.

451 250 892 300 SCHOLION.

335 358 501 395 Uomodo
512 359 707 396 undecimus
728 358 770 392 de
781 359 857 394 solis
867 358 1049 398 laicorum,
1073 357 1126 391 ita,

349 409 404 444 hic
417 411 537 445 Canon
562 410 630 456 agit
641 409 683 444 de
705 409 782 445 solis
803 408 1006 443 Clericorurn
1029 419 1116 442 com-

230 461 433 496 mendatitiis
456 460 571 495 litteris
584 475 595 494 :
623 461 666 494 Et
686 460 821 503 quidem
843 458 884 492 de
905 456 1023 492 litteris
1047 469 1116 491 non

227 511 268 545 ad
293 511 443 547 altiorem
455 510 621 545 Ordinum
643 508 900 551 suscipiendum,
927 507 982 542 sed
992 507 1119 542 dumta-

230 570 285 595 xat
297 561 339 596 ad
360 561 633 605 peregrinandum
653 559 724 593 dari
733 558 896 592 consuetis
908 582 919 598 ,
944 557 986 591 de
998 557 1117 601 quibus

228 609 340 646 statuit
361 610 515 654 Synodus
537 607 764 646 Laodicenfis.
801 613 869 641 Nec
890 616 999 650 oportet
1019 611 1117 641 Sacer-

227 662 327 696 dotem
350 663 406 696 vel
424 663 569 696 clericum
583 659 646 700 fine
661 659 770 691 litteris
778 656 923 700 proficisci
931 663 1090 692 Canonicis
1108 686 1115 692 .

54 703 91 734 C·
107 714 139 740 4¹
233 711 276 745 Et
289 712 410 746 Canon
421 710 635 754 Apostolicus
647 721 655 740 :
681 709 796 742 Nullus
804 716 1026 751 peregrinorum
1036 713 1115 752 Epi-

225 760 377 806 scoporum
396 785 410 802 ,
445 760 680 798 Presbyterorum
705 782 718 798 ‚
752 768 807 792 aut
829 761 1024 793 Diaconorum
1052 760 1117 802 fine

229 812 478 855 commendatitia
498 811 542 842 ad
562 816 789 843 communionem
797 807 978 852 suscipiatur
1000 809 1117 851 Episto-

56 896 82 927 Ε
106 905 122 930 7
229 864 267 895 Iis
283 887 290 894 .
316 862 361 898 Et
378 861 483 903 prima
495 859 651 903 Synodus
674 857 939 904 Carthaginensis
952 885 959 891 .
987 862 1116 893 Clericus

228 923 287 945 non
308 915 496 944 communicet
519 916 554 943 in
579 911 680 943 aliena
707 910 796 943 Plebe
814 908 878 951 fine
902 911 1014 943 litteris
1042 913 1119 951 Epi—

219 959 300 1007 fi'opi
320 958 371 1003 sui
384 986 391 993 .
431 959 504 1002 Nifi
525 959 575 993 boc
601 959 789 1003 observatum
806 960 905 1001 fuerit
924 984 935 1000 ,
959 966 1119 993 communio

220 1010 275 1054 fiet
294 1011 430 1052 paffiva.
460 1014 549 1046 Nam
569 1008 600 1051 fi
619 1021 684 1043 cum
708 1011 821 1042 litteris
847 1018 981 1051 receptus
1001 1009 1112 1051 fuerit,

223 1061 260 1095 Θ
293 1061 446 1094 concordia
486 1066 564 1094 inter
594 1059 756 1104 Episcopos
784 1058 950 1103 servatur,
976 1062 1011 1094 (9·
1037 1072 1120 1094 nemo

219 1109 341 1154 subtilis
361 1110 491 1154 fugiens
516 1113 639 1144 alterius
664 1117 892 1144 communionem
926 1111 972 1143 ad
994 1112 1120 1144 alterum

223 1162 352 1195 latenter
377 1162 490 1195 accedit
504 1186 512 1193 .
542 1161 646 1207 Qod
668 1161 735 1195 fine
748 1160 908 1203 ejusmodi
930 1161 1047 1195 litteris
1059 1172 1119 1194 nec

225 1211 268 1244 ad
291 1212 416 1245 sacrum
437 1210 647 1244 comitatum
670 1210 831 1255 proficisci
853 1211 1044 1254 potuerint,
1070 1212 1120 1244 su-

224 1258 282 1305 pra
303 1258 492 1293 audivimus
510 1260 530 1293 ὲ
550 1261 693 1295 Canone
709 1259 884 1295 Sardicenfi
898 1285 910 1301 ,
936 1260 1120 1295 confirmat-

224 1320 289 1352 que
311 1310 403 1344 sexta
424 1309 568 1344 Novella
592 1310 768 1354 justiniani
791 1310 953 1355 Augusti.
982 1309 1028 1350 Et
1049 1310 1119 1353 post

225 1359 396 1395 liberatam
416 1370 472 1403 per
493 1359 664 1394 laudatum
697 1359 888 1404 Augustum
921 1361 940 1394 ὲ
977 1361 1121 1395 Wanda-

224 1410 290 1444 lica
314 1409 470 1445 servitute
496 1409 646 1444 Africam
666 1410 815 1445 scribunt
824 1410 894 1454 ejus
911 1410 1065 1454 Episcopi
1078 1410 1119 1445 ad

223 1460 386 1504 joannem
406 1459 586 1495 secundum
608 1460 828 1495 Pontificem.
856 1461 1047 1493 Beatitudini
1059 1470 1122 1494 taae

222 1511 370 1543 credimus
393 1512 618 1550 intimandum,
658 1515 787 1544 Fratres
814 1512 984 1553 aliquantos
1012 1523 1050 1544 ex
1075 1522 1122 1543 no-

219 1559 280 1600 stro
306 1561 456 1604 Colli-gio,
484 1561 596 1594 relietis
618 1560 676 1605 fine
703 1559 792 1603 causa
819 1559 1051 1603 Plebibusfiiis‚
1078 1562 1123 1593 ad

224 1608 446 1653 transmarinas
474 1619 623 1654 navigare
643 1609 757 1653 saepius
782 1617 912 1654 regiones
934 1637 941 1644 .
971 1615 1032 1643 Hos
1057 1612 1121 1644 diu-

220 1661 285 1692 stius
313 1660 441 1702 Ecclefia
467 1663 630 1700 toleravit,
655 1659 812 1704 excusante
838 1672 884 1694 eos
897 1662 1042 1694 violentia
1052 1672 1122 1694 tem-

220 1714 306 1752 poris
331 1711 421 1744 mali.
455 1712 592 1744 Petimus
618 1722 719 1750 nunc,
747 1719 783 1743 ut
808 1716 980 1754 quicumque
999 1710 1123 1752 forfitan

226 1757 393 1802 Episcopus
406 1784 416 1799 ‚
441 1769 496 1792 aut
520 1760 702 1799 Presbyter,
720 1760 786 1801 five
815 1764 984 1800 Diaconus,
1010 1770 1062 1793 aut
1072 1772 1118 1793 cu-

221 1808 354 1851 juslibet
391 1808 543 1850 inferioris
583 1810 707 1842 Ordinis
732 1811 864 1843 Clericus
887 1834 899 1850 ,
928 1810 993 1852 fine
1027 1810 1122 1850 nostra

227 1858 362 1900 Epistola
385 1865 527 1900 venerit,
555 1861 590 1894 Θ·
615 1871 674 1893 non
695 1859 916 1902 approbaverit
934 1859 968 1903 se
985 1868 1045 1901 pro
1065 1868 1123 1894 uti-

221 1905 318 1942 litate
340 1906 516 1952 sancqarum
549 1909 744 1952 Ecclefiarum
776 1908 863 1953 fuisse
900 1910 1067 1952 arretium,
1085 1910 1123 1953 fi-

226 1960 312 1996 milis
338 1958 476 1993 haeretico
494 1960 670 2001 judicetur;
696 1964 803 2003 Neque
826 1958 923 2000 mustra
952 1967 1122 1994 communio-

227 2022 266 2044 ne
291 2010 403 2054 dignus
429 2009 536 2050 existat
554 2035 565 2050 ,
591 2020 624 2043 ut
651 2016 684 2043 in
709 2010 843 2045 omnibus
879 2012 914 2045 ἐν·
942 2019 998 2054 per
1023 2018 1122 2045 omnia

230 2062 438 2094 Beatitudinis
464 2060 571 2101 vestra
596 2058 753 2102 disciplina
774 2062 934 2097 laudetur.
974 2060 1125 2107 Respon-

228 2109 280 2144 dit
301 2109 382 2144 vero
406 2110 544 2153 joannis
567 2111 745 2151 successor,
770 2112 824 2144 cui
851 2111 971 2146 tradita
995 2112 1057 2146 fuit
1069 2125 1123 2157 pe·

228 2159 307 2193 titio
323 2182 335 2199 ,
361 2159 551 2203 Agapetus.
579 2165 625 2194 Et
650 2160 822 2195 Canonibus
847 2161 886 2200 est
909 2173 1067 2206 congruum
1083 2165 1118 2197 (α

227 2207 393 2252 disciplinis
408 2233 419 2248 ,
443 2211 477 2245 (tr
498 2212 631 2254 prodesse
635 2213 827 2252 judicamus.
854 2211 909 2245 Ex
928 2213 1021 2246 causa
1030 2213 1120 2246 enim

226 2259 314 2293 varia
337 2258 545 2294 Clericorum
568 2262 759 2305 vagationes
791 2271 923 2304 oportet
952 2262 1121 2296 circumci-

225 2309 320 2344 dere.
360 2309 429 2343 Eos
458 2308 525 2343 fine
553 2310 794 2355 Episcoporum'
830 2311 1121 2346 commendatione

225 2370 286 2394 nec
310 2358 351 2394 ad
374 2360 563 2394 Dominum
584 2360 712 2406 Regem
734 2373 794 2404 pro
815 2359 982 2396 beneficiis
1013 2373 1120 2405 peten-

223 2408 275 2444 dis
299 2408 451 2443 accedere
470 2411 627 2452 permittit
663 2412 769 2455 prima
793 2410 947 2454 Synodus
971 2412 1118 2446 Aurelia-

225 2459 350 2494 nensis.
378 2458 484 2494 Addit
510 2461 647 2497 secunda
669 2461 896 2496 Cabilonenfis
920 2487 927 2494 .
965 2463 1115 2501 Presbyte-

224 2521 273 2543 τοι
292 2510 418 2543 Romam
432 2509 499 2551 five
530 2512 700 2551 Turonum,
740 2512 782 2546 ad
802 2513 992 2548 sanctorum
1025 2512 1115 2556 Apo-

223 2558 384 2594 stolorum
402 2571 462 2595 vaut
485 2559 593 2594 Sancti
616 2562 757 2596 Martini
771 2561 889 2596 limina
910 2562 1018 2606 absque
1028 2563 1113 2596 licen-

222 2615 268 2642 tia
292 2608 436 2651 Epifhopi
455 2608 504 2652 sui
529 2612 613 2644 adire
632 2614 756 2653 penitus
783 2615 967 2646 decrevimus
978 2612 1111 2646 inhiben-

50 2680 133 2718 ⁶44
158 2692 206 2719 45·
224 2660 319 2691 dum.
357 2657 522 2693 Plurimos
553 2659 709 2695 habemus
741 2662 901 2705 ejusmodi
937 2663 1115 2703 canones,

49 2705 142 2762 Epist]
154 2734 175 2752 ι,
224 2719 365 2752 quorum
385 2710 512 2743 causam
527 2710 627 2745 edicit
651 2711 810 2746 Zozimus
823 2713 979 2747 Pontifex
994 2716 1026 2747 in
1040 2715 1116 2757 Epi-

223 2758 305 2792 stola
327 2756 367 2791 ad
393 2759 698 2795 universostalliae
718 2762 901 2806 Episcopos
922 2788 929 2794 .
967 2767 1020 2797 Ea
1042 2776 1113 2807 gra-

224 2814 268 2841 tia
294 2807 345 2841 hoc
362 2808 520 2848 statuimus
545 2812 582 2844 de
604 2812 718 2844 litteris
741 2815 989 2847 commendatitiis
1003 2838 1013 2853 ,
1039 2821 1111 2856 quia

217 2859 322 2900 plures
349 2857 509 2902 Episcopi,
530 2858 582 2903 seu
621 2862 806 2903 Presbyteri,
837 2862 902 2904 sive
931 2862 1112 2906 Ecclefiastici

215 2907 392 2950 fimulantes
407 2934 418 2949 ,
440 2915 512 2951 quia
536 2911 647 2944 nullum
683 2913 883 2947 documentum
902 2913 1110 2955 formatarum

222 2957 318 2998 exstat
331 2983 342 2999 ,
363 2967 419 3000 per
436 2960 515 3001 quod
536 2962 661 2995 valeant
678 2960 857 3004 ¹confutari,
882 2969 914 2996 in
941 2975 1047 2997 nomen
1059 2976 1112 2998 ve-

224 3013 387 3040 nerationis
414 3015 566 3050 irrepunt,
589 3012 624 3045 &⁹
648 3012 814 3046 indebitam
832 3020 1030 3047 reverentiam
1039 3023 1109 3056 pro-

51 3064 141 3099 045·
220 3068 385 3091 merentur.
415 3058 573 3094 Videatur
591 3061 712 3096 Canon
735 3062 881 3098 secundae
894 3065 1023 3107 Synodi
1050 3064 1113 3099 Ca-

51 3105 204 3142 EP1st-109-
222 3106 416 3148 bilonenfis,
442 3109 476 3143 &
498 3110 605 3144 Sancti
615 3112 788 3148 Leonisad
805 3114 1018 3148 Ravennium
1030 3113 1107 3149 Are·

221 3157 378 3192 latensem
402 3157 602 3202 Episcopum
636 3162 779 3205 Epiflola
801 3162 951 3198 adversus
973 3164 1111 3199 Pseudo·

220 3207 415 3242 Diaconum
439 3207 674 3245 Petronianum
689 3236 696 3243 .

271 3257 367 3292 Licet
391 3257 467 3292 vero
486 3258 605 3293 Canon
626 3261 736 3296 noster
755 3261 798 3297 de
817 3263 892 3298 solis
903 3264 1039 3299 clericis
1051 3265 1110 3298 sta-

221 3315 314 3348 tuat,
339 3309 550 3343 formatarum
573 3319 684 3344 tamen
708 3313 871 3347 necessitas
880 3313 1111 3358 omninoliga-

222 3357 271 3391 vit
292 3358 393 3392 etiam
416 3359 611 3403 Episcopos.
650 3360 772 3403 Liquet
804 3375 845 3397 ex
867 3363 1024 3407 plerisque
1045 3365 1111 3407 jam

225 3405 366 3442 adductis
391 3409 607 3444 testimoniis.
656 3411 700 3445 Et
733 3411 914 3447 Gallicanis
940 3414 1110 3457 Episcopis

226 3455 294 3492 sme
312 3457 438 3494 Vicarii
450 3460 649 3496 Arelatensis
661 3461 801 3498 formata
818 3474 879 3498 nec
901 3462 1046 3499 Romam
1063 3475 1111 3498 ac-

1944 121 2004 178 85

1177 206 1288 241 cedere
1308 203 1454 239 laudatus
1477 206 1645 248 Zozymus
1668 208 1843 250 permittit.
1874 209 1926 242 De
1939 208 2062 242 eisdem
2092 206 2262 243 E?·4·C-35

1178 255 1286 292 scribit
1306 254 1441 289 Hilarus
1464 254 1637 289 Pontifex:
1679 262 1731 290 Ne
1751 266 1865 299 praeter
1899 261 2064 298 Metropoli-

1177 318 1277 341 tarum
1293 303 1412 348 suorum
1440 306 1555 338 litteras
1576 309 1621 338 ad
1639 309 1800 348 quamlibet
1822 317 1911 340 extra
1940 308 2065 351 Gallias

1181 361 1372 391 Provinciam
1390 356 1524 389 audeant
1539 354 1680 397 profisisci
1718 383 1725 389 .
1766 357 1834 392 Cur
1855 355 1952 390 addat
1966 383 1976 397 ,
2003 362 2066 390 Ex-

1177 416 1226 440 tra
1259 407 1400 446 Gallias,
1436 404 1536 439 edicit
1565 407 1669 448 prima
1702 406 1853 448 Synodus
1898 406 2042 440 Vassnsis
2065 433 2072 441 .

1181 460 1298 491 Placuit
1323 455 1483 499 Episcopos
1508 457 1545 488 de
1570 456 1736 488 Gallicanis
1765 461 1931 491 Provinciis
1946 462 2066 490 venien-

1178 519 1221 541 tes
1247 514 1330 541 intra
1356 507 1475 540 Gallias
1501 517 1560 539 non
1585 504 1808 549 discutiendos,
1828 506 1884 548 sed
1889 506 1983 548 solum
2000 505 2068 548 suf-

1173 559 1280 601 ficere,
1308 555 1339 599 fi
1372 557 1467 590 nullus
1491 562 1719 591 communionem
1755 558 1875 597 alicujus
1904 559 2066 590 interdixe-

1177 615 1222 642 rit
1236 634 1243 641 .
1271 610 1357 651 ,Quia
1380 613 1458 641 inter
1482 606 1681 640 cohabitantes
1707 617 1742 638 ac
1762 604 1815 646 fibi
1838 609 1913 646 pene
1938 613 2066 641 invicem

1178 668 1260 691 notos
1286 669 1344 691 non
1364 667 1428 690 tam
1449 657 1603 698 testimonio
1620 658 1758 700 indigent
1780 655 1886 697 probi,
1912 668 2001 697 quam
2013 660 2067 692 de-

1179 713 1323 742 notatione
1348 709 1382 741 &
1409 707 1681 741 denuntiationibus
1707 708 1898 748 depravati.
1928 707 2066 755 (Qiocir-

1178 759 1215 792 ca
1241 757 1363 792 tallitur
1374 758 1574 792 Hincmarus
1597 757 1764 791 Remensis
1786 755 2003 796 Metropolim
2018 769 2069 790 ne-

1178 819 1290 853 potem
1300 808 1523 842 Hincmarum
1546 807 1798 841 Laudunensem
1815 806 2012 850 Episcopum
2023 817 2070 840 ar-

1178 870 1301 904 guens,
1339 857 1428 903 quod
1452 859 1517 892 fine
1547 858 1611 891 suis
1634 857 1749 891 litteris
1770 868 1861 890 exrra
1893 856 2068 890 secundam

1182 909 1347 954 Belgicam
1363 907 1403 943 ad
1423 908 1500 943 alias
1524 907 1639 942 Galliae
1653 906 1841 941 Provincias
1861 907 2070 950 proficiscens

1179 958 1347 993 laudatum
1368 959 1478 993 Hilari
1499 957 1665 993 decretum
1687 958 1763 992 esset
1785 959 1974 1001 frequenter
1998 969 2072 1000 prae-

1179 1011 1360 1044 varicatus.
1387 1009 1424 1043 N
1428 1009 1462 1042 isl
1484 1008 1591 1042 forsan
1617 1020 1671 1053 per
1693 1007 1990 1051 litterasintelligat
2003 1008 2073 1042 fim-

1181 1060 1300 1104 plicem
1318 1060 1387 1094 fine
1409 1060 1528 1104 scripto
1550 1059 1742 1098 licentiam,
1767 1069 1865 1102 quam
1891 1058 2072 1092 Gallicanis

1182 1110 1352 1153 Epistopis
1373 1110 1474 1143 etiam
1496 1111 1582 1144 intra
1602 1108 1725 1143 Gallias
1744 1120 1835 1143 extra
1861 1107 2071 1142 Provinciam

1183 1160 1371 1204 profecturis
1391 1159 1483 1193 fuine
1507 1161 1735 1199 neceffariam,
1764 1171 1830 1192 non
1847 1159 1891 1192 est
1905 1158 2073 1203 ambigen-

1182 1212 1281 1245 dum.
1318 1211 1363 1243 Et
1384 1209 1560 1243 Hincmari
1594 1218 1742 1252 tempore
1773 1209 1921 1242 Vasenfis
1951 1209 2072 1244 Canon

1184 1260 1287 1304 potest
1308 1261 1344 1293 in
1358 1258 1614 1292 dissuetudinem
1624 1258 1752 1301 abjiffe.
1782 1257 1932 1292 Videnda
1951 1259 1995 1292 est
2007 1258 2073 1301 ejus

1182 1309 1304 1354 duplex
1316 1308 1358 1343 ad
1372 1308 1622 1343 Laudunensem
1645 1309 1789 1352 Epistola
1802 1334 1812 1348 ‚
1838 1306 2000 1342 adducens
2007 1309 2074 1352 plu·

1183 1372 1233 1395 res
1251 1360 1404 1403 antiquos
1425 1360 1580 1394 canones
1601 1368 1659 1402 pro
1683 1357 1962 1393 commendatitiis
1987 1371 2075 1401 pere-

1184 1411 1390 1455 grinantium
1415 1411 1658 1453 Episcoporum
1690 1408 1830 1450 litteris,
1855 1420 1938 1451 quos
1954 1410 2073 1450 etiam,

1183 1461 1302 1503 lapsam
1324 1458 1408 1501 apud
1428 1472 1491 1494 nos
1513 1459 1795 1494 Christianitatem
1815 1471 1985 1502 reparans,
2013 1460 2075 1494 Ca-

1185 1510 1314 1555 pitulari
1337 1511 1395 1544 suo
1418 1509 1670 1554 Aquisgranenfi
1693 1510 1826 1543 inseruit
1839 1509 1976 1544 Carolus
2002 1510 2074 1543 Ma-

1184 1572 1288 1606 gnus.
1318 1560 1421 1594 Unus
1441 1560 1486 1594 est
1506 1560 1614 1599 casus,
1642 1561 1675 1593 in
1697 1571 1764 1603 quo
1781 1559 1845 1593 illis
1865 1560 1982 1593 litteris
1996 1560 2075 1603 Epi-

1186 1613 1285 1654 scopo
1304 1621 1373 1644 non
1395 1611 1459 1644 fuit
1479 1620 1584 1654 opus,
1611 1610 1651 1644 de
1672 1621 1738 1653 quo
1760 1610 1870 1644 scribit
1894 1611 2074 1654 Gregorius

1185 1661 1331 1706 Magnus
1343 1659 1383 1693 ad
1396 1660 1576 1704 Episcopos
1597 1659 1769 1694 Sardiniae.
1797 1660 1966 1702 Ubicumque
1978 1673 2074 1703 quem·
2099 1686 2110 1689 ,μ
2128 1670 2141 1691 c
2158 1685 2163 1690 .
2194 1684 2203 1692 .

1183 1717 1268 1753 piam
1306 1709 1430 1750 vestrum
1466 1710 1617 1744 ambulare
1651 1711 1824 1752 compulerit
1849 1712 1991 1750 neceffitas
2007 1737 2017 1751 ,
2053 1714 2073 1743 a
2096 1709 2115 1730 ⁴¹³
2137 1723 2144 1731 ·
2173 1723 2181 1731 ·

1186 1763 1410 1803 Metropolitaeno
1435 1761 1527 1802 vestro
1549 1770 1651 1803 petere
1675 1762 1825 1794 licentiam
1845 1760 1977 1794 debeatis
1990 1786 2000 1802 ,
2023 1773 2076 1795 ex-

1185 1820 1285 1854 cepto,
1319 1810 1351 1853 fi
1380 1820 1480 1845 contra
1506 1812 1589 1844 illum
1625 1811 1730 1845 babere
1756 1823 1809 1844 vos
1834 1812 1956 1853 aliquid
1980 1811 2074 1855 causae

1186 1868 1358 1905 contingat,
1382 1870 1416 1895 ut
1441 1862 1476 1895 ob
1501 1861 1552 1894 boc
1575 1863 1658 1894 Sedis
1686 1862 1852 1904 Apostolicae
1870 1863 2019 1902 judicium
2030 1875 2074 1895 re-

1184 1917 1331 1954 quiratis.
1363 1911 1524 1946 Attamen
1547 1913 1581 1946 in
1603 1911 1689 1951 tali,
1715 1913 1748 1945 &
1770 1912 2016 1955 quovisiniquae
2030 1925 2078 1946 re-

1185 1962 1362 1996 cusationis
1383 1963 1456 1996 casu
1488 1973 1542 1996 eas
1564 1962 1650 1995 intra
1682 1962 1806 1995 Gallias
1826 1962 1960 1995 Hilarus
1985 1962 2073 2007 Papa
2093 1971 2249 2008 &2403-

2093 397 2132 426 C.
2145 406 2171 425 z.

2096 934 2144 970 Ep.
2153 941 2195 969 33.
2208 941 2252 963 ca.

1158 2025 1161 2032 ¹
1186 2013 1269 2056 juffit
1291 2012 1356 2056 peti
1377 2011 1396 2044 ὲ
1425 2011 1562 2046 Vicario
1587 2011 1789 2046 Arelatensi.

1237 2063 1419 2106 Episcopus
1440 2062 1578 2105 itaque&
1596 2062 1834 2106 Metropolita,
1861 2062 2077 2105 Metropolita

1184 2114 1203 2147 ὸ,
1227 2109 1437 2150 Patriarcha,
1464 2112 1635 2151 Clericus,
1662 2113 1738 2146 licet
1761 2112 1860 2145 eriam
1882 2124 1972 2145 extra
1998 2112 2075 2146 Pro-

1187 2163 1329 2196 vinciam
1352 2161 1546 2205 profecturus
1557 2184 1568 2200 ,
1593 2160 1634 2194 ab
1646 2162 1811 2205 Episcopo
1823 2161 2002 2205 accipiebat
2013 2163 2075 2196 for-

1185 2222 1309 2246 matas.
1335 2210 1383 2244 Ita
1405 2211 1516 2246 statuit
1538 2212 1626 2245 sexta
1650 2212 1823 2255 Justiniani
1848 2212 1921 2245 Lex
1944 2213 2074 2247 novella

1186 2261 1251 2304 jam
1278 2260 1406 2295 laudata
1419 2287 1426 2293 .
1454 2261 1579 2304 Excipe
1604 2272 1712 2296 tamen
1727 2263 1919 2306 potestatem
1932 2263 2074 2305 Aposto-

1184 2311 1241 2345 lici
1264 2311 1389 2345 vicarii
1414 2310 1636 2352 Arelatensis,
1662 2313 1747 2346 circa
1768 2311 1857 2354 cujus
1871 2313 1989 2347 litteras
2015 2325 2073 2347 nec

1187 2362 1383 2405 Episcopus,
1411 2373 1471 2395 nec
1507 2362 1652 2396 Clericus
1682 2373 1774 2397 extra
1797 2363 1922 2396 Gallias
1951 2375 2073 2405 poterat

1182 2410 1284 2446 abire.
1311 2413 1388 2460 Qu
1413 2412 1571 2454 potestate
1591 2413 1690 2447 etiam
1713 2413 1847 2447 aliarum
1876 2414 2071 2449 Dioeceseon

1181 2461 1338 2496 Primates
1361 2461 1495 2505 quidam
1518 2462 1553 2495 ὃς
1580 2462 1706 2497 Vicarii
1734 2465 1822 2497 fuere
1847 2462 1980 2497 donati.
2018 2466 2071 2498 Ex

1181 2524 1263 2556 quos
1289 2510 1378 2546 vides
1404 2512 1637 2555 Episcoporum
1660 2515 1848 2557 potestatem
1875 2526 1930 2556 per
1955 2514 2070 2548 Sedem

1181 2563 1407 2605 Apostolicam
1431 2563 1518 2605 posse
1554 2575 1622 2596 non
1652 2563 1781 2597 tantum
1804 2565 1922 2607 dirigi,
1955 2563 2008 2597 sed
2035 2564 2070 2597 δε

1178 2613 1283 2655 aliqua
1307 2613 1354 2646 sui
1378 2623 1466 2655 parte
1487 2614 1643 2646 truncari.
1671 2613 1725 2646 De
1739 2615 1876 2647 formata
1894 2614 1935 2648 ad
1946 2615 2069 2647 sacrum

1180 2663 1387 2697 Comitatum
1429 2664 1617 2705 profe-&uris
1651 2663 1818 2707 Episcopis
1851 2664 1883 2697 &
1930 2664 2068 2698 Clericis

1178 2712 1350 2746 necessaria
1374 2711 1532 2756 singulare
1556 2711 1634 2756 quid
1648 2713 1791 2748 statuunt
1814 2713 1906 2757 supr&
1925 2714 2067 2749 elucida-

1176 2763 1201 2798 ti
1216 2763 1370 2796 Canones
1382 2761 1582 2797 Sardicenses
1594 2789 1601 2795 .

1227 2814 1331 2846 Hunc
1355 2813 1501 2846 nostrum
1521 2814 1660 2848 innovat
1678 2813 1831 2857 Synodus
1843 2813 2062 2848 Tridentina.
2083 2808 2145 2840 Seff
2156 2814 2204 2842 21ss

1171 2863 1287 2908 singuli
1313 2861 1453 2905 Episcopi
1487 2868 1520 2895 in
1554 2862 1616 2907 suis
1658 2863 1827 2906 Dioecesi'bus
1863 2866 2065 2905 interdicant,

1174 2926 1210 2946 ne
1237 2925 1314 2957 vago
1339 2915 1374 2947 (ν’
1399 2919 1494 2956 ignoto
1512 2916 1660 2947 Sacerdoti
1673 2915 1774 2957 M²ffi¹5
1792 2915 1936 2948 celebrare
1956 2917 2062 2949 liceat.
2082 2926 2142 2958 §ess
2154 2938 2201 2966 23·

1178 2966 1221 2997 Et
1244 2962 1382 2998 iteriim.
1420 2963 1535 2997 Nullus
1561 2966 1692 2998 Clericus
1716 2971 1887 3008 peregrinus
1907 2964 1967 3007 sine
1993 2977 2065 2998 com·
2080 2973 2159 2998 c.16.

1177 3015 1362 3047 mendatitiis
1383 3012 1434 3056 sui
1461 3015 1619 3047 Ordinarii
1644 3016 1750 3048 litteris
1775 3014 1812 3046 ab
1837 3017 1893 3048 ullo
1920 3015 2063 3059 Episcopo

1176 3065 1219 3096 ad
1245 3068 1367 3097 Divina
1392 3063 1566 3097 celebranda
1592 3067 1828 3099 &sacramenta
1852 3066 2061 3106 administran-

1175 3116 1217 3147 da
1240 3115 1437 3147 admittatur.
1466 3114 1523 3146 Est
1547 3126 1597 3149 res
1629 3114 1758 3158 penitus
1779 3116 1948 3149 necessaria
1970 3115 2062 3148 disci·

1176 3164 1295 3207 plinae,
1322 3173 1420 3206 quam
1440 3161 1525 3207 apud
1558 3176 1619 3198 nos
1639 3166 1723 3199 olim
1748 3167 1927 3200 reformans
1951 3165 2060 3199 statuit

1174 3214 1274 3248 etiam
1298 3213 1392 3247 tertia
1427 3213 1580 3256 Synodus
1604 3214 1828 3250 Turonensis.
1866 3213 2060 3257 Unusquisque
2078 3234 2170 3271 C.13.

1175 3261 1385 3306 Episcoporium
1410 3263 1583 3297 parochiam
1597 3262 1688 3308 suam
1707 3267 1861 3308 diligenter
1880 3262 2059 3307 perscrutari

1175 3318 1287 3347 nitatur
1314 3336 1325 3351 ,
1349 3324 1385 3346 ne
1407 3314 1514 3355 aliquis
1535 3314 1687 3355 Presbyter
1706 3316 1744 3348 ab
1765 3315 1891 3347 alterius
1915 3315 2060 3348 Parocbia

1178 3370 1209 3396 in
1227 3361 1315 3406 suam
1333 3369 1526 3407 commigrans
1547 3366 1665 3406 officium
1676 3365 1816 3398 celebrare
1825 3363 2060 3407 praefiimatfine

1173 3418 1286 3447 litteris
1319 3415 1583 3452 commendatitiis,
1612 3413 1683 3456 ficut
1703 3415 1772 3450 olim
1808 3416 1908 3449 multis
1933 3423 1965 3448 in
1991 3417 2058 3449 locis

1175 3464 1273 3497 ac‘ium
1297 3463 1346 3507 effi’
1370 3472 1517 3507 repertum
1537 3463 1591 3504 ist.

1906 3512 2010 3548 Porro
