<?xml version="1.0" encoding="UTF-8"?>
<!DOCTYPE html PUBLIC "-//W3C//DTD XHTML 1.0 Transitional//EN"
    "http://www.w3.org/TR/xhtml1/DTD/xhtml1-transitional.dtd">
<html xmlns="http://www.w3.org/1999/xhtml" xml:lang="en" lang="en">
 <head>
  <title>
</title>
<meta http-equiv="Content-Type" content="text/html;charset=utf-8" />
  <meta name='ocr-system' content='tesseract 3.04.00' />
  <meta name='ocr-capabilities' content='ocr_page ocr_carea ocr_par ocr_line ocrx_word'/>
</head>
<body>
  <div class='ocr_page' id='page_1' title='image "./operaomniastudio02lupuuoft/operaomniastudio02lupuuoft_0097.png"; bbox 0 0 2340 3736; ppageno 0'>
   <div class='ocr_carea' id='block_1_1' title="bbox 625 162 1681 219">
    <p class='ocr_par' dir='ltr' id='par_1_1' title="bbox 625 162 1681 219">
     <span class='ocr_line' id='line_1_1' title="bbox 625 162 1681 219; baseline 0.001 -13"><span class='ocrx_word' id='word_1_1' title='bbox 625 162 942 219; x_wconf 47' lang='lat' dir='ltr'>SCHOLIIQ</span> <span class='ocrx_word' id='word_1_2' title='bbox 981 163 1681 207; x_wconf 48' lang='lat' dir='ltr'><strong>fruorisltturruArl.</strong></span> 
     </span>
    </p>
   </div>
   <div class='ocr_carea' id='block_1_2' title="bbox 246 242 1138 588">
    <p class='ocr_par' dir='ltr' id='par_1_2' title="bbox 249 242 1138 389">
     <span class='ocr_line' id='line_1_2' title="bbox 254 242 1138 290; baseline -0.006 -8"><span class='ocrx_word' id='word_1_3' title='bbox 254 259 312 282; x_wconf 85' lang='lat' dir='ltr'><strong>nec</strong></span> <span class='ocrx_word' id='word_1_4' title='bbox 327 258 379 290; x_wconf 84' lang='lat' dir='ltr'><strong>per</strong></span> <span class='ocrx_word' id='word_1_5' title='bbox 400 244 628 280; x_wconf 78' lang='lat' dir='ltr'><strong>Alexandrum</strong></span> <span class='ocrx_word' id='word_1_6' title='bbox 648 244 782 278; x_wconf 87' lang='lat' dir='ltr'><strong>tertium</strong></span> <span class='ocrx_word' id='word_1_7' title='bbox 805 242 1033 277; x_wconf 88' lang='lat' dir='ltr'><strong>Pontificem</strong></span> <span class='ocrx_word' id='word_1_8' title='bbox 1024 255 1058 276; x_wconf 81' lang='lat' dir='ltr'><strong>in</strong></span> <span class='ocrx_word' id='word_1_9' title='bbox 1079 244 1138 286; x_wconf 89' lang='lat' dir='ltr'><strong>Sy-</strong></span> 
     </span>
     <span class='ocr_line' id='line_1_3' title="bbox 251 284 1136 339; baseline -0.005 -9"><span class='ocrx_word' id='word_1_10' title='bbox 251 284 340 331; x_wconf 87' lang='lat' dir='ltr'><strong>nodo</strong></span> <span class='ocrx_word' id='word_1_11' title='bbox 363 296 567 331; x_wconf 87' lang='lat' dir='ltr'><strong>Lateranensi</strong></span> <span class='ocrx_word' id='word_1_12' title='bbox 588 293 682 339; x_wconf 73' lang='lat' dir='ltr'><strong>plene</strong></span> <span class='ocrx_word' id='word_1_13' title='bbox 706 293 862 329; x_wconf 82' lang='lat' dir='ltr'><strong>eradicari</strong></span> <span class='ocrx_word' id='word_1_14' title='bbox 875 292 997 334; x_wconf 90' lang='lat' dir='ltr'><strong>valu1t</strong></span> <span class='ocrx_word' id='word_1_15' title='bbox 1023 293 1063 327; x_wconf 89' lang='lat' dir='ltr'><strong>de</strong></span> <span class='ocrx_word' id='word_1_16' title='bbox 1075 304 1136 335; x_wconf 87' lang='lat' dir='ltr'><strong>qua</strong></span> 
     </span>
     <span class='ocr_line' id='line_1_4' title="bbox 249 345 456 389; baseline -0.005 -8"><span class='ocrx_word' id='word_1_17' title='bbox 249 346 320 381; x_wconf 84' lang='lat' dir='ltr'><strong>istic</strong></span> <span class='ocrx_word' id='word_1_18' title='bbox 348 345 456 389; x_wconf 83' lang='lat' dir='ltr'><strong>plur-a</strong></span> 
     </span>
    </p>

    <p class='ocr_par' dir='ltr' id='par_1_3' title="bbox 246 391 1138 588">
     <span class='ocr_line' id='line_1_5' title="bbox 296 391 1138 438; baseline -0.004 -10"><span class='ocrx_word' id='word_1_19' title='bbox 296 394 401 429; x_wconf 81' lang='lat' dir='ltr'><strong>Porro</strong></span> <span class='ocrx_word' id='word_1_20' title='bbox 423 396 545 430; x_wconf 83' lang='lat' dir='ltr'><strong>Canon</strong></span> <span class='ocrx_word' id='word_1_21' title='bbox 564 394 673 429; x_wconf 86' lang='lat' dir='ltr'><strong>noster</strong></span> <span class='ocrx_word' id='word_1_22' title='bbox 681 402 850 430; x_wconf 82' lang='lat' dir='ltr'>enumerat</span> <span class='ocrx_word' id='word_1_23' title='bbox 861 401 1000 438; x_wconf 86' lang='lat' dir='ltr'><strong>quatuor</strong></span> <span class='ocrx_word' id='word_1_24' title='bbox 1012 391 1138 432; x_wconf 89' lang='lat' dir='ltr'><strong>titulos,</strong></span> 
     </span>
     <span class='ocr_line' id='line_1_6' title="bbox 248 442 1138 490; baseline -0.008 -9"><span class='ocrx_word' id='word_1_25' title='bbox 248 445 288 481; x_wconf 80' lang='lat' dir='ltr'><strong>ad</strong></span> <span class='ocrx_word' id='word_1_26' title='bbox 312 456 393 488; x_wconf 87' lang='lat' dir='ltr'><strong>quos</strong></span> <span class='ocrx_word' id='word_1_27' title='bbox 416 446 568 490; x_wconf 85' lang='lat' dir='ltr'><strong>Episcopi</strong></span> <span class='ocrx_word' id='word_1_28' title='bbox 582 446 733 489; x_wconf 89' lang='lat' dir='ltr'><strong>deinceps</strong></span> <span class='ocrx_word' id='word_1_29' title='bbox 745 444 862 488; x_wconf 86' lang='lat' dir='ltr'><strong>poffint</strong></span> <span class='ocrx_word' id='word_1_30' title='bbox 874 442 1043 476; x_wconf 85' lang='lat' dir='ltr'><strong>ordinare.</strong></span> <span class='ocrx_word' id='word_1_31' title='bbox 1071 442 1138 475; x_wconf 92' lang='lat' dir='ltr'><strong>Pri-</strong></span> 
     </span>
     <span class='ocr_line' id='line_1_7' title="bbox 246 491 1136 536; baseline -0.006 -6"><span class='ocrx_word' id='word_1_32' title='bbox 246 507 320 531; x_wconf 85' lang='lat' dir='ltr'><strong>mus</strong></span> <span class='ocrx_word' id='word_1_33' title='bbox 342 497 386 529; x_wconf 89' lang='lat' dir='ltr'><strong>est</strong></span> <span class='ocrx_word' id='word_1_34' title='bbox 408 495 545 530; x_wconf 85' lang='lat' dir='ltr'><strong>Ecclesia</strong></span> <span class='ocrx_word' id='word_1_35' title='bbox 558 496 724 536; x_wconf 84' lang='lat' dir='ltr'><strong>civitatis,</strong></span> <span class='ocrx_word' id='word_1_36' title='bbox 749 495 813 527; x_wconf 85' lang='lat' dir='ltr'><strong>five</strong></span> <span class='ocrx_word' id='word_1_37' title='bbox 827 491 1056 526; x_wconf 85' lang='lat' dir='ltr'><strong>Cathedralis.</strong></span> <span class='ocrx_word' id='word_1_38' title='bbox 1083 492 1136 525; x_wconf 86' lang='lat' dir='ltr'><strong>Se-</strong></span> 
     </span>
     <span class='ocr_line' id='line_1_8' title="bbox 247 540 1137 588; baseline -0.008 -8"><span class='ocrx_word' id='word_1_39' title='bbox 247 546 375 580; x_wconf 89' lang='lat' dir='ltr'><strong>cundus</strong></span> <span class='ocrx_word' id='word_1_40' title='bbox 398 546 443 580; x_wconf 87' lang='lat' dir='ltr'><strong>est</strong></span> <span class='ocrx_word' id='word_1_41' title='bbox 459 546 597 580; x_wconf 84' lang='lat' dir='ltr'><strong>Ecclesia</strong></span> <span class='ocrx_word' id='word_1_42' title='bbox 617 545 724 588; x_wconf 88' lang='lat' dir='ltr'><strong>Pagi,</strong></span> <span class='ocrx_word' id='word_1_43' title='bbox 749 544 801 578; x_wconf 88' lang='lat' dir='ltr'><strong>seu</strong></span> <span class='ocrx_word' id='word_1_44' title='bbox 822 540 976 586; x_wconf 88' lang='lat' dir='ltr'><strong>parochia</strong></span> <span class='ocrx_word' id='word_1_45' title='bbox 988 542 1117 575; x_wconf 83' lang='lat' dir='ltr'><strong>forensis</strong></span> <span class='ocrx_word' id='word_1_46' title='bbox 1130 566 1137 573; x_wconf 91' lang='lat'><strong>.</strong></span> 
     </span>
    </p>
   </div>
   <div class='ocr_carea' id='block_1_3' title="bbox 219 592 1133 638">
    <p class='ocr_par' dir='ltr' id='par_1_4' title="bbox 219 592 1133 638">
     <span class='ocr_line' id='line_1_9' title="bbox 219 592 1133 638; baseline -0.008 -7"><span class='ocrx_word' id='word_1_47' title='bbox 219 610 221 615; x_wconf 64' lang='lat'><strong><em>⁴</em></strong></span> <span class='ocrx_word' id='word_1_48' title='bbox 247 597 382 630; x_wconf 86' lang='lat' dir='ltr'><strong>Tertius</strong></span> <span class='ocrx_word' id='word_1_49' title='bbox 401 596 447 630; x_wconf 85' lang='lat' dir='ltr'><strong>est</strong></span> <span class='ocrx_word' id='word_1_50' title='bbox 469 596 658 638; x_wconf 87' lang='lat' dir='ltr'><strong>martyrium</strong></span> <span class='ocrx_word' id='word_1_51' title='bbox 671 594 723 627; x_wconf 90' lang='lat' dir='ltr'><strong>seu</strong></span> <span class='ocrx_word' id='word_1_52' title='bbox 738 592 871 636; x_wconf 77' lang='lat' dir='ltr'>Capella</span> <span class='ocrx_word' id='word_1_53' title='bbox 885 617 895 632; x_wconf 94' lang='lat'><strong>,</strong></span> <span class='ocrx_word' id='word_1_54' title='bbox 921 592 962 626; x_wconf 90' lang='lat' dir='ltr'><strong>de</strong></span> <span class='ocrx_word' id='word_1_55' title='bbox 981 592 1133 635; x_wconf 83' lang='lat' dir='ltr'>Episcopi</span> 
     </span>
    </p>
   </div>
   <div class='ocr_carea' id='block_1_4' title="bbox 72 737 232 775">
    <p class='ocr_par' dir='ltr' id='par_1_5' title="bbox 72 737 232 775">
     <span class='ocr_line' id='line_1_10' title="bbox 72 737 232 775; baseline -0.007 -8"><span class='ocrx_word' id='word_1_56' title='bbox 72 738 131 767; x_wconf 69' lang='lat' dir='ltr'><strong>La.</strong></span> <span class='ocrx_word' id='word_1_57' title='bbox 149 737 201 775; x_wconf 83' lang='lat' dir='ltr'><strong>Ep.</strong></span> <span class='ocrx_word' id='word_1_58' title='bbox 206 748 232 772; x_wconf 85' lang='lat'><strong>9.</strong></span> 
     </span>
    </p>
   </div>
   <div class='ocr_carea' id='block_1_5' title="bbox 69 1074 229 1155">
    <p class='ocr_par' dir='ltr' id='par_1_6' title="bbox 69 1076 217 1155">
     <span class='ocr_line' id='line_1_11' title="bbox 69 1076 149 1110; baseline 0.044 -3"><span class='ocrx_word' id='word_1_59' title='bbox 69 1076 149 1110; x_wconf 81' lang='lat' dir='ltr'>L·7·</span> 
     </span>
     <span class='ocr_line' id='line_1_12' title="bbox 72 1074 229 1155; baseline 0.01 -10.45"><span class='ocrx_word' id='word_1_60' title='bbox 72 1118 168 1155; x_wconf 71' lang='lat' dir='ltr'><strong>2...Ep</strong></span> <span class='ocrx_word' id='word_1_61' title='bbox 171 1074 229 1153; x_wconf 57' lang='grc' dir='ltr'><strong>Ῐγῗ.</strong></span> 
     </span>
    </p>
   </div>
   <div class='ocr_carea' id='block_1_6' title="bbox 68 1230 211 1269">
    <p class='ocr_par' dir='ltr' id='par_1_7' title="bbox 68 1230 211 1269">
     <span class='ocr_line' id='line_1_13' title="bbox 68 1230 211 1269; baseline 0 -7"><span class='ocrx_word' id='word_1_62' title='bbox 68 1230 155 1269; x_wconf 69' lang='lat' dir='ltr'><strong>Epist.</strong></span> <span class='ocrx_word' id='word_1_63' title='bbox 164 1235 211 1262; x_wconf 81' lang='lat'><strong>86.</strong></span> 
     </span>
    </p>
   </div>
   <div class='ocr_carea' id='block_1_7' title="bbox 67 1464 202 1541">
    <p class='ocr_par' dir='ltr' id='par_1_8' title="bbox 67 1464 202 1541">
     <span class='ocr_line' id='line_1_14' title="bbox 70 1464 162 1493; baseline -0.022 -1"><span class='ocrx_word' id='word_1_64' title='bbox 70 1464 102 1493; x_wconf 84' lang='lat' dir='ltr'>L</span> <span class='ocrx_word' id='word_1_65' title='bbox 118 1471 162 1492; x_wconf 82' lang='lat' dir='ltr'><strong>ro.</strong></span> 
     </span>
     <span class='ocr_line' id='line_1_15' title="bbox 67 1500 202 1541; baseline -0.015 -9"><span class='ocrx_word' id='word_1_66' title='bbox 67 1500 202 1541; x_wconf 59' lang='lat' dir='ltr'><strong>lapitha.</strong></span> 
     </span>
    </p>
   </div>
   <div class='ocr_carea' id='block_1_8' title="bbox 71 1805 228 1840">
    <p class='ocr_par' dir='ltr' id='par_1_9' title="bbox 71 1805 228 1840">
     <span class='ocr_line' id='line_1_16' title="bbox 71 1805 228 1840; baseline -0.032 -5"><span class='ocrx_word' id='word_1_67' title='bbox 71 1805 228 1840; x_wconf 43' lang='lat' dir='ltr'><strong>Laupas</strong></span> 
     </span>
    </p>
   </div>
   <div class='ocr_carea' id='block_1_9' title="bbox 74 2186 198 2223">
    <p class='ocr_par' dir='ltr' id='par_1_10' title="bbox 74 2186 198 2223">
     <span class='ocr_line' id='line_1_17' title="bbox 74 2186 198 2223; baseline -0.008 -8"><span class='ocrx_word' id='word_1_68' title='bbox 74 2186 198 2223; x_wconf 76' lang='lat' dir='ltr'><strong>Cap-15·</strong></span> 
     </span>
    </p>
   </div>
   <div class='ocr_carea' id='block_1_10' title="bbox 75 2373 210 2414">
    <p class='ocr_par' dir='ltr' id='par_1_11' title="bbox 75 2373 210 2414">
     <span class='ocr_line' id='line_1_18' title="bbox 75 2373 210 2414; baseline -0.015 0"><span class='ocrx_word' id='word_1_69' title='bbox 75 2373 210 2414; x_wconf 71' lang='lat' dir='ltr'><strong>Epist-5⁷·</strong></span> 
     </span>
    </p>
   </div>
   <div class='ocr_carea' id='block_1_11' title="bbox 186 643 1143 3427">
    <p class='ocr_par' dir='ltr' id='par_1_12' title="bbox 242 643 1140 1281">
     <span class='ocr_line' id='line_1_19' title="bbox 247 643 1138 691; baseline -0.007 -11"><span class='ocrx_word' id='word_1_70' title='bbox 247 648 406 681; x_wconf 88' lang='lat' dir='ltr'><strong>consensu</strong></span> <span class='ocrx_word' id='word_1_71' title='bbox 425 646 572 691; x_wconf 74' lang='lat' dir='ltr'><strong>legitime</strong></span> <span class='ocrx_word' id='word_1_72' title='bbox 584 644 741 678; x_wconf 67' lang='lat' dir='ltr'><strong>exstructa</strong></span> <span class='ocrx_word' id='word_1_73' title='bbox 752 643 845 686; x_wconf 81' lang='lat' dir='ltr'><strong>juxta</strong></span> <span class='ocrx_word' id='word_1_74' title='bbox 858 643 1033 676; x_wconf 88' lang='lat' dir='ltr'><strong>Canonem</strong></span> <span class='ocrx_word' id='word_1_75' title='bbox 1047 653 1138 685; x_wconf 87' lang='lat' dir='ltr'><strong>quar-</strong></span> 
     </span>
     <span class='ocr_line' id='line_1_20' title="bbox 248 692 1136 736; baseline -0.008 -6"><span class='ocrx_word' id='word_1_76' title='bbox 248 707 318 730; x_wconf 86' lang='lat' dir='ltr'><strong>tum</strong></span> <span class='ocrx_word' id='word_1_77' title='bbox 343 722 351 730; x_wconf 90' lang='lat'>.</span> <span class='ocrx_word' id='word_1_78' title='bbox 390 695 484 729; x_wconf 88' lang='lat' dir='ltr'>Huic</span> <span class='ocrx_word' id='word_1_79' title='bbox 512 704 622 728; x_wconf 86' lang='lat' dir='ltr'><strong>tamen</strong></span> <span class='ocrx_word' id='word_1_80' title='bbox 646 694 798 726; x_wconf 88' lang='lat' dir='ltr'><strong>videntur</strong></span> <span class='ocrx_word' id='word_1_81' title='bbox 820 692 967 736; x_wconf 66' lang='lat' dir='ltr'><strong>quasdam</strong></span> <span class='ocrx_word' id='word_1_82' title='bbox 989 692 1136 727; x_wconf 85' lang='lat' dir='ltr'><strong>obstare.</strong></span> 
     </span>
     <span class='ocr_line' id='line_1_21' title="bbox 250 741 1137 787; baseline -0.008 -6"><span class='ocrx_word' id='word_1_83' title='bbox 250 746 382 781; x_wconf 74' lang='lat' dir='ltr'><strong>Etenim</strong></span> <span class='ocrx_word' id='word_1_84' title='bbox 396 745 546 779; x_wconf 83' lang='lat' dir='ltr'><strong>Castotio</strong></span> <span class='ocrx_word' id='word_1_85' title='bbox 559 744 755 777; x_wconf 73' lang='lat' dir='ltr'>Ariminensi</span> <span class='ocrx_word' id='word_1_86' title='bbox 768 743 935 787; x_wconf 84' lang='lat' dir='ltr'><strong>Episcopo</strong></span> <span class='ocrx_word' id='word_1_87' title='bbox 951 741 1137 785; x_wconf 86' lang='lat' dir='ltr'><strong>permittens</strong></span> 
     </span>
     <span class='ocr_line' id='line_1_22' title="bbox 243 793 1137 842; baseline -0.007 -11"><span class='ocrx_word' id='word_1_88' title='bbox 243 797 426 842; x_wconf 88' lang='lat' dir='ltr'><strong>Gregorius</strong></span> <span class='ocrx_word' id='word_1_89' title='bbox 437 794 604 838; x_wconf 89' lang='lat' dir='ltr'><strong>Magnus,</strong></span> <span class='ocrx_word' id='word_1_90' title='bbox 630 803 667 827; x_wconf 89' lang='lat' dir='ltr'><strong>ut</strong></span> <span class='ocrx_word' id='word_1_91' title='bbox 686 794 799 827; x_wconf 61' lang='lat' dir='ltr'><strong>sanstae</strong></span> <span class='ocrx_word' id='word_1_92' title='bbox 818 793 934 826; x_wconf 86' lang='lat' dir='ltr'>Crucis</span> <span class='ocrx_word' id='word_1_93' title='bbox 945 793 1137 827; x_wconf 86' lang='lat' dir='ltr'><strong>Oratorium</strong></span> 
     </span>
     <span class='ocr_line' id='line_1_23' title="bbox 248 841 1138 881; baseline -0.006 -1"><span class='ocrx_word' id='word_1_94' title='bbox 248 848 330 881; x_wconf 87' lang='lat' dir='ltr'><strong>intra</strong></span> <span class='ocrx_word' id='word_1_95' title='bbox 354 846 519 879; x_wconf 83' lang='lat' dir='ltr'><strong>civitatem</strong></span> <span class='ocrx_word' id='word_1_96' title='bbox 540 843 852 877; x_wconf 80' lang='lat' dir='ltr'><strong>abillustrifaemina</strong></span> <span class='ocrx_word' id='word_1_97' title='bbox 873 841 1061 876; x_wconf 87' lang='lat' dir='ltr'><strong>Timothea</strong></span> <span class='ocrx_word' id='word_1_98' title='bbox 1083 854 1138 875; x_wconf 86' lang='lat' dir='ltr'><strong>ex-</strong></span> 
     </span>
     <span class='ocr_line' id='line_1_24' title="bbox 248 892 1136 938; baseline -0.008 -8"><span class='ocrx_word' id='word_1_99' title='bbox 248 897 400 930; x_wconf 71' lang='lat' dir='ltr'><strong>strut‘cum</strong></span> <span class='ocrx_word' id='word_1_100' title='bbox 422 894 613 933; x_wconf 87' lang='lat' dir='ltr'><strong>consecret,</strong></span> <span class='ocrx_word' id='word_1_101' title='bbox 640 892 790 938; x_wconf 85' lang='lat' dir='ltr'><strong>adjungit</strong></span> <span class='ocrx_word' id='word_1_102' title='bbox 816 908 826 926; x_wconf 89' lang='lat'><strong>.·</strong></span> <span class='ocrx_word' id='word_1_103' title='bbox 853 895 901 925; x_wconf 86' lang='lat' dir='ltr'><strong>Ita</strong></span> <span class='ocrx_word' id='word_1_104' title='bbox 927 901 961 925; x_wconf 79' lang='lat' dir='ltr'><strong>ut</strong></span> <span class='ocrx_word' id='word_1_105' title='bbox 980 898 1013 924; x_wconf 76' lang='lat' dir='ltr'><strong>in</strong></span> <span class='ocrx_word' id='word_1_106' title='bbox 1036 893 1136 924; x_wconf 84' lang='lat' dir='ltr'><strong>eodem</strong></span> 
     </span>
     <span class='ocr_line' id='line_1_25' title="bbox 246 941 1134 986; baseline -0.008 -6"><span class='ocrx_word' id='word_1_107' title='bbox 246 949 303 980; x_wconf 90' lang='lat' dir='ltr'><strong>loco</strong></span> <span class='ocrx_word' id='word_1_108' title='bbox 319 956 368 978; x_wconf 86' lang='lat' dir='ltr'><strong>nec</strong></span> <span class='ocrx_word' id='word_1_109' title='bbox 373 944 493 986; x_wconf 83' lang='lat' dir='ltr'><strong>futuris</strong></span> <span class='ocrx_word' id='word_1_110' title='bbox 505 944 684 985; x_wconf 80' lang='lat' dir='ltr'><strong>temporibus</strong></span> <span class='ocrx_word' id='word_1_111' title='bbox 698 943 911 986; x_wconf 84' lang='lat' dir='ltr'><strong>Baptisterium</strong></span> <span class='ocrx_word' id='word_1_112' title='bbox 922 941 1111 982; x_wconf 82' lang='lat' dir='ltr'><strong>constituatur</strong></span> <span class='ocrx_word' id='word_1_113' title='bbox 1125 965 1134 979; x_wconf 87' lang='lat'><strong>,</strong></span> 
     </span>
     <span class='ocr_line' id='line_1_26' title="bbox 248 990 1135 1034; baseline -0.007 -5"><span class='ocrx_word' id='word_1_114' title='bbox 248 1008 300 1029; x_wconf 82' lang='lat' dir='ltr'><strong>nec</strong></span> <span class='ocrx_word' id='word_1_115' title='bbox 319 995 527 1034; x_wconf 80' lang='lat' dir='ltr'><em>Presbyterum</em></span> <span class='ocrx_word' id='word_1_116' title='bbox 549 993 704 1034; x_wconf 82' lang='lat' dir='ltr'><strong>constituas</strong></span> <span class='ocrx_word' id='word_1_117' title='bbox 727 994 942 1026; x_wconf 81' lang='lat' dir='ltr'><strong>Cardinalem.</strong></span> <span class='ocrx_word' id='word_1_118' title='bbox 970 996 1015 1024; x_wconf 82' lang='lat' dir='ltr'><strong>Et</strong></span> <span class='ocrx_word' id='word_1_119' title='bbox 1029 990 1135 1034; x_wconf 84' lang='lat' dir='ltr'><strong>fiMis-</strong></span> 
     </span>
     <span class='ocr_line' id='line_1_27' title="bbox 186 1041 1136 1106; baseline -0.007 -26.624"><span class='ocrx_word' id='word_1_120' title='bbox 186 1045 297 1106; x_wconf 72' lang='lat' dir='ltr'><strong>ndsas</strong></span> <span class='ocrx_word' id='word_1_121' title='bbox 311 1045 395 1088; x_wconf 64' lang='lat' dir='ltr'><strong>forte*</strong></span> <span class='ocrx_word' id='word_1_122' title='bbox 416 1047 539 1079; x_wconf 83' lang='lat' dir='ltr'><strong>voluerit</strong></span> <span class='ocrx_word' id='word_1_123' title='bbox 557 1043 624 1085; x_wconf 73' lang='lat' dir='ltr'><strong>fiori</strong></span> <span class='ocrx_word' id='word_1_124' title='bbox 640 1043 670 1087; x_wconf 91' lang='lat' dir='ltr'><em>s</em></span> <span class='ocrx_word' id='word_1_125' title='bbox 667 1045 716 1085; x_wconf 82' lang='lat' dir='ltr'><strong>ln</strong></span> <span class='ocrx_word' id='word_1_126' title='bbox 744 1047 764 1076; x_wconf 76' lang='grc' dir='ltr'><em>ἆ</em></span> <span class='ocrx_word' id='word_1_127' title='bbox 777 1043 936 1076; x_wconf 67' lang='grc' dir='ltr'><em>ΒιΙεέῖὶοηε</em></span> <span class='ocrx_word' id='word_1_128' title='bbox 948 1050 1000 1075; x_wconf 86' lang='lat' dir='ltr'><strong>tua</strong></span> <span class='ocrx_word' id='word_1_129' title='bbox 1015 1041 1136 1081; x_wconf 77' lang='lat' dir='ltr'><strong>Presby-</strong></span> 
     </span>
     <span class='ocr_line' id='line_1_28' title="bbox 225 1092 1140 1141; baseline -0.006 -10.877"><span class='ocrx_word' id='word_1_130' title='bbox 225 1097 343 1130; x_wconf 84' lang='lat' dir='ltr'><strong>&#39;terum</strong></span> <span class='ocrx_word' id='word_1_131' title='bbox 367 1101 483 1129; x_wconf 74' lang='lat' dir='ltr'><strong>noterit</strong></span> <span class='ocrx_word' id='word_1_132' title='bbox 499 1094 727 1137; x_wconf 85' lang='lat' dir='ltr'><strong>postulandum.</strong></span> <span class='ocrx_word' id='word_1_133' title='bbox 757 1093 860 1141; x_wconf 75' lang='lat' dir='ltr'><strong>Qiod</strong></span> <span class='ocrx_word' id='word_1_134' title='bbox 887 1093 991 1135; x_wconf 86' lang='lat' dir='ltr'><strong>ipsum</strong></span> <span class='ocrx_word' id='word_1_135' title='bbox 1015 1092 1056 1126; x_wconf 89' lang='lat' dir='ltr'><strong>de</strong></span> <span class='ocrx_word' id='word_1_136' title='bbox 1068 1092 1140 1125; x_wconf 86' lang='lat' dir='ltr'><strong>aliis</strong></span> 
     </span>
     <span class='ocr_line' id='line_1_29' title="bbox 248 1142 1139 1183; baseline -0.007 -2"><span class='ocrx_word' id='word_1_137' title='bbox 248 1147 412 1183; x_wconf 89' lang='lat' dir='ltr'><strong>Oratoriis</strong></span> <span class='ocrx_word' id='word_1_138' title='bbox 434 1145 543 1179; x_wconf 80' lang='lat' dir='ltr'><strong>scribit</strong></span> <span class='ocrx_word' id='word_1_139' title='bbox 563 1143 604 1179; x_wconf 89' lang='lat' dir='ltr'><strong>ad</strong></span> <span class='ocrx_word' id='word_1_140' title='bbox 625 1144 787 1178; x_wconf 83' lang='lat' dir='ltr'><strong>Paffivum</strong></span> <span class='ocrx_word' id='word_1_141' title='bbox 810 1143 1025 1183; x_wconf 88' lang='lat' dir='ltr'><strong>Firmanum,</strong></span> <span class='ocrx_word' id='word_1_142' title='bbox 1053 1142 1139 1176; x_wconf 90' lang='lat' dir='ltr'><strong>&amp;ad</strong></span> 
     </span>
     <span class='ocr_line' id='line_1_30' title="bbox 249 1193 1137 1238; baseline -0.005 -8"><span class='ocrx_word' id='word_1_143' title='bbox 249 1197 453 1231; x_wconf 87' lang='lat' dir='ltr'><strong>Benenatum</strong></span> <span class='ocrx_word' id='word_1_144' title='bbox 478 1195 679 1238; x_wconf 85' lang='lat' dir='ltr'><strong>Episcopum</strong></span> <span class='ocrx_word' id='word_1_145' title='bbox 706 1193 964 1228; x_wconf 83' lang='lat' dir='ltr'><strong>Fundaritanum</strong></span> <span class='ocrx_word' id='word_1_146' title='bbox 984 1216 995 1233; x_wconf 93' lang='lat'>‚</span> <span class='ocrx_word' id='word_1_147' title='bbox 1022 1194 1057 1227; x_wconf 73' lang='grc' dir='ltr'><strong>δε</strong></span> <span class='ocrx_word' id='word_1_148' title='bbox 1077 1193 1137 1226; x_wconf 89' lang='lat' dir='ltr'><strong>Za-</strong></span> 
     </span>
     <span class='ocr_line' id='line_1_31' title="bbox 248 1244 772 1281; baseline -0.006 0"><span class='ocrx_word' id='word_1_149' title='bbox 248 1246 372 1281; x_wconf 88' lang='lat' dir='ltr'><strong>charias</strong></span> <span class='ocrx_word' id='word_1_150' title='bbox 393 1244 555 1280; x_wconf 82' lang='lat' dir='ltr'><strong>Pontifex</strong></span> <span class='ocrx_word' id='word_1_151' title='bbox 579 1245 751 1278; x_wconf 87' lang='lat' dir='ltr'><strong>confirmat</strong></span> <span class='ocrx_word' id='word_1_152' title='bbox 765 1270 772 1277; x_wconf 90' lang='lat'><strong>.</strong></span> 
     </span>
    </p>

    <p class='ocr_par' dir='ltr' id='par_1_13' title="bbox 245 1292 1143 2938">
     <span class='ocr_line' id='line_1_32' title="bbox 298 1292 1139 1338; baseline -0.006 -8"><span class='ocrx_word' id='word_1_153' title='bbox 298 1294 497 1338; x_wconf 77' lang='lat' dir='ltr'><strong>Respondeo</strong></span> <span class='ocrx_word' id='word_1_154' title='bbox 520 1295 661 1328; x_wconf 87' lang='lat' dir='ltr'><strong>eundern</strong></span> <span class='ocrx_word' id='word_1_155' title='bbox 686 1295 839 1327; x_wconf 71' lang='lat' dir='ltr'><strong>Sanstum</strong></span> <span class='ocrx_word' id='word_1_156' title='bbox 863 1292 1062 1336; x_wconf 89' lang='lat' dir='ltr'><strong>Gregorium</strong></span> <span class='ocrx_word' id='word_1_157' title='bbox 1084 1292 1139 1325; x_wconf 89' lang='lat' dir='ltr'><strong>ali-</strong></span> 
     </span>
     <span class='ocr_line' id='line_1_33' title="bbox 248 1342 1138 1382; baseline -0.009 0"><span class='ocrx_word' id='word_1_158' title='bbox 248 1356 297 1382; x_wconf 88' lang='lat' dir='ltr'><strong>ter</strong></span> <span class='ocrx_word' id='word_1_159' title='bbox 314 1345 451 1379; x_wconf 87' lang='lat' dir='ltr'>statuere</span> <span class='ocrx_word' id='word_1_160' title='bbox 471 1346 506 1379; x_wconf 89' lang='lat' dir='ltr'><strong>in</strong></span> <span class='ocrx_word' id='word_1_161' title='bbox 519 1345 634 1378; x_wconf 81' lang='lat' dir='ltr'><strong>litteris</strong></span> <span class='ocrx_word' id='word_1_162' title='bbox 644 1342 683 1377; x_wconf 89' lang='lat' dir='ltr'><strong>ad</strong></span> <span class='ocrx_word' id='word_1_163' title='bbox 696 1345 819 1377; x_wconf 70' lang='lat' dir='ltr'><strong>distum</strong></span> <span class='ocrx_word' id='word_1_164' title='bbox 832 1342 995 1376; x_wconf 80' lang='lat' dir='ltr'><strong>Paffivum</strong></span> <span class='ocrx_word' id='word_1_165' title='bbox 1007 1342 1047 1375; x_wconf 87' lang='lat' dir='ltr'><strong>de</strong></span> <span class='ocrx_word' id='word_1_166' title='bbox 1059 1344 1138 1377; x_wconf 84' lang='lat' dir='ltr'><strong>Ora-</strong></span> 
     </span>
     <span class='ocr_line' id='line_1_34' title="bbox 247 1392 1141 1439; baseline -0.004 -9"><span class='ocrx_word' id='word_1_167' title='bbox 247 1397 335 1431; x_wconf 90' lang='lat' dir='ltr'><strong>torio</strong></span> <span class='ocrx_word' id='word_1_168' title='bbox 348 1421 358 1437; x_wconf 87' lang='lat'><strong>,</strong></span> <span class='ocrx_word' id='word_1_169' title='bbox 383 1394 469 1439; x_wconf 89' lang='lat' dir='ltr'><strong>quod</strong></span> <span class='ocrx_word' id='word_1_170' title='bbox 491 1395 526 1428; x_wconf 85' lang='lat' dir='ltr'><strong>in</strong></span> <span class='ocrx_word' id='word_1_171' title='bbox 550 1394 665 1429; x_wconf 83' lang='lat' dir='ltr'><strong>Castro</strong></span> <span class='ocrx_word' id='word_1_172' title='bbox 679 1395 736 1428; x_wconf 94' lang='lat' dir='ltr'><strong>suo</strong></span> <span class='ocrx_word' id='word_1_173' title='bbox 748 1392 931 1437; x_wconf 78' lang='lat' dir='ltr'><strong>Apretiensx</strong></span> <span class='ocrx_word' id='word_1_174' title='bbox 947 1393 1062 1426; x_wconf 90' lang='lat' dir='ltr'><strong>Annio</strong></span> <span class='ocrx_word' id='word_1_175' title='bbox 1076 1393 1141 1426; x_wconf 90' lang='lat' dir='ltr'><strong>Co-</strong></span> 
     </span>
     <span class='ocr_line' id='line_1_35' title="bbox 247 1442 1141 1483; baseline -0.006 -3"><span class='ocrx_word' id='word_1_176' title='bbox 247 1457 316 1480; x_wconf 88' lang='lat' dir='ltr'><strong>mes</strong></span> <span class='ocrx_word' id='word_1_177' title='bbox 336 1445 528 1480; x_wconf 81' lang='lat' dir='ltr'><strong>condiderat</strong></span> <span class='ocrx_word' id='word_1_178' title='bbox 545 1469 551 1475; x_wconf 95' lang='lat'><strong>.</strong></span> <span class='ocrx_word' id='word_1_179' title='bbox 581 1444 786 1483; x_wconf 84' lang='lat' dir='ltr'><em>Presbyterum</em></span> <span class='ocrx_word' id='word_1_180' title='bbox 804 1453 833 1477; x_wconf 81' lang='lat' dir='ltr'><strong>te</strong></span> <span class='ocrx_word' id='word_1_181' title='bbox 844 1445 904 1476; x_wconf 81' lang='lat' dir='ltr'><strong>illic</strong></span> <span class='ocrx_word' id='word_1_182' title='bbox 914 1442 1080 1483; x_wconf 81' lang='lat' dir='ltr'><strong>constituere</strong></span> <span class='ocrx_word' id='word_1_183' title='bbox 1091 1454 1141 1475; x_wconf 82' lang='lat' dir='ltr'><strong>vo-</strong></span> 
     </span>
     <span class='ocr_line' id='line_1_36' title="bbox 247 1492 1141 1536; baseline -0.007 -5"><span class='ocrx_word' id='word_1_184' title='bbox 247 1498 346 1531; x_wconf 76' lang='lat' dir='ltr'><strong>lumus</strong></span> <span class='ocrx_word' id='word_1_185' title='bbox 370 1496 566 1528; x_wconf 76' lang='lat' dir='ltr'><em>cardinalem</em></span> <span class='ocrx_word' id='word_1_186' title='bbox 576 1520 586 1535; x_wconf 92' lang='lat'><strong>,</strong></span> <span class='ocrx_word' id='word_1_187' title='bbox 613 1504 648 1527; x_wconf 82' lang='lat' dir='ltr'><strong>ut</strong></span> <span class='ocrx_word' id='word_1_188' title='bbox 660 1499 771 1536; x_wconf 84' lang='lat' dir='ltr'><strong>quoties</strong></span> <span class='ocrx_word' id='word_1_189' title='bbox 781 1493 935 1536; x_wconf 51' lang='lat' dir='ltr'><strong>prce-fatus</strong></span> <span class='ocrx_word' id='word_1_190' title='bbox 947 1494 1079 1526; x_wconf 85' lang='lat' dir='ltr'><strong>conditor</strong></span> <span class='ocrx_word' id='word_1_191' title='bbox 1088 1492 1141 1534; x_wconf 84' lang='lat' dir='ltr'><strong>fie-</strong></span> 
     </span>
     <span class='ocr_line' id='line_1_37' title="bbox 246 1543 1136 1589; baseline -0.006 -10"><span class='ocrx_word' id='word_1_192' title='bbox 246 1554 274 1586; x_wconf 76' lang='lat' dir='ltr'><strong>ri</strong></span> <span class='ocrx_word' id='word_1_193' title='bbox 293 1545 348 1588; x_wconf 83' lang='lat' dir='ltr'><strong>fibi</strong></span> <span class='ocrx_word' id='word_1_194' title='bbox 370 1545 469 1589; x_wconf 81' lang='lat' dir='ltr'><strong>Miffas</strong></span> <span class='ocrx_word' id='word_1_195' title='bbox 487 1543 622 1587; x_wconf 72' lang='lat' dir='ltr'><strong>fortaſse</strong></span> <span class='ocrx_word' id='word_1_196' title='bbox 643 1546 791 1584; x_wconf 83' lang='lat' dir='ltr'><strong>voluerit,</strong></span> <span class='ocrx_word' id='word_1_197' title='bbox 820 1545 872 1577; x_wconf 82' lang='lat' dir='ltr'><strong>vel</strong></span> <span class='ocrx_word' id='word_1_198' title='bbox 874 1543 1011 1583; x_wconf 81' lang='lat' dir='ltr'><strong>fidelium</strong></span> <span class='ocrx_word' id='word_1_199' title='bbox 1021 1554 1136 1576; x_wconf 85' lang='lat' dir='ltr'><strong>concur-</strong></span> 
     </span>
     <span class='ocr_line' id='line_1_38' title="bbox 245 1591 1142 1639; baseline -0.004 -10"><span class='ocrx_word' id='word_1_200' title='bbox 245 1594 295 1639; x_wconf 77' lang='lat' dir='ltr'><strong>sus</strong></span> <span class='ocrx_word' id='word_1_201' title='bbox 310 1602 437 1639; x_wconf 78' lang='lat' dir='ltr'><strong>exegerit</strong></span> <span class='ocrx_word' id='word_1_202' title='bbox 450 1620 460 1635; x_wconf 91' lang='lat'>‚</span> <span class='ocrx_word' id='word_1_203' title='bbox 487 1593 605 1635; x_wconf 79' lang='lat' dir='ltr'><strong>nibilfit</strong></span> <span class='ocrx_word' id='word_1_204' title='bbox 619 1619 629 1634; x_wconf 92' lang='lat'><strong>,</strong></span> <span class='ocrx_word' id='word_1_205' title='bbox 651 1596 731 1637; x_wconf 84' lang='lat' dir='ltr'><strong>quod</strong></span> <span class='ocrx_word' id='word_1_206' title='bbox 740 1596 783 1626; x_wconf 88' lang='lat' dir='ltr'><strong>ad</strong></span> <span class='ocrx_word' id='word_1_207' title='bbox 794 1594 946 1637; x_wconf 79' lang='lat' dir='ltr'><strong>Miffarum</strong></span> <span class='ocrx_word' id='word_1_208' title='bbox 958 1596 1049 1626; x_wconf 83' lang='lat' dir='ltr'><strong>Sacra</strong></span> <span class='ocrx_word' id='word_1_209' title='bbox 1059 1591 1142 1625; x_wconf 82' lang='lat' dir='ltr'><strong>exhi-</strong></span> 
     </span>
     <span class='ocr_line' id='line_1_39' title="bbox 248 1642 1141 1688; baseline -0.001 -10"><span class='ocrx_word' id='word_1_210' title='bbox 248 1647 348 1679; x_wconf 86' lang='lat' dir='ltr'><strong>benda</strong></span> <span class='ocrx_word' id='word_1_211' title='bbox 368 1644 515 1688; x_wconf 83' lang='lat' dir='ltr'><strong>solemnia</strong></span> <span class='ocrx_word' id='word_1_212' title='bbox 536 1645 639 1677; x_wconf 82' lang='lat' dir='ltr'><strong>valeat</strong></span> <span class='ocrx_word' id='word_1_213' title='bbox 661 1646 821 1685; x_wconf 73' lang='lat' dir='ltr'><strong>impedire.</strong></span> <span class='ocrx_word' id='word_1_214' title='bbox 851 1644 893 1677; x_wconf 88' lang='lat' dir='ltr'><strong>Et</strong></span> <span class='ocrx_word' id='word_1_215' title='bbox 917 1645 951 1676; x_wconf 89' lang='lat' dir='ltr'><strong>in</strong></span> <span class='ocrx_word' id='word_1_216' title='bbox 972 1644 1088 1677; x_wconf 89' lang='lat' dir='ltr'><strong>litteris</strong></span> <span class='ocrx_word' id='word_1_217' title='bbox 1100 1642 1141 1677; x_wconf 88' lang='lat' dir='ltr'><strong>ad</strong></span> 
     </span>
     <span class='ocr_line' id='line_1_40' title="bbox 247 1693 1143 1736; baseline -0.003 -7"><span class='ocrx_word' id='word_1_218' title='bbox 247 1695 469 1730; x_wconf 79' lang='lat' dir='ltr'><strong>Anthemium</strong></span> <span class='ocrx_word' id='word_1_219' title='bbox 493 1693 764 1733; x_wconf 87' lang='lat' dir='ltr'><strong>Subdiaconum,</strong></span> <span class='ocrx_word' id='word_1_220' title='bbox 791 1693 979 1736; x_wconf 83' lang='lat' dir='ltr'><strong>Apostolici</strong></span> <span class='ocrx_word' id='word_1_221' title='bbox 993 1694 1025 1725; x_wconf 93' lang='lat' dir='ltr'><strong>in</strong></span> <span class='ocrx_word' id='word_1_222' title='bbox 1047 1693 1143 1727; x_wconf 88' lang='lat' dir='ltr'><strong>Cam·</strong></span> 
     </span>
     <span class='ocr_line' id='line_1_41' title="bbox 247 1741 1142 1788; baseline -0.003 -10"><span class='ocrx_word' id='word_1_223' title='bbox 247 1745 344 1788; x_wconf 85' lang='lat' dir='ltr'><strong>pania</strong></span> <span class='ocrx_word' id='word_1_224' title='bbox 366 1744 556 1787; x_wconf 83' lang='lat' dir='ltr'><strong>patrimonii</strong></span> <span class='ocrx_word' id='word_1_225' title='bbox 586 1745 742 1778; x_wconf 66' lang='lat' dir='ltr'><strong>restorem</strong></span> <span class='ocrx_word' id='word_1_226' title='bbox 770 1768 780 1783; x_wconf 95' lang='lat'><strong>,</strong></span> <span class='ocrx_word' id='word_1_227' title='bbox 816 1741 925 1776; x_wconf 84' lang='lat' dir='ltr'><strong>laudat</strong></span> <span class='ocrx_word' id='word_1_228' title='bbox 950 1742 1142 1776; x_wconf 88' lang='lat' dir='ltr'><strong>Amandum</strong></span> 
     </span>
     <span class='ocr_line' id='line_1_42' title="bbox 246 1792 1143 1829; baseline -0.003 0"><span class='ocrx_word' id='word_1_229' title='bbox 246 1794 394 1829; x_wconf 85' lang='lat' dir='ltr'><strong>Oratorii</strong></span> <span class='ocrx_word' id='word_1_230' title='bbox 408 1793 516 1827; x_wconf 78' lang='lat' dir='ltr'><strong>Sansti</strong></span> <span class='ocrx_word' id='word_1_231' title='bbox 531 1792 673 1826; x_wconf 83' lang='lat' dir='ltr'><strong>Severini</strong></span> <span class='ocrx_word' id='word_1_232' title='bbox 688 1793 723 1825; x_wconf 91' lang='lat' dir='ltr'><strong>in</strong></span> <span class='ocrx_word' id='word_1_233' title='bbox 738 1792 856 1826; x_wconf 88' lang='lat' dir='ltr'><strong>Castro</strong></span> <span class='ocrx_word' id='word_1_234' title='bbox 869 1793 1054 1827; x_wconf 90' lang='lat' dir='ltr'><strong>Lucullano</strong></span> <span class='ocrx_word' id='word_1_235' title='bbox 1068 1793 1143 1826; x_wconf 89' lang='lat' dir='ltr'><strong>Pre-</strong></span> 
     </span>
     <span class='ocr_line' id='line_1_43' title="bbox 247 1842 1140 1887; baseline -0.003 -9"><span class='ocrx_word' id='word_1_236' title='bbox 247 1845 415 1887; x_wconf 82' lang='lat' dir='ltr'><strong>sbyterum</strong></span> <span class='ocrx_word' id='word_1_237' title='bbox 441 1868 453 1884; x_wconf 86' lang='lat'>‚</span> <span class='ocrx_word' id='word_1_238' title='bbox 488 1843 626 1877; x_wconf 68' lang='lat' dir='ltr'><strong>electum</strong></span> <span class='ocrx_word' id='word_1_239' title='bbox 653 1843 853 1886; x_wconf 88' lang='lat' dir='ltr'><strong>Episcopum</strong></span> <span class='ocrx_word' id='word_1_240' title='bbox 891 1842 1140 1876; x_wconf 80' lang='lat' dir='ltr'><strong>Surrentinum.</strong></span> 
     </span>
     <span class='ocr_line' id='line_1_44' title="bbox 247 1892 1141 1943; baseline -0.003 -15"><span class='ocrx_word' id='word_1_241' title='bbox 247 1895 333 1943; x_wconf 83' lang='lat' dir='ltr'><strong>Qa:</strong></span> <span class='ocrx_word' id='word_1_242' title='bbox 360 1894 395 1927; x_wconf 92' lang='lat' dir='ltr'><strong>in</strong></span> <span class='ocrx_word' id='word_1_243' title='bbox 419 1894 557 1936; x_wconf 82' lang='lat' dir='ltr'><strong>speciem</strong></span> <span class='ocrx_word' id='word_1_244' title='bbox 583 1892 712 1926; x_wconf 83' lang='lat' dir='ltr'><strong>adversa</strong></span> <span class='ocrx_word' id='word_1_245' title='bbox 727 1893 883 1926; x_wconf 88' lang='lat' dir='ltr'><strong>conciliat</strong></span> <span class='ocrx_word' id='word_1_246' title='bbox 897 1893 1017 1927; x_wconf 90' lang='lat' dir='ltr'><strong>Canon</strong></span> <span class='ocrx_word' id='word_1_247' title='bbox 1033 1893 1141 1938; x_wconf 87' lang='lat' dir='ltr'><strong>vigesi-</strong></span> 
     </span>
     <span class='ocr_line' id='line_1_45' title="bbox 247 1943 1142 1988; baseline -0.002 -10"><span class='ocrx_word' id='word_1_248' title='bbox 247 1956 322 1979; x_wconf 88' lang='lat' dir='ltr'><strong>mus</strong></span> <span class='ocrx_word' id='word_1_249' title='bbox 345 1943 477 1988; x_wconf 88' lang='lat' dir='ltr'><strong>quintus</strong></span> <span class='ocrx_word' id='word_1_250' title='bbox 502 1944 702 1987; x_wconf 86' lang='lat' dir='ltr'><strong>Epaonensis</strong></span> <span class='ocrx_word' id='word_1_251' title='bbox 725 1943 885 1977; x_wconf 88' lang='lat' dir='ltr'><strong>mandans</strong></span> <span class='ocrx_word' id='word_1_252' title='bbox 899 1943 1050 1976; x_wconf 88' lang='lat' dir='ltr'><strong>villarum</strong></span> <span class='ocrx_word' id='word_1_253' title='bbox 1062 1946 1142 1979; x_wconf 89' lang='lat' dir='ltr'><strong>Ora-</strong></span> 
     </span>
     <span class='ocr_line' id='line_1_46' title="bbox 248 1993 1139 2037; baseline -0.003 -8"><span class='ocrx_word' id='word_1_254' title='bbox 248 1995 341 2030; x_wconf 87' lang='lat' dir='ltr'><strong>toriis</strong></span> <span class='ocrx_word' id='word_1_255' title='bbox 363 2004 430 2027; x_wconf 84' lang='lat' dir='ltr'><strong>non</strong></span> <span class='ocrx_word' id='word_1_256' title='bbox 453 1994 598 2027; x_wconf 85' lang='lat' dir='ltr'><strong>ordinari</strong></span> <span class='ocrx_word' id='word_1_257' title='bbox 624 1994 770 2037; x_wconf 86' lang='lat' dir='ltr'><strong>proprios</strong></span> <span class='ocrx_word' id='word_1_258' title='bbox 794 1995 845 2028; x_wconf 87' lang='lat' dir='ltr'><strong>seu</strong></span> <span class='ocrx_word' id='word_1_259' title='bbox 859 1993 1051 2028; x_wconf 89' lang='lat' dir='ltr'><strong>Cardinales</strong></span> <span class='ocrx_word' id='word_1_260' title='bbox 1070 1993 1139 2027; x_wconf 89' lang='lat' dir='ltr'><strong>Cle-</strong></span> 
     </span>
     <span class='ocr_line' id='line_1_47' title="bbox 248 2043 1139 2088; baseline -0.001 -10"><span class='ocrx_word' id='word_1_261' title='bbox 248 2046 335 2078; x_wconf 87' lang='lat' dir='ltr'><strong>ricos</strong></span> <span class='ocrx_word' id='word_1_262' title='bbox 346 2068 356 2083; x_wconf 93' lang='lat'><strong>,</strong></span> <span class='ocrx_word' id='word_1_263' title='bbox 385 2044 442 2076; x_wconf 88' lang='lat' dir='ltr'><strong>nisi</strong></span> <span class='ocrx_word' id='word_1_264' title='bbox 470 2045 515 2077; x_wconf 79' lang='lat' dir='ltr'><strong>eis</strong></span> <span class='ocrx_word' id='word_1_265' title='bbox 541 2044 634 2077; x_wconf 70' lang='lat' dir='ltr'><strong>antea</strong></span> <span class='ocrx_word' id='word_1_266' title='bbox 647 2054 838 2088; x_wconf 87' lang='lat' dir='ltr'><strong>competens</strong></span> <span class='ocrx_word' id='word_1_267' title='bbox 850 2045 950 2078; x_wconf 64' lang='lat' dir='ltr'><strong>victus</strong></span> <span class='ocrx_word' id='word_1_268' title='bbox 962 2045 994 2078; x_wconf 90' lang='lat'>&amp;</span> <span class='ocrx_word' id='word_1_269' title='bbox 1007 2043 1139 2077; x_wconf 89' lang='lat' dir='ltr'><strong>vestitus</strong></span> 
     </span>
     <span class='ocr_line' id='line_1_48' title="bbox 249 2092 1139 2136; baseline 0.001 -9"><span class='ocrx_word' id='word_1_270' title='bbox 249 2094 422 2136; x_wconf 84' lang='lat' dir='ltr'><strong>deputetur</strong></span> <span class='ocrx_word' id='word_1_271' title='bbox 434 2116 440 2123; x_wconf 90' lang='lat'><strong>.</strong></span> <span class='ocrx_word' id='word_1_272' title='bbox 470 2093 513 2126; x_wconf 90' lang='lat' dir='ltr'><strong>Et</strong></span> <span class='ocrx_word' id='word_1_273' title='bbox 525 2092 676 2135; x_wconf 87' lang='lat' dir='ltr'><strong>Synodus</strong></span> <span class='ocrx_word' id='word_1_274' title='bbox 688 2095 895 2128; x_wconf 85' lang='lat' dir='ltr'><strong>Arvernensis</strong></span> <span class='ocrx_word' id='word_1_275' title='bbox 908 2093 1053 2128; x_wconf 86' lang='lat' dir='ltr'><strong>admittit</strong></span> <span class='ocrx_word' id='word_1_276' title='bbox 1066 2094 1139 2128; x_wconf 90' lang='lat' dir='ltr'><strong>Cle·</strong></span> 
     </span>
     <span class='ocr_line' id='line_1_49' title="bbox 248 2142 1138 2187; baseline 0.001 -10"><span class='ocrx_word' id='word_1_277' title='bbox 248 2143 334 2177; x_wconf 83' lang='lat' dir='ltr'><strong>ricos</strong></span> <span class='ocrx_word' id='word_1_278' title='bbox 356 2153 462 2186; x_wconf 87' lang='lat' dir='ltr'><strong>neque</strong></span> <span class='ocrx_word' id='word_1_279' title='bbox 482 2143 519 2176; x_wconf 85' lang='lat' dir='ltr'><strong>in</strong></span> <span class='ocrx_word' id='word_1_280' title='bbox 542 2142 728 2177; x_wconf 88' lang='lat' dir='ltr'><strong>civitatibus</strong></span> <span class='ocrx_word' id='word_1_281' title='bbox 751 2155 855 2187; x_wconf 87' lang='lat' dir='ltr'><strong>neque</strong></span> <span class='ocrx_word' id='word_1_282' title='bbox 870 2145 904 2177; x_wconf 92' lang='lat' dir='ltr'><strong>in</strong></span> <span class='ocrx_word' id='word_1_283' title='bbox 918 2143 1079 2186; x_wconf 86' lang='lat' dir='ltr'><strong>parochiis</strong></span> <span class='ocrx_word' id='word_1_284' title='bbox 1089 2156 1138 2178; x_wconf 85' lang='lat' dir='ltr'><strong>ca-</strong></span> 
     </span>
     <span class='ocr_line' id='line_1_50' title="bbox 250 2190 1138 2235; baseline -0.002 -8"><span class='ocrx_word' id='word_1_285' title='bbox 250 2193 411 2232; x_wconf 87' lang='lat' dir='ltr'><strong>nonicos,</strong></span> <span class='ocrx_word' id='word_1_286' title='bbox 440 2190 494 2225; x_wconf 90' lang='lat' dir='ltr'><strong>sed</strong></span> <span class='ocrx_word' id='word_1_287' title='bbox 520 2203 575 2235; x_wconf 86' lang='lat' dir='ltr'><strong>per</strong></span> <span class='ocrx_word' id='word_1_288' title='bbox 600 2193 698 2228; x_wconf 85' lang='lat' dir='ltr'><strong>villas</strong></span> <span class='ocrx_word' id='word_1_289' title='bbox 721 2193 885 2229; x_wconf 89' lang='lat' dir='ltr'><strong>Oratoriis</strong></span> <span class='ocrx_word' id='word_1_290' title='bbox 908 2194 1138 2227; x_wconf 87' lang='lat' dir='ltr'><strong>deservientes.</strong></span> 
     </span>
     <span class='ocr_line' id='line_1_51' title="bbox 249 2239 1139 2286; baseline 0.002 -11"><span class='ocrx_word' id='word_1_291' title='bbox 249 2240 295 2275; x_wconf 85' lang='lat' dir='ltr'><strong>Et</strong></span> <span class='ocrx_word' id='word_1_292' title='bbox 326 2239 505 2276; x_wconf 84' lang='lat' dir='ltr'><strong>Meldenfis</strong></span> <span class='ocrx_word' id='word_1_293' title='bbox 536 2241 691 2281; x_wconf 72' lang='lat' dir='ltr'><strong>admittitv</strong></span> <span class='ocrx_word' id='word_1_294' title='bbox 708 2243 853 2277; x_wconf 88' lang='lat' dir='ltr'><strong>ordinari</strong></span> <span class='ocrx_word' id='word_1_295' title='bbox 882 2243 923 2276; x_wconf 87' lang='lat' dir='ltr'><strong>ad</strong></span> <span class='ocrx_word' id='word_1_296' title='bbox 945 2243 1139 2286; x_wconf 80' lang='lat' dir='ltr'><strong>Capellam,</strong></span> 
     </span>
     <span class='ocr_line' id='line_1_52' title="bbox 251 2292 1138 2336; baseline 0.001 -10"><span class='ocrx_word' id='word_1_297' title='bbox 251 2305 320 2336; x_wconf 82' lang='lat' dir='ltr'><strong>quae-</strong></span> <span class='ocrx_word' id='word_1_298' title='bbox 333 2292 430 2326; x_wconf 87' lang='lat' dir='ltr'><strong>habet</strong></span> <span class='ocrx_word' id='word_1_299' title='bbox 441 2292 585 2336; x_wconf 87' lang='lat' dir='ltr'><strong>proprias</strong></span> <span class='ocrx_word' id='word_1_300' title='bbox 598 2292 757 2326; x_wconf 87' lang='lat' dir='ltr'><strong>decimas.</strong></span> <span class='ocrx_word' id='word_1_301' title='bbox 784 2292 828 2326; x_wconf 93' lang='lat' dir='ltr'><strong>Et</strong></span> <span class='ocrx_word' id='word_1_302' title='bbox 842 2294 978 2327; x_wconf 64' lang='lat' dir='ltr'><strong>Sanctus</strong></span> <span class='ocrx_word' id='word_1_303' title='bbox 989 2293 1062 2326; x_wconf 88' lang='lat' dir='ltr'><strong>Leo</strong></span> <span class='ocrx_word' id='word_1_304' title='bbox 1073 2305 1138 2327; x_wconf 90' lang='lat' dir='ltr'><strong>ma-</strong></span> 
     </span>
     <span class='ocr_line' id='line_1_53' title="bbox 250 2342 1137 2388; baseline 0.001 -13"><span class='ocrx_word' id='word_1_305' title='bbox 250 2354 336 2388; x_wconf 88' lang='lat' dir='ltr'><strong>gnus</strong></span> <span class='ocrx_word' id='word_1_306' title='bbox 358 2342 556 2376; x_wconf 81' lang='lat' dir='ltr'><strong>Anatolium</strong></span> <span class='ocrx_word' id='word_1_307' title='bbox 578 2343 989 2386; x_wconf 76' lang='lat' dir='ltr'><strong>constantinopolitanum</strong></span> <span class='ocrx_word' id='word_1_308' title='bbox 1011 2343 1137 2386; x_wconf 86' lang='lat' dir='ltr'><strong>Episco-</strong></span> 
     </span>
     <span class='ocr_line' id='line_1_54' title="bbox 250 2391 1136 2437; baseline 0.001 -11"><span class='ocrx_word' id='word_1_309' title='bbox 250 2404 328 2437; x_wconf 90' lang='lat' dir='ltr'><strong>pum</strong></span> <span class='ocrx_word' id='word_1_310' title='bbox 339 2403 477 2437; x_wconf 85' lang='lat' dir='ltr'><strong>arguens</strong></span> <span class='ocrx_word' id='word_1_311' title='bbox 489 2417 499 2433; x_wconf 89' lang='lat'><strong>,</strong></span> <span class='ocrx_word' id='word_1_312' title='bbox 525 2391 613 2436; x_wconf 91' lang='lat' dir='ltr'><strong>quod</strong></span> <span class='ocrx_word' id='word_1_313' title='bbox 629 2392 762 2427; x_wconf 87' lang='lat' dir='ltr'><strong>AEtium</strong></span> <span class='ocrx_word' id='word_1_314' title='bbox 780 2392 1089 2426; x_wconf 89' lang='lat' dir='ltr'><strong>Archi-Diaconum</strong></span> <span class='ocrx_word' id='word_1_315' title='bbox 1103 2394 1136 2427; x_wconf 89' lang='lat' dir='ltr'><strong>in</strong></span> 
     </span>
     <span class='ocr_line' id='line_1_55' title="bbox 251 2441 1136 2486; baseline -0.002 -8"><span class='ocrx_word' id='word_1_316' title='bbox 251 2442 432 2478; x_wconf 82' lang='lat' dir='ltr'><strong>Caemeterii</strong></span> <span class='ocrx_word' id='word_1_317' title='bbox 469 2441 696 2486; x_wconf 84' lang='lat' dir='ltr'><strong>Presbyterum</strong></span> <span class='ocrx_word' id='word_1_318' title='bbox 733 2442 888 2477; x_wconf 88' lang='lat' dir='ltr'><strong>ordinans</strong></span> <span class='ocrx_word' id='word_1_319' title='bbox 919 2444 1007 2486; x_wconf 85' lang='lat' dir='ltr'><strong>quasi</strong></span> <span class='ocrx_word' id='word_1_320' title='bbox 1035 2443 1136 2476; x_wconf 84' lang='lat' dir='ltr'><strong>exilio</strong></span> 
     </span>
     <span class='ocr_line' id='line_1_56' title="bbox 250 2491 1136 2537; baseline -0.001 -9"><span class='ocrx_word' id='word_1_321' title='bbox 250 2491 518 2533; x_wconf 75' lang='lat' dir='ltr'><strong>condemnasset,</strong></span> <span class='ocrx_word' id='word_1_322' title='bbox 546 2504 613 2526; x_wconf 91' lang='lat' dir='ltr'><strong>non</strong></span> <span class='ocrx_word' id='word_1_323' title='bbox 637 2493 766 2537; x_wconf 89' lang='lat' dir='ltr'><strong>arguit,</strong></span> <span class='ocrx_word' id='word_1_324' title='bbox 793 2491 882 2537; x_wconf 87' lang='lat' dir='ltr'><strong>quod</strong></span> <span class='ocrx_word' id='word_1_325' title='bbox 906 2493 993 2527; x_wconf 77' lang='lat' dir='ltr'><strong>mere</strong></span> <span class='ocrx_word' id='word_1_326' title='bbox 1017 2494 1057 2526; x_wconf 90' lang='lat' dir='ltr'><strong>ad</strong></span> <span class='ocrx_word' id='word_1_327' title='bbox 1069 2493 1136 2527; x_wconf 84' lang='lat' dir='ltr'><strong>Cae-</strong></span> 
     </span>
     <span class='ocr_line' id='line_1_57' title="bbox 249 2542 1135 2585; baseline -0.001 -7"><span class='ocrx_word' id='word_1_328' title='bbox 249 2543 445 2583; x_wconf 89' lang='lat' dir='ltr'><strong>meterium,</strong></span> <span class='ocrx_word' id='word_1_329' title='bbox 473 2542 526 2576; x_wconf 89' lang='lat' dir='ltr'><strong>sed</strong></span> <span class='ocrx_word' id='word_1_330' title='bbox 548 2543 637 2585; x_wconf 89' lang='lat' dir='ltr'><strong>quod</strong></span> <span class='ocrx_word' id='word_1_331' title='bbox 663 2544 765 2576; x_wconf 83' lang='lat' dir='ltr'><strong>virum</strong></span> <span class='ocrx_word' id='word_1_332' title='bbox 790 2543 1084 2578; x_wconf 77' lang='lat' dir='ltr'><strong>adeoeminentem</strong></span> <span class='ocrx_word' id='word_1_333' title='bbox 1095 2543 1135 2577; x_wconf 91' lang='lat' dir='ltr'><strong>ad</strong></span> 
     </span>
     <span class='ocr_line' id='line_1_58' title="bbox 249 2591 1135 2636; baseline -0.001 -8"><span class='ocrx_word' id='word_1_334' title='bbox 249 2593 334 2628; x_wconf 91' lang='lat' dir='ltr'><strong>illud</strong></span> <span class='ocrx_word' id='word_1_335' title='bbox 354 2591 552 2633; x_wconf 69' lang='lat' dir='ltr'><strong>ordinasset,</strong></span> <span class='ocrx_word' id='word_1_336' title='bbox 578 2604 615 2626; x_wconf 91' lang='lat' dir='ltr'><strong>ac</strong></span> <span class='ocrx_word' id='word_1_337' title='bbox 636 2592 823 2627; x_wconf 89' lang='lat' dir='ltr'><strong>ordinando</strong></span> <span class='ocrx_word' id='word_1_338' title='bbox 847 2593 1008 2636; x_wconf 84' lang='lat' dir='ltr'><strong>dejecisset</strong></span> <span class='ocrx_word' id='word_1_339' title='bbox 1034 2620 1040 2626; x_wconf 89' lang='lat'><strong>.</strong></span> <span class='ocrx_word' id='word_1_340' title='bbox 1069 2594 1135 2627; x_wconf 92' lang='lat' dir='ltr'><strong>Ro-</strong></span> 
     </span>
     <span class='ocr_line' id='line_1_59' title="bbox 249 2642 1136 2687; baseline -0.001 -10"><span class='ocrx_word' id='word_1_341' title='bbox 249 2654 348 2677; x_wconf 83' lang='lat' dir='ltr'><strong>mana</strong></span> <span class='ocrx_word' id='word_1_342' title='bbox 360 2643 450 2676; x_wconf 89' lang='lat' dir='ltr'><strong>enim</strong></span> <span class='ocrx_word' id='word_1_343' title='bbox 463 2642 605 2676; x_wconf 81' lang='lat' dir='ltr'><strong>Ecclesia</strong></span> <span class='ocrx_word' id='word_1_344' title='bbox 618 2643 657 2676; x_wconf 88' lang='lat' dir='ltr'><strong>ad</strong></span> <span class='ocrx_word' id='word_1_345' title='bbox 671 2643 862 2677; x_wconf 84' lang='lat' dir='ltr'><strong>Caemeteria</strong></span> <span class='ocrx_word' id='word_1_346' title='bbox 876 2645 996 2687; x_wconf 85' lang='lat' dir='ltr'><strong>semper</strong></span> <span class='ocrx_word' id='word_1_347' title='bbox 1006 2642 1136 2677; x_wconf 85' lang='lat' dir='ltr'><strong>ordina-</strong></span> 
     </span>
     <span class='ocr_line' id='line_1_60' title="bbox 249 2691 1131 2737; baseline 0.002 -11"><span class='ocrx_word' id='word_1_348' title='bbox 249 2693 297 2726; x_wconf 92' lang='lat' dir='ltr'><strong>vit</strong></span> <span class='ocrx_word' id='word_1_349' title='bbox 309 2718 316 2726; x_wconf 94' lang='lat'><strong>.</strong></span> <span class='ocrx_word' id='word_1_350' title='bbox 344 2691 488 2726; x_wconf 76' lang='lat' dir='ltr'><strong>Proinde</strong></span> <span class='ocrx_word' id='word_1_351' title='bbox 509 2692 642 2726; x_wconf 72' lang='lat' dir='ltr'><strong>Sanstus</strong></span> <span class='ocrx_word' id='word_1_352' title='bbox 656 2693 833 2737; x_wconf 86' lang='lat' dir='ltr'><strong>Gregorius</strong></span> <span class='ocrx_word' id='word_1_353' title='bbox 845 2692 910 2727; x_wconf 87' lang='lat' dir='ltr'><strong>illis</strong></span> <span class='ocrx_word' id='word_1_354' title='bbox 925 2693 998 2727; x_wconf 87' lang='lat' dir='ltr'><strong>solis</strong></span> <span class='ocrx_word' id='word_1_355' title='bbox 1015 2695 1131 2728; x_wconf 87' lang='lat' dir='ltr'><strong>Orato-</strong></span> 
     </span>
     <span class='ocr_line' id='line_1_61' title="bbox 248 2741 1135 2786; baseline 0 -9"><span class='ocrx_word' id='word_1_356' title='bbox 248 2744 306 2777; x_wconf 80' lang='lat' dir='ltr'><strong>riis</strong></span> <span class='ocrx_word' id='word_1_357' title='bbox 327 2751 414 2776; x_wconf 88' lang='lat' dir='ltr'><strong>vetat</strong></span> <span class='ocrx_word' id='word_1_358' title='bbox 430 2741 497 2776; x_wconf 84' lang='lat' dir='ltr'><strong>dari</strong></span> <span class='ocrx_word' id='word_1_359' title='bbox 510 2742 719 2777; x_wconf 88' lang='lat' dir='ltr'><strong>Cardinalem</strong></span> <span class='ocrx_word' id='word_1_360' title='bbox 739 2743 991 2786; x_wconf 82' lang='lat' dir='ltr'><strong>Presbyterum,</strong></span> <span class='ocrx_word' id='word_1_361' title='bbox 1019 2743 1135 2785; x_wconf 90' lang='lat' dir='ltr'><strong>quibus</strong></span> 
     </span>
     <span class='ocr_line' id='line_1_62' title="bbox 249 2792 1134 2837; baseline -0.001 -10"><span class='ocrx_word' id='word_1_362' title='bbox 249 2793 336 2827; x_wconf 86' lang='lat' dir='ltr'><strong>deest</strong></span> <span class='ocrx_word' id='word_1_363' title='bbox 360 2792 447 2826; x_wconf 88' lang='lat' dir='ltr'><strong>illius</strong></span> <span class='ocrx_word' id='word_1_364' title='bbox 467 2792 663 2826; x_wconf 88' lang='lat' dir='ltr'><strong>sustentandi</strong></span> <span class='ocrx_word' id='word_1_365' title='bbox 677 2794 773 2837; x_wconf 88' lang='lat' dir='ltr'><strong>copia</strong></span> <span class='ocrx_word' id='word_1_366' title='bbox 785 2817 797 2834; x_wconf 90' lang='lat'><strong>,</strong></span> <span class='ocrx_word' id='word_1_367' title='bbox 823 2804 880 2828; x_wconf 80' lang='lat' dir='ltr'><strong>aut</strong></span> <span class='ocrx_word' id='word_1_368' title='bbox 893 2794 981 2827; x_wconf 89' lang='lat' dir='ltr'><strong>aliud</strong></span> <span class='ocrx_word' id='word_1_369' title='bbox 994 2794 1134 2837; x_wconf 88' lang='lat' dir='ltr'><strong>quodvis</strong></span> 
     </span>
     <span class='ocr_line' id='line_1_63' title="bbox 249 2842 1135 2891; baseline 0 -14"><span class='ocrx_word' id='word_1_370' title='bbox 249 2843 364 2877; x_wconf 88' lang='lat' dir='ltr'><strong>obviat</strong></span> <span class='ocrx_word' id='word_1_371' title='bbox 385 2842 656 2885; x_wconf 86' lang='lat' dir='ltr'><strong>impedimentum</strong></span> <span class='ocrx_word' id='word_1_372' title='bbox 669 2868 677 2874; x_wconf 88' lang='lat'><strong>.</strong></span> <span class='ocrx_word' id='word_1_373' title='bbox 707 2844 819 2891; x_wconf 84' lang='lat' dir='ltr'><strong>Qare</strong></span> <span class='ocrx_word' id='word_1_374' title='bbox 840 2844 1021 2878; x_wconf 87' lang='lat' dir='ltr'><strong>etiamnum</strong></span> <span class='ocrx_word' id='word_1_375' title='bbox 1036 2842 1135 2877; x_wconf 74' lang='lat' dir='ltr'><strong>hodie</strong></span> 
     </span>
     <span class='ocr_line' id='line_1_64' title="bbox 249 2891 1038 2938; baseline -0.001 -12"><span class='ocrx_word' id='word_1_376' title='bbox 249 2893 369 2938; x_wconf 85' lang='lat' dir='ltr'><strong>quaevis</strong></span> <span class='ocrx_word' id='word_1_377' title='bbox 381 2891 522 2926; x_wconf 81' lang='lat' dir='ltr'><strong>Ecclesia</strong></span> <span class='ocrx_word' id='word_1_378' title='bbox 537 2891 666 2929; x_wconf 89' lang='lat' dir='ltr'><strong>ordinat</strong></span> <span class='ocrx_word' id='word_1_379' title='bbox 678 2894 718 2927; x_wconf 87' lang='lat' dir='ltr'><strong>ad</strong></span> <span class='ocrx_word' id='word_1_380' title='bbox 731 2895 858 2928; x_wconf 84' lang='lat' dir='ltr'><strong>dotatas</strong></span> <span class='ocrx_word' id='word_1_381' title='bbox 870 2894 1020 2937; x_wconf 80' lang='lat' dir='ltr'><strong>Capellas</strong></span> <span class='ocrx_word' id='word_1_382' title='bbox 1032 2918 1038 2925; x_wconf 92' lang='lat'><strong>.</strong></span> 
     </span>
    </p>

    <p class='ocr_par' dir='ltr' id='par_1_14' title="bbox 249 2941 1136 3427">
     <span class='ocr_line' id='line_1_65' title="bbox 299 2941 1136 2991; baseline 0.002 -15"><span class='ocrx_word' id='word_1_383' title='bbox 299 2943 446 2991; x_wconf 61' lang='lat' dir='ltr'><strong>Quartus</strong></span> <span class='ocrx_word' id='word_1_384' title='bbox 469 2941 583 2976; x_wconf 89' lang='lat' dir='ltr'><strong>titulus</strong></span> <span class='ocrx_word' id='word_1_385' title='bbox 603 2943 647 2976; x_wconf 84' lang='lat' dir='ltr'><strong>est</strong></span> <span class='ocrx_word' id='word_1_386' title='bbox 671 2944 921 2978; x_wconf 89' lang='lat' dir='ltr'><strong>monasterium.</strong></span> <span class='ocrx_word' id='word_1_387' title='bbox 950 2943 1055 2977; x_wconf 78' lang='lat' dir='ltr'><strong>Porro</strong></span> <span class='ocrx_word' id='word_1_388' title='bbox 1068 2955 1136 2978; x_wconf 89' lang='lat' dir='ltr'><strong>mo-</strong></span> 
     </span>
     <span class='ocr_line' id='line_1_66' title="bbox 249 2992 1133 3036; baseline -0.002 -9"><span class='ocrx_word' id='word_1_389' title='bbox 249 2992 300 3027; x_wconf 85' lang='lat' dir='ltr'><strong>dis</strong></span> <span class='ocrx_word' id='word_1_390' title='bbox 321 2993 418 3026; x_wconf 89' lang='lat' dir='ltr'><strong>variis</strong></span> <span class='ocrx_word' id='word_1_391' title='bbox 439 2992 541 3035; x_wconf 89' lang='lat' dir='ltr'><strong>potest</strong></span> <span class='ocrx_word' id='word_1_392' title='bbox 561 2994 634 3036; x_wconf 88' lang='lat' dir='ltr'><strong>quis</strong></span> <span class='ocrx_word' id='word_1_393' title='bbox 647 2993 687 3026; x_wconf 88' lang='lat' dir='ltr'><strong>ad</strong></span> <span class='ocrx_word' id='word_1_394' title='bbox 710 2993 943 3028; x_wconf 82' lang='lat' dir='ltr'><strong>monasterium</strong></span> <span class='ocrx_word' id='word_1_395' title='bbox 967 2994 1133 3028; x_wconf 89' lang='lat' dir='ltr'><strong>ordinari.</strong></span> 
     </span>
     <span class='ocr_line' id='line_1_67' title="bbox 249 3042 1136 3088; baseline 0 -11"><span class='ocrx_word' id='word_1_396' title='bbox 249 3042 385 3083; x_wconf 76' lang='lat' dir='ltr'><strong>Primo,</strong></span> <span class='ocrx_word' id='word_1_397' title='bbox 412 3043 577 3085; x_wconf 70' lang='lat' dir='ltr'><strong>tamquam</strong></span> <span class='ocrx_word' id='word_1_398' title='bbox 601 3043 748 3079; x_wconf 86' lang='lat' dir='ltr'><strong>Clericus</strong></span> <span class='ocrx_word' id='word_1_399' title='bbox 778 3045 837 3078; x_wconf 90' lang='lat' dir='ltr'><strong>uni</strong></span> <span class='ocrx_word' id='word_1_400' title='bbox 858 3044 1053 3078; x_wconf 86' lang='lat' dir='ltr'><strong>monasterio</strong></span> <span class='ocrx_word' id='word_1_401' title='bbox 1082 3056 1136 3088; x_wconf 89' lang='lat' dir='ltr'><strong>per</strong></span> 
     </span>
     <span class='ocr_line' id='line_1_68' title="bbox 251 3092 1136 3139; baseline 0 -12"><span class='ocrx_word' id='word_1_402' title='bbox 251 3093 451 3136; x_wconf 87' lang='lat' dir='ltr'><strong>Episcopum</strong></span> <span class='ocrx_word' id='word_1_403' title='bbox 463 3092 694 3135; x_wconf 72' lang='lat' dir='ltr'><strong>praeficiendus.</strong></span> <span class='ocrx_word' id='word_1_404' title='bbox 722 3093 857 3128; x_wconf 88' lang='lat' dir='ltr'><strong>Etenim</strong></span> <span class='ocrx_word' id='word_1_405' title='bbox 869 3095 1002 3129; x_wconf 70' lang='lat' dir='ltr'><strong>Sanstus</strong></span> <span class='ocrx_word' id='word_1_406' title='bbox 1021 3093 1136 3139; x_wconf 92' lang='lat' dir='ltr'><strong>Augu-</strong></span> 
     </span>
     <span class='ocr_line' id='line_1_69' title="bbox 250 3141 1135 3188; baseline 0.002 -13"><span class='ocrx_word' id='word_1_407' title='bbox 250 3142 353 3176; x_wconf 82' lang='lat' dir='ltr'><strong>stinus</strong></span> <span class='ocrx_word' id='word_1_408' title='bbox 368 3142 401 3176; x_wconf 90' lang='lat' dir='ltr'><strong>in</strong></span> <span class='ocrx_word' id='word_1_409' title='bbox 423 3141 552 3186; x_wconf 86' lang='lat' dir='ltr'><strong>Regula</strong></span> <span class='ocrx_word' id='word_1_410' title='bbox 573 3143 607 3177; x_wconf 73' lang='grc' dir='ltr'><strong>δε</strong></span> <span class='ocrx_word' id='word_1_411' title='bbox 629 3143 824 3187; x_wconf 80' lang='lat' dir='ltr'><strong>quibusdam</strong></span> <span class='ocrx_word' id='word_1_412' title='bbox 845 3144 1002 3188; x_wconf 84' lang='lat' dir='ltr'><strong>Epistolis</strong></span> <span class='ocrx_word' id='word_1_413' title='bbox 1021 3144 1135 3179; x_wconf 80' lang='lat' dir='ltr'><strong>distin-</strong></span> 
     </span>
     <span class='ocr_line' id='line_1_70' title="bbox 251 3191 1136 3237; baseline 0.002 -11"><span class='ocrx_word' id='word_1_414' title='bbox 251 3194 325 3237; x_wconf 88' lang='lat' dir='ltr'><strong>guit</strong></span> <span class='ocrx_word' id='word_1_415' title='bbox 345 3191 532 3225; x_wconf 88' lang='lat' dir='ltr'><strong>monasterii</strong></span> <span class='ocrx_word' id='word_1_416' title='bbox 557 3191 790 3237; x_wconf 77' lang='lat' dir='ltr'><strong>Praepofitum,</strong></span> <span class='ocrx_word' id='word_1_417' title='bbox 815 3194 1049 3228; x_wconf 82' lang='lat' dir='ltr'><strong>&amp;monasterii</strong></span> <span class='ocrx_word' id='word_1_418' title='bbox 1062 3195 1136 3228; x_wconf 88' lang='lat' dir='ltr'><strong>Pre</strong></span> 
     </span>
     <span class='ocr_line' id='line_1_71' title="bbox 251 3240 1136 3287; baseline 0.001 -11"><span class='ocrx_word' id='word_1_419' title='bbox 251 3242 441 3285; x_wconf 88' lang='lat' dir='ltr'><strong>sbyterum,</strong></span> <span class='ocrx_word' id='word_1_420' title='bbox 467 3240 580 3275; x_wconf 91' lang='lat' dir='ltr'><strong>dicens</strong></span> <span class='ocrx_word' id='word_1_421' title='bbox 592 3240 678 3275; x_wconf 90' lang='lat' dir='ltr'><strong>hunc</strong></span> <span class='ocrx_word' id='word_1_422' title='bbox 698 3245 759 3277; x_wconf 81' lang='lat' dir='ltr'><strong>esse</strong></span> <span class='ocrx_word' id='word_1_423' title='bbox 770 3244 901 3287; x_wconf 80' lang='lat' dir='ltr'><strong>majoris</strong></span> <span class='ocrx_word' id='word_1_424' title='bbox 912 3245 1136 3279; x_wconf 57' lang='lat' dir='ltr'><strong>auctoritatis:</strong></span> 
     </span>
     <span class='ocr_line' id='line_1_72' title="bbox 252 3280 1135 3335; baseline 0.003 -10"><span class='ocrx_word' id='word_1_425' title='bbox 252 3292 331 3327; x_wconf 84' lang='lat' dir='ltr'><strong>Erat</strong></span> <span class='ocrx_word' id='word_1_426' title='bbox 343 3294 433 3325; x_wconf 88' lang='lat' dir='ltr'><strong>enim</strong></span> <span class='ocrx_word' id='word_1_427' title='bbox 445 3291 595 3326; x_wconf 86' lang='lat' dir='ltr'><strong>Clericus</strong></span> <span class='ocrx_word' id='word_1_428' title='bbox 606 3280 755 3326; x_wconf 74' lang='lat' dir='ltr'><strong>Eccle&#39;fiae</strong></span> <span class='ocrx_word' id='word_1_429' title='bbox 772 3292 998 3335; x_wconf 85' lang='lat' dir='ltr'><strong>Cathedralis,</strong></span> <span class='ocrx_word' id='word_1_430' title='bbox 1023 3305 1135 3328; x_wconf 87' lang='lat' dir='ltr'><strong>mona-</strong></span> 
     </span>
     <span class='ocr_line' id='line_1_73' title="bbox 252 3342 1135 3387; baseline 0.002 -13"><span class='ocrx_word' id='word_1_431' title='bbox 252 3342 349 3376; x_wconf 80' lang='lat' dir='ltr'><strong>sterio</strong></span> <span class='ocrx_word' id='word_1_432' title='bbox 370 3353 425 3386; x_wconf 90' lang='lat' dir='ltr'><strong>per</strong></span> <span class='ocrx_word' id='word_1_433' title='bbox 450 3342 651 3385; x_wconf 88' lang='lat' dir='ltr'><strong>Episcopum</strong></span> <span class='ocrx_word' id='word_1_434' title='bbox 662 3353 739 3376; x_wconf 89' lang='lat' dir='ltr'><strong>cum</strong></span> <span class='ocrx_word' id='word_1_435' title='bbox 758 3344 844 3377; x_wconf 88' lang='lat' dir='ltr'><strong>varia</strong></span> <span class='ocrx_word' id='word_1_436' title='bbox 867 3344 1023 3387; x_wconf 87' lang='lat' dir='ltr'><strong>potestate</strong></span> <span class='ocrx_word' id='word_1_437' title='bbox 1035 3345 1135 3387; x_wconf 85' lang='lat' dir='ltr'><strong>praefe-</strong></span> 
     </span>
     <span class='ocr_line' id='line_1_74' title="bbox 253 3392 1134 3427; baseline 0.003 -3"><span class='ocrx_word' id='word_1_438' title='bbox 253 3393 336 3425; x_wconf 62' lang='lat' dir='ltr'><strong>stus.</strong></span> <span class='ocrx_word' id='word_1_439' title='bbox 364 3392 407 3425; x_wconf 91' lang='lat' dir='ltr'><strong>Et</strong></span> <span class='ocrx_word' id='word_1_440' title='bbox 431 3392 586 3425; x_wconf 87' lang='lat' dir='ltr'><strong>Hermias</strong></span> <span class='ocrx_word' id='word_1_441' title='bbox 611 3393 818 3425; x_wconf 90' lang='lat' dir='ltr'><strong>Zozomenus</strong></span> <span class='ocrx_word' id='word_1_442' title='bbox 840 3393 948 3427; x_wconf 79' lang='lat' dir='ltr'><strong>scribit</strong></span> <span class='ocrx_word' id='word_1_443' title='bbox 961 3394 1134 3427; x_wconf 80' lang='lat' dir='ltr'><strong>Arsenium</strong></span> 
     </span>
    </p>
   </div>
   <div class='ocr_carea' id='block_1_12' title="bbox 193 3440 1137 3535">
    <p class='ocr_par' dir='ltr' id='par_1_15' title="bbox 193 3440 1137 3535">
     <span class='ocr_line' id='line_1_75' title="bbox 193 3440 1137 3487; baseline 0.004 -15"><span class='ocrx_word' id='word_1_444' title='bbox 193 3440 451 3487; x_wconf 39' lang='lat' dir='ltr'><strong>„.Episcopum</strong></span> <span class='ocrx_word' id='word_1_445' title='bbox 475 3441 691 3475; x_wconf 84' lang='lat' dir='ltr'><strong>Meletianum</strong></span> <span class='ocrx_word' id='word_1_446' title='bbox 715 3467 724 3482; x_wconf 88' lang='lat'><em>‚</em></span> <span class='ocrx_word' id='word_1_447' title='bbox 765 3441 952 3476; x_wconf 82' lang='lat' dir='ltr'><strong>Eusebianae</strong></span> <span class='ocrx_word' id='word_1_448' title='bbox 974 3443 1137 3476; x_wconf 71' lang='lat' dir='ltr'><strong>Faffionis</strong></span> 
     </span>
     <span class='ocr_line' id='line_1_76' title="bbox 194 3487 1136 3535; baseline 0.002 -11"><span class='ocrx_word' id='word_1_449' title='bbox 194 3487 242 3498; x_wconf 57' lang='lat'><strong>‘⁸&#39;</strong></span> <span class='ocrx_word' id='word_1_450' title='bbox 256 3488 446 3524; x_wconf 87' lang='lat' dir='ltr'><strong>histrionem</strong></span> <span class='ocrx_word' id='word_1_451' title='bbox 458 3516 468 3531; x_wconf 88' lang='lat'>‚</span> <span class='ocrx_word' id='word_1_452' title='bbox 495 3491 620 3528; x_wconf 78' lang='lat' dir='ltr'><strong>latuisse</strong></span> <span class='ocrx_word' id='word_1_453' title='bbox 642 3493 728 3533; x_wconf 80' lang='lat' dir='ltr'><strong>apud</strong></span> <span class='ocrx_word' id='word_1_454' title='bbox 751 3495 864 3527; x_wconf 82' lang='lat' dir='ltr'><strong>Prinen</strong></span> <span class='ocrx_word' id='word_1_455' title='bbox 877 3517 887 3535; x_wconf 85' lang='lat'>‚</span> <span class='ocrx_word' id='word_1_456' title='bbox 913 3492 1076 3533; x_wconf 82' lang='lat' dir='ltr'><strong>monasterii</strong></span> <span class='ocrx_word' id='word_1_457' title='bbox 1093 3504 1136 3526; x_wconf 84' lang='lat' dir='ltr'><strong>cu-</strong></span> 
     </span>
    </p>
   </div>
   <div class='ocr_carea' id='block_1_13' title="bbox 357 3539 783 3583">
    <p class='ocr_par' dir='ltr' id='par_1_16' title="bbox 357 3539 783 3583">
     <span class='ocr_line' id='line_1_77' title="bbox 357 3539 783 3583; baseline 0.005 -10"><span class='ocrx_word' id='word_1_458' title='bbox 357 3539 461 3579; x_wconf 73' lang='lat' dir='ltr'><strong>Christ.</strong></span> <span class='ocrx_word' id='word_1_459' title='bbox 479 3544 555 3583; x_wconf 83' lang='lat' dir='ltr'><strong>Lupi</strong></span> <span class='ocrx_word' id='word_1_460' title='bbox 566 3546 648 3583; x_wconf 80' lang='lat' dir='ltr'><strong>oper.</strong></span> <span class='ocrx_word' id='word_1_461' title='bbox 664 3545 783 3576; x_wconf 83' lang='lat' dir='ltr'><strong>Tom.11.</strong></span> 
     </span>
    </p>
   </div>
   <div class='ocr_carea' id='block_1_14' title="bbox 1958 174 2017 223">
    <p class='ocr_par' dir='ltr' id='par_1_17' title="bbox 1958 174 2017 223">
     <span class='ocr_line' id='line_1_78' title="bbox 1958 174 2017 223; baseline -0.068 0"><span class='ocrx_word' id='word_1_462' title='bbox 1958 174 2017 223; x_wconf 89' lang='lat'><strong>75</strong></span> 
     </span>
    </p>
   </div>
   <div class='ocr_carea' id='block_1_15' title="bbox 1192 239 2228 686">
    <p class='ocr_par' dir='ltr' id='par_1_18' title="bbox 1192 239 2221 528">
     <span class='ocr_line' id='line_1_79' title="bbox 1192 239 2090 285; baseline 0.004 -11"><span class='ocrx_word' id='word_1_463' title='bbox 1192 239 1314 285; x_wconf 84' lang='lat' dir='ltr'><strong>jusdam</strong></span> <span class='ocrx_word' id='word_1_464' title='bbox 1329 242 1552 281; x_wconf 81' lang='lat' dir='ltr'><strong>Presbyterum.</strong></span> <span class='ocrx_word' id='word_1_465' title='bbox 1582 242 1624 276; x_wconf 89' lang='lat' dir='ltr'><strong>Et</strong></span> <span class='ocrx_word' id='word_1_466' title='bbox 1648 244 1782 277; x_wconf 70' lang='lat' dir='ltr'><strong>sanstus</strong></span> <span class='ocrx_word' id='word_1_467' title='bbox 1808 245 1956 279; x_wconf 85' lang='lat' dir='ltr'><strong>Gelasius</strong></span> <span class='ocrx_word' id='word_1_468' title='bbox 1974 243 2090 279; x_wconf 87' lang='lat' dir='ltr'><strong>Ponti-</strong></span> 
     </span>
     <span class='ocr_line' id='line_1_80' title="bbox 1201 291 2089 334; baseline 0.005 -9"><span class='ocrx_word' id='word_1_469' title='bbox 1201 293 1252 325; x_wconf 82' lang='lat' dir='ltr'><strong>fex</strong></span> <span class='ocrx_word' id='word_1_470' title='bbox 1276 293 1309 325; x_wconf 87' lang='lat' dir='ltr'><strong>in</strong></span> <span class='ocrx_word' id='word_1_471' title='bbox 1338 292 1452 326; x_wconf 88' lang='lat' dir='ltr'><strong>litteris</strong></span> <span class='ocrx_word' id='word_1_472' title='bbox 1484 291 1525 324; x_wconf 88' lang='lat' dir='ltr'><strong>ad</strong></span> <span class='ocrx_word' id='word_1_473' title='bbox 1551 291 1725 334; x_wconf 86' lang='lat' dir='ltr'><strong>Lucaniae,</strong></span> <span class='ocrx_word' id='word_1_474' title='bbox 1752 294 1888 334; x_wconf 87' lang='lat' dir='ltr'><strong>Brutii,</strong></span> <span class='ocrx_word' id='word_1_475' title='bbox 1916 307 1952 327; x_wconf 87' lang='lat' dir='ltr'><strong>ac</strong></span> <span class='ocrx_word' id='word_1_476' title='bbox 1973 296 2089 329; x_wconf 87' lang='lat' dir='ltr'><strong>Siciliae</strong></span> 
     </span>
     <span class='ocr_line' id='line_1_81' title="bbox 1204 340 2090 388; baseline 0.003 -13"><span class='ocrx_word' id='word_1_477' title='bbox 1204 342 1379 385; x_wconf 77' lang='lat' dir='ltr'><strong>Epistopos</strong></span> <span class='ocrx_word' id='word_1_478' title='bbox 1404 342 1451 375; x_wconf 87' lang='lat' dir='ltr'><strong>ait</strong></span> <span class='ocrx_word' id='word_1_479' title='bbox 1470 340 1672 375; x_wconf 86' lang='lat' dir='ltr'><strong>monasteriis</strong></span> <span class='ocrx_word' id='word_1_480' title='bbox 1694 343 1897 387; x_wconf 87' lang='lat' dir='ltr'><strong>Episcopos‚</strong></span> <span class='ocrx_word' id='word_1_481' title='bbox 1921 343 2090 388; x_wconf 86' lang='lat' dir='ltr'><strong>Presbyte-</strong></span> 
     </span>
     <span class='ocr_line' id='line_1_82' title="bbox 1201 392 2090 452; baseline 0.003 -27"><span class='ocrx_word' id='word_1_482' title='bbox 1201 403 1277 434; x_wconf 86' lang='lat' dir='ltr'><strong>ros,</strong></span> <span class='ocrx_word' id='word_1_483' title='bbox 1302 404 1339 426; x_wconf 90' lang='lat' dir='ltr'><strong>ac</strong></span> <span class='ocrx_word' id='word_1_484' title='bbox 1353 394 1523 425; x_wconf 88' lang='lat' dir='ltr'><strong>Diaconos</strong></span> <span class='ocrx_word' id='word_1_485' title='bbox 1543 392 1691 434; x_wconf 75' lang='lat' dir='ltr'><strong>praeesse:</strong></span> <span class='ocrx_word' id='word_1_486' title='bbox 1717 394 1908 440; x_wconf 84' lang='lat' dir='ltr'><strong>Qemque</strong></span> <span class='ocrx_word' id='word_1_487' title='bbox 1900 404 1988 437; x_wconf 84' lang='lat' dir='ltr'><strong>Juxta</strong></span> <span class='ocrx_word' id='word_1_488' title='bbox 2003 406 2090 452; x_wconf 81' lang='lat' dir='ltr'><strong>pote·</strong></span> 
     </span>
     <span class='ocr_line' id='line_1_83' title="bbox 1202 435 2228 479; baseline 0.002 -3"><span class='ocrx_word' id='word_1_489' title='bbox 1202 441 1314 476; x_wconf 82' lang='lat' dir='ltr'><strong>statem</strong></span> <span class='ocrx_word' id='word_1_490' title='bbox 1334 443 1381 476; x_wconf 90' lang='lat' dir='ltr'><strong>sui</strong></span> <span class='ocrx_word' id='word_1_491' title='bbox 1401 441 1555 478; x_wconf 87' lang='lat' dir='ltr'><strong>Ordinis.</strong></span> <span class='ocrx_word' id='word_1_492' title='bbox 1585 441 1695 474; x_wconf 82' lang='lat' dir='ltr'><strong>Etiam</strong></span> <span class='ocrx_word' id='word_1_493' title='bbox 1707 442 1917 479; x_wconf 86' lang='lat' dir='ltr'><strong>Zozomenus</strong></span> <span class='ocrx_word' id='word_1_494' title='bbox 1937 445 2092 479; x_wconf 87' lang='lat' dir='ltr'><strong>meminit</strong></span> <span class='ocrx_word' id='word_1_495' title='bbox 2106 435 2137 464; x_wconf 77' lang='grc' dir='ltr'><strong>Ῑ·</strong></span> <span class='ocrx_word' id='word_1_496' title='bbox 2142 437 2167 463; x_wconf 77' lang='lat'><strong>⁸·</strong></span> <span class='ocrx_word' id='word_1_497' title='bbox 2175 441 2200 463; x_wconf 89' lang='grc' dir='ltr'><strong>Ε·</strong></span> <span class='ocrx_word' id='word_1_498' title='bbox 2203 436 2228 462; x_wconf 75' lang='lat'><strong><em>⁶</em></strong></span> 
     </span>
     <span class='ocr_line' id='line_1_84' title="bbox 1200 489 2089 528; baseline 0.003 -3"><span class='ocrx_word' id='word_1_499' title='bbox 1200 492 1239 526; x_wconf 88' lang='lat' dir='ltr'><strong>de</strong></span> <span class='ocrx_word' id='word_1_500' title='bbox 1252 493 1432 527; x_wconf 88' lang='lat' dir='ltr'><strong>Heraclide</strong></span> <span class='ocrx_word' id='word_1_501' title='bbox 1451 492 1606 526; x_wconf 88' lang='lat' dir='ltr'><strong>Diacono</strong></span> <span class='ocrx_word' id='word_1_502' title='bbox 1619 489 1858 527; x_wconf 89' lang='lat' dir='ltr'><strong>monachorum</strong></span> <span class='ocrx_word' id='word_1_503' title='bbox 1881 496 1922 528; x_wconf 82' lang='lat' dir='ltr'><strong>ad</strong></span> <span class='ocrx_word' id='word_1_504' title='bbox 1947 495 2089 528; x_wconf 88' lang='lat' dir='ltr'><strong>Scetim.</strong></span> 
     </span>
    </p>

    <p class='ocr_par' dir='ltr' id='par_1_19' title="bbox 1203 541 2090 587">
     <span class='ocr_line' id='line_1_85' title="bbox 1203 541 2090 587; baseline 0.003 -12"><span class='ocrx_word' id='word_1_505' title='bbox 1203 544 1244 577; x_wconf 89' lang='lat' dir='ltr'><strong>Et</strong></span> <span class='ocrx_word' id='word_1_506' title='bbox 1267 541 1437 577; x_wconf 86' lang='lat' dir='ltr'><strong>Liberatus</strong></span> <span class='ocrx_word' id='word_1_507' title='bbox 1449 544 1621 576; x_wconf 82' lang='lat' dir='ltr'><strong>Diaconus</strong></span> <span class='ocrx_word' id='word_1_508' title='bbox 1646 541 1728 575; x_wconf 90' lang='lat' dir='ltr'><strong>dicit</strong></span> <span class='ocrx_word' id='word_1_509' title='bbox 1740 541 1897 583; x_wconf 85' lang='lat' dir='ltr'><strong>Joannem</strong></span> <span class='ocrx_word' id='word_1_510' title='bbox 1910 544 2090 587; x_wconf 86' lang='lat' dir='ltr'><strong>Thalajam</strong></span> 
     </span>
    </p>

    <p class='ocr_par' dir='ltr' id='par_1_20' title="bbox 1199 588 2204 686">
     <span class='ocr_line' id='line_1_86' title="bbox 1199 588 2204 629; baseline 0.003 -3"><span class='ocrx_word' id='word_1_511' title='bbox 1199 604 1240 626; x_wconf 80' lang='lat' dir='ltr'><strong>ex</strong></span> <span class='ocrx_word' id='word_1_512' title='bbox 1262 593 1408 627; x_wconf 70' lang='lat' dir='ltr'><strong>Ecclesiae</strong></span> <span class='ocrx_word' id='word_1_513' title='bbox 1419 592 1653 626; x_wconf 82' lang='lat' dir='ltr'><strong>Alexandrinae</strong></span> <span class='ocrx_word' id='word_1_514' title='bbox 1667 591 1850 626; x_wconf 69' lang='lat' dir='ltr'><strong>‹fficonomo</strong></span> <span class='ocrx_word' id='word_1_515' title='bbox 1880 596 1998 629; x_wconf 65' lang='lat' dir='ltr'><strong>factum</strong></span> <span class='ocrx_word' id='word_1_516' title='bbox 2017 596 2091 629; x_wconf 87' lang='lat' dir='ltr'><strong>fuis-</strong></span> <span class='ocrx_word' id='word_1_517' title='bbox 2108 588 2145 618; x_wconf 57' lang='lat' dir='ltr'><strong>c:</strong></span> <span class='ocrx_word' id='word_1_518' title='bbox 2159 589 2204 616; x_wconf 85' lang='lat'><strong>¹⁶·</strong></span> 
     </span>
     <span class='ocr_line' id='line_1_87' title="bbox 1201 640 2092 686; baseline 0.004 -11"><span class='ocrx_word' id='word_1_519' title='bbox 1201 644 1230 676; x_wconf 88' lang='lat' dir='ltr'><strong>se</strong></span> <span class='ocrx_word' id='word_1_520' title='bbox 1242 641 1470 686; x_wconf 84' lang='lat' dir='ltr'><strong>Presbyterum</strong></span> <span class='ocrx_word' id='word_1_521' title='bbox 1485 642 1671 677; x_wconf 88' lang='lat' dir='ltr'><strong>monasterii</strong></span> <span class='ocrx_word' id='word_1_522' title='bbox 1683 640 1947 677; x_wconf 84' lang='lat' dir='ltr'><strong>Tabennefiotis.</strong></span> <span class='ocrx_word' id='word_1_523' title='bbox 1959 646 2002 679; x_wconf 86' lang='lat' dir='ltr'><strong>Et</strong></span> <span class='ocrx_word' id='word_1_524' title='bbox 2015 647 2092 679; x_wconf 87' lang='lat' dir='ltr'><strong>San-</strong></span> 
     </span>
    </p>
   </div>
   <div class='ocr_carea' id='block_1_16' title="bbox 2110 277 2221 316">
    <p class='ocr_par' dir='ltr' id='par_1_21' title="bbox 2110 277 2221 316">
     <span class='ocr_line' id='line_1_88' title="bbox 2110 277 2221 316; baseline -0.036 -7"><span class='ocrx_word' id='word_1_525' title='bbox 2110 277 2221 316; x_wconf 74' lang='lat' dir='ltr'><strong>Epist-9.</strong></span> 
     </span>
    </p>
   </div>
   <div class='ocr_carea' id='block_1_17' title="bbox 1196 691 2271 2330">
    <p class='ocr_par' dir='ltr' id='par_1_22' title="bbox 1199 691 2267 1027">
     <span class='ocr_line' id='line_1_89' title="bbox 1199 691 2267 739; baseline 0.005 -14"><span class='ocrx_word' id='word_1_526' title='bbox 1199 693 1267 725; x_wconf 68' lang='lat' dir='ltr'><strong>stus</strong></span> <span class='ocrx_word' id='word_1_527' title='bbox 1279 693 1461 737; x_wconf 85' lang='lat' dir='ltr'><strong>Gregorius</strong></span> <span class='ocrx_word' id='word_1_528' title='bbox 1488 693 1634 737; x_wconf 85' lang='lat' dir='ltr'><strong>Magnus</strong></span> <span class='ocrx_word' id='word_1_529' title='bbox 1647 691 1819 726; x_wconf 82' lang='lat' dir='ltr'><strong>Ecclefiam</strong></span> <span class='ocrx_word' id='word_1_530' title='bbox 1837 692 1943 726; x_wconf 56' lang='lat' dir='ltr'><strong>Sancti</strong></span> <span class='ocrx_word' id='word_1_531' title='bbox 1956 694 2090 729; x_wconf 86' lang='lat' dir='ltr'><strong>Pancra-</strong></span> <span class='ocrx_word' id='word_1_532' title='bbox 2108 703 2267 739; x_wconf 66' lang='lat' dir='ltr'><strong>L.3.Ep.18}</strong></span> 
     </span>
     <span class='ocr_line' id='line_1_90' title="bbox 1199 740 2090 787; baseline 0 -11"><span class='ocrx_word' id='word_1_533' title='bbox 1199 743 1236 776; x_wconf 89' lang='lat' dir='ltr'><strong>tii</strong></span> <span class='ocrx_word' id='word_1_534' title='bbox 1249 741 1385 776; x_wconf 86' lang='lat' dir='ltr'><strong>Clericis</strong></span> <span class='ocrx_word' id='word_1_535' title='bbox 1408 742 1548 777; x_wconf 80' lang='lat' dir='ltr'><strong>ablatam</strong></span> <span class='ocrx_word' id='word_1_536' title='bbox 1571 740 1661 776; x_wconf 91' lang='lat' dir='ltr'><strong>dedit</strong></span> <span class='ocrx_word' id='word_1_537' title='bbox 1682 740 1863 776; x_wconf 84' lang='lat' dir='ltr'><strong>Monachis</strong></span> <span class='ocrx_word' id='word_1_538' title='bbox 1886 754 1922 776; x_wconf 91' lang='lat' dir='ltr'><strong>ea</strong></span> <span class='ocrx_word' id='word_1_539' title='bbox 1936 743 2028 787; x_wconf 88' lang='lat' dir='ltr'><strong>lege,</strong></span> <span class='ocrx_word' id='word_1_540' title='bbox 2054 756 2090 779; x_wconf 92' lang='lat' dir='ltr'><strong>ut</strong></span> 
     </span>
     <span class='ocr_line' id='line_1_91' title="bbox 1201 791 2090 836; baseline 0.004 -12"><span class='ocrx_word' id='word_1_541' title='bbox 1201 791 1429 836; x_wconf 85' lang='lat' dir='ltr'><strong>Presbyterum</strong></span> <span class='ocrx_word' id='word_1_542' title='bbox 1450 794 1629 826; x_wconf 70' lang='lat' dir='ltr'><strong>saecularem</strong></span> <span class='ocrx_word' id='word_1_543' title='bbox 1656 793 1741 826; x_wconf 87' lang='lat' dir='ltr'><strong>intra</strong></span> <span class='ocrx_word' id='word_1_544' title='bbox 1760 793 1936 827; x_wconf 84' lang='lat' dir='ltr'><strong>claustrum</strong></span> <span class='ocrx_word' id='word_1_545' title='bbox 1948 793 2068 828; x_wconf 89' lang='lat' dir='ltr'><strong>alerent</strong></span> <span class='ocrx_word' id='word_1_546' title='bbox 2080 821 2090 835; x_wconf 93' lang='lat'><strong>,</strong></span> 
     </span>
     <span class='ocr_line' id='line_1_92' title="bbox 1200 842 2091 886; baseline 0.003 -12"><span class='ocrx_word' id='word_1_547' title='bbox 1200 843 1255 886; x_wconf 89' lang='lat' dir='ltr'><strong>qui</strong></span> <span class='ocrx_word' id='word_1_548' title='bbox 1266 842 1380 877; x_wconf 85' lang='lat' dir='ltr'><strong>diebus</strong></span> <span class='ocrx_word' id='word_1_549' title='bbox 1393 843 1582 876; x_wconf 87' lang='lat' dir='ltr'><strong>Dominicis</strong></span> <span class='ocrx_word' id='word_1_550' title='bbox 1595 843 1790 876; x_wconf 85' lang='lat' dir='ltr'><strong>ministraret</strong></span> <span class='ocrx_word' id='word_1_551' title='bbox 1804 844 1927 886; x_wconf 90' lang='lat' dir='ltr'><strong>populo</strong></span> <span class='ocrx_word' id='word_1_552' title='bbox 1936 843 2091 878; x_wconf 86' lang='lat' dir='ltr'><strong>solemnia</strong></span> 
     </span>
     <span class='ocr_line' id='line_1_93' title="bbox 1202 889 2179 937; baseline 0.001 -11"><span class='ocrx_word' id='word_1_553' title='bbox 1202 892 1371 926; x_wconf 82' lang='lat' dir='ltr'><strong>Miffarum</strong></span> <span class='ocrx_word' id='word_1_554' title='bbox 1397 918 1404 925; x_wconf 92' lang='lat'><strong>.</strong></span> <span class='ocrx_word' id='word_1_555' title='bbox 1445 892 1500 926; x_wconf 88' lang='lat' dir='ltr'><strong>Ab</strong></span> <span class='ocrx_word' id='word_1_556' title='bbox 1523 893 1581 926; x_wconf 90' lang='lat' dir='ltr'><strong>illo</strong></span> <span class='ocrx_word' id='word_1_557' title='bbox 1605 889 1786 926; x_wconf 87' lang='lat' dir='ltr'><strong>monachos</strong></span> <span class='ocrx_word' id='word_1_558' title='bbox 1807 894 2088 927; x_wconf 80' lang='lat' dir='ltr'><strong>excommunicari</strong></span> <span class='ocrx_word' id='word_1_559' title='bbox 2109 894 2179 937; x_wconf 75' lang='lat'>1--7-</span> 
     </span>
     <span class='ocr_line' id='line_1_94' title="bbox 1202 933 2243 988; baseline 0.001 -12"><span class='ocrx_word' id='word_1_560' title='bbox 1202 943 1339 985; x_wconf 79' lang='lat' dir='ltr'><strong>potuisse</strong></span> <span class='ocrx_word' id='word_1_561' title='bbox 1364 943 1476 978; x_wconf 84' lang='lat' dir='ltr'><strong>scribit</strong></span> <span class='ocrx_word' id='word_1_562' title='bbox 1496 944 1537 978; x_wconf 84' lang='lat' dir='ltr'><strong>ad</strong></span> <span class='ocrx_word' id='word_1_563' title='bbox 1561 941 1785 987; x_wconf 90' lang='lat' dir='ltr'><strong>Chrysantum</strong></span> <span class='ocrx_word' id='word_1_564' title='bbox 1798 943 2000 987; x_wconf 85' lang='lat' dir='ltr'><strong>Episcopum</strong></span> <span class='ocrx_word' id='word_1_565' title='bbox 2009 945 2088 988; x_wconf 85' lang='lat' dir='ltr'><strong>Spo-</strong></span> <span class='ocrx_word' id='word_1_566' title='bbox 2107 933 2243 971; x_wconf 51' lang='lat' dir='ltr'><strong>59¹¹h70&#39;</strong></span> 
     </span>
     <span class='ocr_line' id='line_1_95' title="bbox 1202 993 1368 1027; baseline -0.006 -1"><span class='ocrx_word' id='word_1_567' title='bbox 1202 993 1347 1027; x_wconf 87' lang='lat' dir='ltr'><strong>letanum</strong></span> <span class='ocrx_word' id='word_1_568' title='bbox 1360 1019 1368 1025; x_wconf 92' lang='lat'><strong>.</strong></span> 
     </span>
    </p>

    <p class='ocr_par' dir='ltr' id='par_1_23' title="bbox 1196 1042 2271 2330">
     <span class='ocr_line' id='line_1_96' title="bbox 1252 1042 2094 1088; baseline 0.002 -11"><span class='ocrx_word' id='word_1_569' title='bbox 1252 1042 1405 1078; x_wconf 79' lang='lat' dir='ltr'><strong>Secundo</strong></span> <span class='ocrx_word' id='word_1_570' title='bbox 1429 1043 1532 1087; x_wconf 90' lang='lat' dir='ltr'><strong>potest</strong></span> <span class='ocrx_word' id='word_1_571' title='bbox 1556 1044 1629 1088; x_wconf 88' lang='lat' dir='ltr'><strong>quis</strong></span> <span class='ocrx_word' id='word_1_572' title='bbox 1651 1043 1793 1078; x_wconf 86' lang='lat' dir='ltr'><strong>ordinari</strong></span> <span class='ocrx_word' id='word_1_573' title='bbox 1805 1044 1844 1078; x_wconf 89' lang='lat' dir='ltr'><strong>ad</strong></span> <span class='ocrx_word' id='word_1_574' title='bbox 1857 1044 2094 1079; x_wconf 81' lang='lat' dir='ltr'><strong>monasterium</strong></span> 
     </span>
     <span class='ocr_line' id='line_1_97' title="bbox 1201 1093 2089 1139; baseline 0.003 -13"><span class='ocrx_word' id='word_1_575' title='bbox 1201 1093 1369 1137; x_wconf 68' lang='lat' dir='ltr'><strong>tamquam</strong></span> <span class='ocrx_word' id='word_1_576' title='bbox 1390 1093 1537 1128; x_wconf 88' lang='lat' dir='ltr'><strong>Clericus</strong></span> <span class='ocrx_word' id='word_1_577' title='bbox 1561 1094 1674 1128; x_wconf 88' lang='lat' dir='ltr'><strong>multis</strong></span> <span class='ocrx_word' id='word_1_578' title='bbox 1696 1094 1899 1129; x_wconf 87' lang='lat' dir='ltr'><strong>monasteriis</strong></span> <span class='ocrx_word' id='word_1_579' title='bbox 1919 1095 2089 1139; x_wconf 73' lang='lat' dir='ltr'><strong>praeficien-</strong></span> 
     </span>
     <span class='ocr_line' id='line_1_98' title="bbox 1202 1142 2091 1189; baseline 0.003 -13"><span class='ocrx_word' id='word_1_580' title='bbox 1202 1142 1280 1176; x_wconf 86' lang='lat' dir='ltr'><strong>dus.</strong></span> <span class='ocrx_word' id='word_1_581' title='bbox 1309 1144 1442 1177; x_wconf 88' lang='lat' dir='ltr'><strong>Etenim</strong></span> <span class='ocrx_word' id='word_1_582' title='bbox 1463 1145 1612 1178; x_wconf 86' lang='lat' dir='ltr'><strong>Socrates</strong></span> <span class='ocrx_word' id='word_1_583' title='bbox 1637 1146 1683 1178; x_wconf 88' lang='lat' dir='ltr'><strong>ait</strong></span> <span class='ocrx_word' id='word_1_584' title='bbox 1694 1142 1947 1179; x_wconf 88' lang='lat' dir='ltr'><strong>Marothonium</strong></span> <span class='ocrx_word' id='word_1_585' title='bbox 1959 1146 2091 1189; x_wconf 88' lang='lat' dir='ltr'><strong>Episco-</strong></span> 
     </span>
     <span class='ocr_line' id='line_1_99' title="bbox 1203 1192 2271 1239; baseline 0.005 -12"><span class='ocrx_word' id='word_1_586' title='bbox 1203 1204 1282 1237; x_wconf 87' lang='lat' dir='ltr'><strong>pum</strong></span> <span class='ocrx_word' id='word_1_587' title='bbox 1302 1192 1593 1227; x_wconf 87' lang='lat' dir='ltr'><strong>Nicomediensem</strong></span> <span class='ocrx_word' id='word_1_588' title='bbox 1608 1218 1618 1233; x_wconf 86' lang='lat'><strong>,</strong></span> <span class='ocrx_word' id='word_1_589' title='bbox 1643 1195 1722 1227; x_wconf 90' lang='lat' dir='ltr'><strong>dum</strong></span> <span class='ocrx_word' id='word_1_590' title='bbox 1746 1195 1893 1228; x_wconf 81' lang='lat' dir='ltr'><strong>Ecclefiae</strong></span> <span class='ocrx_word' id='word_1_591' title='bbox 1907 1196 2092 1230; x_wconf 87' lang='lat' dir='ltr'><strong>Constanti·</strong></span> <span class='ocrx_word' id='word_1_592' title='bbox 2115 1204 2177 1232; x_wconf 81' lang='lat' dir='ltr'><strong>L.2.</strong></span> <span class='ocrx_word' id='word_1_593' title='bbox 2196 1210 2271 1239; x_wconf 81' lang='lat' dir='ltr'><strong>c.3o.</strong></span> 
     </span>
     <span class='ocr_line' id='line_1_100' title="bbox 1204 1242 2094 1287; baseline 0.003 -10"><span class='ocrx_word' id='word_1_594' title='bbox 1204 1242 1402 1286; x_wconf 83' lang='lat' dir='ltr'><strong>nopolitanae</strong></span> <span class='ocrx_word' id='word_1_595' title='bbox 1425 1244 1482 1277; x_wconf 88' lang='lat' dir='ltr'><strong>sub</strong></span> <span class='ocrx_word' id='word_1_596' title='bbox 1495 1243 1698 1277; x_wconf 89' lang='lat' dir='ltr'><strong>Macedonio</strong></span> <span class='ocrx_word' id='word_1_597' title='bbox 1712 1244 1875 1287; x_wconf 70' lang='lat' dir='ltr'><strong>Episcopo</strong></span> <span class='ocrx_word' id='word_1_598' title='bbox 1887 1255 1954 1278; x_wconf 88' lang='lat' dir='ltr'><strong>erat</strong></span> <span class='ocrx_word' id='word_1_599' title='bbox 1971 1246 2094 1280; x_wconf 86' lang='lat' dir='ltr'><strong>Diaco-</strong></span> 
     </span>
     <span class='ocr_line' id='line_1_101' title="bbox 1203 1293 2092 1334; baseline 0.002 -7"><span class='ocrx_word' id='word_1_600' title='bbox 1203 1303 1264 1327; x_wconf 85' lang='lat' dir='ltr'><strong>nus</strong></span> <span class='ocrx_word' id='word_1_601' title='bbox 1288 1318 1297 1334; x_wconf 94' lang='lat'>‚</span> <span class='ocrx_word' id='word_1_602' title='bbox 1335 1295 1449 1327; x_wconf 87' lang='lat' dir='ltr'><strong>omnia</strong></span> <span class='ocrx_word' id='word_1_603' title='bbox 1474 1296 1618 1327; x_wconf 81' lang='lat' dir='ltr'><strong>virorum</strong></span> <span class='ocrx_word' id='word_1_604' title='bbox 1640 1305 1677 1327; x_wconf 89' lang='lat' dir='ltr'><strong>ac</strong></span> <span class='ocrx_word' id='word_1_605' title='bbox 1700 1293 1874 1327; x_wconf 86' lang='lat' dir='ltr'><strong>mulierum</strong></span> <span class='ocrx_word' id='word_1_606' title='bbox 1895 1295 2092 1329; x_wconf 80' lang='lat' dir='ltr'><strong>monasteria</strong></span> 
     </span>
     <span class='ocr_line' id='line_1_102' title="bbox 1203 1343 2093 1388; baseline 0.003 -12"><span class='ocrx_word' id='word_1_607' title='bbox 1203 1345 1385 1386; x_wconf 68' lang='lat' dir='ltr'><strong>procurasse</strong></span> <span class='ocrx_word' id='word_1_608' title='bbox 1395 1368 1402 1375; x_wconf 93' lang='lat'><strong>.</strong></span> <span class='ocrx_word' id='word_1_609' title='bbox 1429 1343 1582 1377; x_wconf 87' lang='lat' dir='ltr'><strong>Hermias</strong></span> <span class='ocrx_word' id='word_1_610' title='bbox 1593 1345 1801 1378; x_wconf 83' lang='lat' dir='ltr'><strong>Zozomenus</strong></span> <span class='ocrx_word' id='word_1_611' title='bbox 1812 1345 1902 1378; x_wconf 87' lang='lat' dir='ltr'><strong>addit</strong></span> <span class='ocrx_word' id='word_1_612' title='bbox 1913 1347 2093 1388; x_wconf 73' lang='lat' dir='ltr'><strong>procurasse</strong></span> 
     </span>
     <span class='ocr_line' id='line_1_103' title="bbox 1203 1394 2092 1437; baseline 0 -9"><span class='ocrx_word' id='word_1_613' title='bbox 1203 1406 1240 1428; x_wconf 85' lang='lat' dir='ltr'><strong>ea</strong></span> <span class='ocrx_word' id='word_1_614' title='bbox 1265 1394 1455 1437; x_wconf 80' lang='lat' dir='ltr'><strong>praesertim,</strong></span> <span class='ocrx_word' id='word_1_615' title='bbox 1483 1406 1551 1436; x_wconf 78' lang='lat' dir='ltr'><strong>quae</strong></span> <span class='ocrx_word' id='word_1_616' title='bbox 1571 1403 1658 1426; x_wconf 85' lang='lat' dir='ltr'><strong>erant</strong></span> <span class='ocrx_word' id='word_1_617' title='bbox 1679 1401 1709 1426; x_wconf 83' lang='lat' dir='ltr'><strong>in</strong></span> <span class='ocrx_word' id='word_1_618' title='bbox 1722 1394 1860 1437; x_wconf 82' lang='lat' dir='ltr'><strong>egestate.</strong></span> <span class='ocrx_word' id='word_1_619' title='bbox 1890 1395 1968 1428; x_wconf 89' lang='lat' dir='ltr'><strong>Erat</strong></span> <span class='ocrx_word' id='word_1_620' title='bbox 1983 1395 2092 1437; x_wconf 75' lang='lat' dir='ltr'><strong>itaque</strong></span> 
     </span>
     <span class='ocr_line' id='line_1_104' title="bbox 1205 1438 2255 1489; baseline 0.001 -12"><span class='ocrx_word' id='word_1_621' title='bbox 1205 1454 1344 1488; x_wconf 89' lang='lat' dir='ltr'><strong>magnus</strong></span> <span class='ocrx_word' id='word_1_622' title='bbox 1356 1444 1503 1478; x_wconf 77' lang='lat' dir='ltr'><strong>Ecclefiae</strong></span> <span class='ocrx_word' id='word_1_623' title='bbox 1514 1444 1720 1484; x_wconf 83' lang='lat' dir='ltr'><strong>Sacellarius,</strong></span> <span class='ocrx_word' id='word_1_624' title='bbox 1749 1445 2001 1489; x_wconf 84' lang='lat' dir='ltr'><strong>Crucigerorum</strong></span> <span class='ocrx_word' id='word_1_625' title='bbox 2012 1445 2094 1478; x_wconf 87' lang='lat' dir='ltr'><strong>Dia·</strong></span> <span class='ocrx_word' id='word_1_626' title='bbox 2117 1439 2176 1471; x_wconf 55' lang='lat'><strong>2²4·</strong></span> <span class='ocrx_word' id='word_1_627' title='bbox 2188 1438 2255 1472; x_wconf 59' lang='grc' dir='ltr'><strong>(3·19·Ι</strong></span> 
     </span>
     <span class='ocr_line' id='line_1_105' title="bbox 1204 1493 2093 1539; baseline 0.001 -12"><span class='ocrx_word' id='word_1_628' title='bbox 1204 1506 1366 1528; x_wconf 89' lang='lat' dir='ltr'><strong>conorum</strong></span> <span class='ocrx_word' id='word_1_629' title='bbox 1379 1505 1462 1527; x_wconf 91' lang='lat' dir='ltr'><strong>unus</strong></span> <span class='ocrx_word' id='word_1_630' title='bbox 1473 1518 1484 1535; x_wconf 90' lang='lat'><strong>,</strong></span> <span class='ocrx_word' id='word_1_631' title='bbox 1501 1493 1542 1529; x_wconf 91' lang='lat' dir='ltr'><strong>de</strong></span> <span class='ocrx_word' id='word_1_632' title='bbox 1553 1506 1620 1537; x_wconf 91' lang='lat' dir='ltr'><strong>quo</strong></span> <span class='ocrx_word' id='word_1_633' title='bbox 1633 1496 1778 1537; x_wconf 84' lang='lat' dir='ltr'><strong>Symeon</strong></span> <span class='ocrx_word' id='word_1_634' title='bbox 1794 1493 2093 1539; x_wconf 87' lang='lat' dir='ltr'><strong>Archi-Episcopus</strong></span> 
     </span>
     <span class='ocr_line' id='line_1_106' title="bbox 1203 1543 2092 1580; baseline 0.001 -3"><span class='ocrx_word' id='word_1_635' title='bbox 1203 1543 1503 1577; x_wconf 66' lang='lat' dir='ltr'><strong>Thessalonicensis</strong></span> <span class='ocrx_word' id='word_1_636' title='bbox 1515 1545 1548 1578; x_wconf 89' lang='lat' dir='ltr'><strong>in</strong></span> <span class='ocrx_word' id='word_1_637' title='bbox 1561 1544 1646 1578; x_wconf 85' lang='lat' dir='ltr'><strong>libro</strong></span> <span class='ocrx_word' id='word_1_638' title='bbox 1658 1545 1698 1578; x_wconf 88' lang='lat' dir='ltr'><strong>de</strong></span> <span class='ocrx_word' id='word_1_639' title='bbox 1710 1545 1804 1579; x_wconf 84' lang='lat' dir='ltr'><strong>sacris</strong></span> <span class='ocrx_word' id='word_1_640' title='bbox 1815 1544 2092 1580; x_wconf 83' lang='lat' dir='ltr'><strong>ordinationibus.</strong></span> 
     </span>
     <span class='ocr_line' id='line_1_107' title="bbox 1206 1594 2094 1637; baseline 0.003 -12"><span class='ocrx_word' id='word_1_641' title='bbox 1206 1597 1332 1637; x_wconf 76' lang='lat' dir='ltr'><strong>Magnus</strong></span> <span class='ocrx_word' id='word_1_642' title='bbox 1354 1595 1527 1627; x_wconf 71' lang='lat' dir='ltr'><strong>sacellarius</strong></span> <span class='ocrx_word' id='word_1_643' title='bbox 1546 1594 1696 1637; x_wconf 85' lang='lat' dir='ltr'><strong>sacrorum</strong></span> <span class='ocrx_word' id='word_1_644' title='bbox 1726 1596 1963 1635; x_wconf 80' lang='lat' dir='ltr'><strong>monasteriorum</strong></span> <span class='ocrx_word' id='word_1_645' title='bbox 1994 1607 2094 1629; x_wconf 86' lang='lat' dir='ltr'><strong>curam</strong></span> 
     </span>
     <span class='ocr_line' id='line_1_108' title="bbox 1200 1644 2094 1688; baseline 0.002 -11"><span class='ocrx_word' id='word_1_646' title='bbox 1200 1651 1280 1688; x_wconf 84' lang='lat' dir='ltr'><strong>gerit</strong></span> <span class='ocrx_word' id='word_1_647' title='bbox 1292 1669 1302 1684; x_wconf 92' lang='lat'>‚</span> <span class='ocrx_word' id='word_1_648' title='bbox 1329 1646 1363 1677; x_wconf 71' lang='lat'><strong>(55</strong></span> <span class='ocrx_word' id='word_1_649' title='bbox 1383 1650 1415 1676; x_wconf 86' lang='lat' dir='ltr'><strong>in</strong></span> <span class='ocrx_word' id='word_1_650' title='bbox 1434 1650 1472 1676; x_wconf 85' lang='lat' dir='ltr'><strong>iis</strong></span> <span class='ocrx_word' id='word_1_651' title='bbox 1485 1644 1593 1677; x_wconf 87' lang='lat' dir='ltr'><strong>bonum</strong></span> <span class='ocrx_word' id='word_1_652' title='bbox 1605 1647 1738 1678; x_wconf 85' lang='lat' dir='ltr'><strong>ordinem</strong></span> <span class='ocrx_word' id='word_1_653' title='bbox 1743 1654 1886 1687; x_wconf 82' lang='lat' dir='ltr'><strong>procurat</strong></span> <span class='ocrx_word' id='word_1_654' title='bbox 1901 1670 1911 1684; x_wconf 94' lang='lat'><strong>,</strong></span> <span class='ocrx_word' id='word_1_655' title='bbox 1929 1647 1962 1679; x_wconf 62' lang='grc' dir='ltr'>Θ</span> <span class='ocrx_word' id='word_1_656' title='bbox 1972 1658 2038 1688; x_wconf 82' lang='lat' dir='ltr'><strong>quae</strong></span> <span class='ocrx_word' id='word_1_657' title='bbox 2049 1647 2094 1679; x_wconf 80' lang='lat' dir='ltr'><strong>ad</strong></span> 
     </span>
     <span class='ocr_line' id='line_1_109' title="bbox 1205 1693 2209 1742; baseline 0.003 -15"><span class='ocrx_word' id='word_1_658' title='bbox 1205 1693 1408 1738; x_wconf 61' lang='lat' dir='ltr'><strong>caspecqant,</strong></span> <span class='ocrx_word' id='word_1_659' title='bbox 1429 1703 1487 1736; x_wconf 81' lang='lat' dir='ltr'><strong>pro</strong></span> <span class='ocrx_word' id='word_1_660' title='bbox 1499 1695 1616 1728; x_wconf 77' lang='lat' dir='ltr'><strong>viribus</strong></span> <span class='ocrx_word' id='word_1_661' title='bbox 1627 1701 1772 1737; x_wconf 82' lang='lat' dir='ltr'><strong>inquirit.</strong></span> <span class='ocrx_word' id='word_1_662' title='bbox 1802 1696 1845 1728; x_wconf 89' lang='lat' dir='ltr'><strong>Et</strong></span> <span class='ocrx_word' id='word_1_663' title='bbox 1855 1697 1988 1739; x_wconf 88' lang='lat' dir='ltr'><strong>antiqua</strong></span> <span class='ocrx_word' id='word_1_664' title='bbox 2010 1697 2094 1730; x_wconf 85' lang='lat' dir='ltr'><strong>noti·</strong></span> <span class='ocrx_word' id='word_1_665' title='bbox 2114 1706 2209 1742; x_wconf 59' lang='lat'><strong>0132</strong></span> 
     </span>
     <span class='ocr_line' id='line_1_110' title="bbox 1206 1744 2093 1790; baseline 0.002 -12"><span class='ocrx_word' id='word_1_666' title='bbox 1206 1746 1251 1778; x_wconf 89' lang='lat' dir='ltr'><strong>tia</strong></span> <span class='ocrx_word' id='word_1_667' title='bbox 1273 1744 1469 1780; x_wconf 88' lang='lat' dir='ltr'><strong>Officiorum</strong></span> <span class='ocrx_word' id='word_1_668' title='bbox 1492 1746 1601 1779; x_wconf 61' lang='lat' dir='ltr'><strong>sandix</strong></span> <span class='ocrx_word' id='word_1_669' title='bbox 1624 1746 1655 1779; x_wconf 73' lang='grc' dir='ltr'><strong>ὅ(</strong></span> <span class='ocrx_word' id='word_1_670' title='bbox 1677 1756 1805 1790; x_wconf 82' lang='lat' dir='ltr'><strong>magnae</strong></span> <span class='ocrx_word' id='word_1_671' title='bbox 1826 1747 1974 1780; x_wconf 80' lang='lat' dir='ltr'><strong>Ecclesiae</strong></span> <span class='ocrx_word' id='word_1_672' title='bbox 2002 1747 2093 1780; x_wconf 89' lang='lat' dir='ltr'><strong>Con-</strong></span> 
     </span>
     <span class='ocr_line' id='line_1_111' title="bbox 1206 1794 2094 1839; baseline 0 -11"><span class='ocrx_word' id='word_1_673' title='bbox 1206 1794 1501 1838; x_wconf 85' lang='lat' dir='ltr'><strong>stantinopolitanae</strong></span> <span class='ocrx_word' id='word_1_674' title='bbox 1513 1820 1518 1826; x_wconf 95' lang='lat'><strong>.</strong></span> <span class='ocrx_word' id='word_1_675' title='bbox 1547 1799 1658 1839; x_wconf 89' lang='lat' dir='ltr'><strong>Magno</strong></span> <span class='ocrx_word' id='word_1_676' title='bbox 1669 1797 1827 1829; x_wconf 73' lang='lat' dir='ltr'><strong>sacellario</strong></span> <span class='ocrx_word' id='word_1_677' title='bbox 1831 1795 1986 1838; x_wconf 70' lang='lat' dir='ltr'><strong>solicitudo</strong></span> <span class='ocrx_word' id='word_1_678' title='bbox 1996 1808 2094 1830; x_wconf 86' lang='lat' dir='ltr'><strong>mona-</strong></span> 
     </span>
     <span class='ocr_line' id='line_1_112' title="bbox 1196 1844 2095 1889; baseline 0 -11"><span class='ocrx_word' id='word_1_679' title='bbox 1196 1844 1350 1886; x_wconf 84' lang='lat' dir='ltr'><strong>steriorum</strong></span> <span class='ocrx_word' id='word_1_680' title='bbox 1370 1847 1505 1878; x_wconf 85' lang='lat' dir='ltr'><strong>virilium</strong></span> <span class='ocrx_word' id='word_1_681' title='bbox 1526 1844 1724 1889; x_wconf 75' lang='lat' dir='ltr'><strong>Epiftopatus</strong></span> <span class='ocrx_word' id='word_1_682' title='bbox 1735 1848 1936 1880; x_wconf 78' lang='lat' dir='ltr'><strong>demandatur</strong></span> <span class='ocrx_word' id='word_1_683' title='bbox 1962 1873 1968 1879; x_wconf 92' lang='lat'><strong>.</strong></span> <span class='ocrx_word' id='word_1_684' title='bbox 1998 1847 2095 1879; x_wconf 72' lang='lat' dir='ltr'><strong>Habet</strong></span> 
     </span>
     <span class='ocr_line' id='line_1_113' title="bbox 1203 1894 2094 1940; baseline 0.001 -12"><span class='ocrx_word' id='word_1_685' title='bbox 1203 1894 1252 1935; x_wconf 75' lang='lat' dir='ltr'><strong>fibi</strong></span> <span class='ocrx_word' id='word_1_686' title='bbox 1265 1895 1481 1935; x_wconf 80' lang='lat' dir='ltr'><strong>ministrantem</strong></span> <span class='ocrx_word' id='word_1_687' title='bbox 1493 1895 1722 1929; x_wconf 73' lang='lat' dir='ltr'><strong>chartularium</strong></span> <span class='ocrx_word' id='word_1_688' title='bbox 1734 1920 1744 1935; x_wconf 95' lang='lat'><strong>,</strong></span> <span class='ocrx_word' id='word_1_689' title='bbox 1772 1894 1887 1939; x_wconf 84' lang='lat' dir='ltr'><strong>Census</strong></span> <span class='ocrx_word' id='word_1_690' title='bbox 1901 1899 1935 1930; x_wconf 64' lang='grc' dir='ltr'><strong>(τ</strong></span> <span class='ocrx_word' id='word_1_691' title='bbox 1947 1896 2094 1940; x_wconf 82' lang='lat' dir='ltr'><strong>expensas</strong></span> 
     </span>
     <span class='ocr_line' id='line_1_114' title="bbox 1202 1945 2096 1989; baseline 0.002 -12"><span class='ocrx_word' id='word_1_692' title='bbox 1202 1945 1438 1984; x_wconf 84' lang='lat' dir='ltr'><strong>monasteriorum</strong></span> <span class='ocrx_word' id='word_1_693' title='bbox 1461 1952 1616 1978; x_wconf 76' lang='lat' dir='ltr'><strong>examinat</strong></span> <span class='ocrx_word' id='word_1_694' title='bbox 1630 1970 1640 1985; x_wconf 90' lang='lat'><strong>,</strong></span> <span class='ocrx_word' id='word_1_695' title='bbox 1668 1948 1702 1980; x_wconf 66' lang='grc'><strong>6·</strong></span> <span class='ocrx_word' id='word_1_696' title='bbox 1723 1953 1756 1979; x_wconf 88' lang='lat' dir='ltr'><strong>in</strong></span> <span class='ocrx_word' id='word_1_697' title='bbox 1782 1953 1881 1979; x_wconf 82' lang='lat' dir='ltr'><strong>vitam</strong></span> <span class='ocrx_word' id='word_1_698' title='bbox 1893 1945 2096 1989; x_wconf 85' lang='lat' dir='ltr'><strong>disciplinam-</strong></span> 
     </span>
     <span class='ocr_line' id='line_1_115' title="bbox 1203 1995 2094 2040; baseline 0.001 -11"><span class='ocrx_word' id='word_1_699' title='bbox 1203 2007 1258 2038; x_wconf 84' lang='lat' dir='ltr'><strong>que</strong></span> <span class='ocrx_word' id='word_1_700' title='bbox 1282 1995 1487 2028; x_wconf 83' lang='lat' dir='ltr'><strong>monachorum</strong></span> <span class='ocrx_word' id='word_1_701' title='bbox 1506 2001 1654 2037; x_wconf 84' lang='lat' dir='ltr'><strong>inquirit,</strong></span> <span class='ocrx_word' id='word_1_702' title='bbox 1679 1997 1713 2030; x_wconf 63' lang='grc' dir='ltr'>Θ</span> <span class='ocrx_word' id='word_1_703' title='bbox 1737 1998 1775 2030; x_wconf 78' lang='lat' dir='ltr'><strong>dc</strong></span> <span class='ocrx_word' id='word_1_704' title='bbox 1797 1996 1846 2029; x_wconf 86' lang='lat' dir='ltr'><strong>bis</strong></span> <span class='ocrx_word' id='word_1_705' title='bbox 1867 2005 1912 2030; x_wconf 84' lang='lat' dir='ltr'><strong>ter</strong></span> <span class='ocrx_word' id='word_1_706' title='bbox 1925 2009 2094 2040; x_wconf 86' lang='lat' dir='ltr'><strong>unoquoque</strong></span> 
     </span>
     <span class='ocr_line' id='line_1_116' title="bbox 1203 2045 2095 2090; baseline 0.002 -12"><span class='ocrx_word' id='word_1_707' title='bbox 1203 2057 1281 2079; x_wconf 87' lang='lat' dir='ltr'><strong>anno</strong></span> <span class='ocrx_word' id='word_1_708' title='bbox 1305 2047 1349 2079; x_wconf 81' lang='lat' dir='ltr'><strong>ad</strong></span> <span class='ocrx_word' id='word_1_709' title='bbox 1370 2045 1548 2089; x_wconf 77' lang='lat' dir='ltr'><strong>Episcopum</strong></span> <span class='ocrx_word' id='word_1_710' title='bbox 1568 2046 1660 2088; x_wconf 87' lang='lat' dir='ltr'><strong>refert</strong></span> <span class='ocrx_word' id='word_1_711' title='bbox 1674 2070 1681 2077; x_wconf 94' lang='lat'><strong>.</strong></span> <span class='ocrx_word' id='word_1_712' title='bbox 1710 2046 1861 2080; x_wconf 86' lang='lat' dir='ltr'><strong>Codinus</strong></span> <span class='ocrx_word' id='word_1_713' title='bbox 1880 2047 2095 2090; x_wconf 86' lang='lat' dir='ltr'><strong>Curopalates</strong></span> 
     </span>
     <span class='ocr_line' id='line_1_117' title="bbox 1203 2096 2095 2139; baseline 0 -9"><span class='ocrx_word' id='word_1_714' title='bbox 1203 2096 1316 2130; x_wconf 89' lang='lat' dir='ltr'><strong>adserit</strong></span> <span class='ocrx_word' id='word_1_715' title='bbox 1329 2097 1426 2130; x_wconf 83' lang='lat' dir='ltr'><strong>etiam</strong></span> <span class='ocrx_word' id='word_1_716' title='bbox 1439 2097 1613 2130; x_wconf 90' lang='lat' dir='ltr'><strong>mulierum</strong></span> <span class='ocrx_word' id='word_1_717' title='bbox 1625 2097 1829 2130; x_wconf 87' lang='lat' dir='ltr'><strong>monasteriis</strong></span> <span class='ocrx_word' id='word_1_718' title='bbox 1850 2098 2021 2139; x_wconf 73' lang='lat' dir='ltr'><strong>praefuisie.</strong></span> <span class='ocrx_word' id='word_1_719' title='bbox 2051 2097 2095 2130; x_wconf 92' lang='lat' dir='ltr'><strong>Et</strong></span> 
     </span>
     <span class='ocr_line' id='line_1_118' title="bbox 1203 2145 2095 2189; baseline 0.001 -10"><span class='ocrx_word' id='word_1_720' title='bbox 1203 2156 1313 2189; x_wconf 87' lang='lat' dir='ltr'><strong>quarta</strong></span> <span class='ocrx_word' id='word_1_721' title='bbox 1338 2145 1434 2188; x_wconf 79' lang='lat' dir='ltr'><strong>hujus</strong></span> <span class='ocrx_word' id='word_1_722' title='bbox 1456 2145 1584 2188; x_wconf 88' lang='lat' dir='ltr'><strong>Synodi</strong></span> <span class='ocrx_word' id='word_1_723' title='bbox 1608 2145 1707 2179; x_wconf 67' lang='lat' dir='ltr'><strong>Attio</strong></span> <span class='ocrx_word' id='word_1_724' title='bbox 1733 2145 1841 2179; x_wconf 84' lang='lat' dir='ltr'><strong>laudat</strong></span> <span class='ocrx_word' id='word_1_725' title='bbox 1865 2146 2095 2181; x_wconf 85' lang='lat' dir='ltr'><strong>Alexandrum</strong></span> 
     </span>
     <span class='ocr_line' id='line_1_119' title="bbox 1204 2194 2094 2238; baseline 0.003 -10"><span class='ocrx_word' id='word_1_726' title='bbox 1204 2194 1428 2238; x_wconf 82' lang='lat' dir='ltr'><strong>Presbyterum</strong></span> <span class='ocrx_word' id='word_1_727' title='bbox 1463 2196 1498 2229; x_wconf 73' lang='grc' dir='ltr'><strong>ὅ(</strong></span> <span class='ocrx_word' id='word_1_728' title='bbox 1521 2195 1742 2230; x_wconf 82' lang='lat' dir='ltr'><strong>circuitorem</strong></span> <span class='ocrx_word' id='word_1_729' title='bbox 1769 2221 1780 2236; x_wconf 96' lang='lat'><strong>,</strong></span> <span class='ocrx_word' id='word_1_730' title='bbox 1817 2196 1871 2230; x_wconf 90' lang='lat' dir='ltr'><strong>seu</strong></span> <span class='ocrx_word' id='word_1_731' title='bbox 1900 2196 2094 2231; x_wconf 85' lang='lat' dir='ltr'><strong>visitatorem</strong></span> 
     </span>
     <span class='ocr_line' id='line_1_120' title="bbox 1205 2245 2094 2287; baseline 0.003 -8"><span class='ocrx_word' id='word_1_732' title='bbox 1205 2246 1477 2279; x_wconf 88' lang='lat' dir='ltr'><strong>monasteriorum</strong></span> <span class='ocrx_word' id='word_1_733' title='bbox 1502 2271 1509 2278; x_wconf 90' lang='lat'><strong>.</strong></span> <span class='ocrx_word' id='word_1_734' title='bbox 1548 2245 1750 2287; x_wconf 74' lang='lat' dir='ltr'><strong>Huiusmodi</strong></span> <span class='ocrx_word' id='word_1_735' title='bbox 1781 2246 1946 2281; x_wconf 69' lang='lat' dir='ltr'><strong>Praefestos</strong></span> <span class='ocrx_word' id='word_1_736' title='bbox 1972 2248 2094 2282; x_wconf 87' lang='lat' dir='ltr'><strong>Canon</strong></span> 
     </span>
     <span class='ocr_line' id='line_1_121' title="bbox 1206 2294 1691 2330; baseline -0.002 -2"><span class='ocrx_word' id='word_1_737' title='bbox 1206 2294 1368 2329; x_wconf 88' lang='lat' dir='ltr'><strong>Arabicus</strong></span> <span class='ocrx_word' id='word_1_738' title='bbox 1381 2306 1476 2330; x_wconf 90' lang='lat' dir='ltr'><strong>vocat</strong></span> <span class='ocrx_word' id='word_1_739' title='bbox 1490 2295 1669 2329; x_wconf 86' lang='lat' dir='ltr'><strong>Monarcbas</strong></span> <span class='ocrx_word' id='word_1_740' title='bbox 1685 2321 1691 2327; x_wconf 89' lang='lat'><strong>.</strong></span> 
     </span>
    </p>
   </div>
   <div class='ocr_carea' id='block_1_18' title="bbox 2119 2124 2253 2163">
    <p class='ocr_par' dir='ltr' id='par_1_24' title="bbox 2119 2124 2253 2163">
     <span class='ocr_line' id='line_1_122' title="bbox 2119 2124 2253 2163; baseline -0.022 0"><span class='ocrx_word' id='word_1_741' title='bbox 2119 2124 2191 2163; x_wconf 78' lang='lat' dir='ltr'><strong>Cap.</strong></span> <span class='ocrx_word' id='word_1_742' title='bbox 2206 2134 2253 2161; x_wconf 83' lang='lat'><strong>75·</strong></span> 
     </span>
    </p>
   </div>
   <div class='ocr_carea' id='block_1_19' title="bbox 1194 2343 2099 3593">
    <p class='ocr_par' dir='ltr' id='par_1_25' title="bbox 1194 2343 2099 3541">
     <span class='ocr_line' id='line_1_123' title="bbox 1254 2343 2094 2390; baseline 0.005 -12"><span class='ocrx_word' id='word_1_743' title='bbox 1254 2343 1309 2379; x_wconf 87' lang='lat' dir='ltr'><strong>Ad</strong></span> <span class='ocrx_word' id='word_1_744' title='bbox 1330 2354 1504 2390; x_wconf 86' lang='lat' dir='ltr'><strong>utrumque</strong></span> <span class='ocrx_word' id='word_1_745' title='bbox 1528 2343 1617 2380; x_wconf 90' lang='lat' dir='ltr'><strong>hunc</strong></span> <span class='ocrx_word' id='word_1_746' title='bbox 1644 2345 1832 2381; x_wconf 87' lang='lat' dir='ltr'><strong>monasterii</strong></span> <span class='ocrx_word' id='word_1_747' title='bbox 1854 2346 1989 2382; x_wconf 90' lang='lat' dir='ltr'><strong>titulum</strong></span> <span class='ocrx_word' id='word_1_748' title='bbox 2011 2347 2094 2382; x_wconf 92' lang='lat' dir='ltr'><strong>olim</strong></span> 
     </span>
     <span class='ocr_line' id='line_1_124' title="bbox 1203 2395 2095 2440; baseline 0.003 -11"><span class='ocrx_word' id='word_1_749' title='bbox 1203 2395 1343 2431; x_wconf 87' lang='lat' dir='ltr'><strong>Ecclesia</strong></span> <span class='ocrx_word' id='word_1_750' title='bbox 1378 2396 1544 2430; x_wconf 87' lang='lat' dir='ltr'><strong>ordinavit</strong></span> <span class='ocrx_word' id='word_1_751' title='bbox 1578 2397 1677 2430; x_wconf 88' lang='lat' dir='ltr'><strong>etiam</strong></span> <span class='ocrx_word' id='word_1_752' title='bbox 1706 2396 1886 2440; x_wconf 89' lang='lat' dir='ltr'><strong>Episcopos</strong></span> <span class='ocrx_word' id='word_1_753' title='bbox 1915 2423 1921 2430; x_wconf 96' lang='lat'><strong>.</strong></span> <span class='ocrx_word' id='word_1_754' title='bbox 1960 2399 2095 2432; x_wconf 89' lang='lat' dir='ltr'><strong>Etenim</strong></span> 
     </span>
     <span class='ocr_line' id='line_1_125' title="bbox 1199 2445 2096 2490; baseline 0.004 -12"><span class='ocrx_word' id='word_1_755' title='bbox 1199 2445 1389 2480; x_wconf 86' lang='lat' dir='ltr'><strong>Marcianus</strong></span> <span class='ocrx_word' id='word_1_756' title='bbox 1412 2446 1580 2490; x_wconf 86' lang='lat' dir='ltr'><strong>Augustus</strong></span> <span class='ocrx_word' id='word_1_757' title='bbox 1601 2447 1634 2480; x_wconf 92' lang='lat' dir='ltr'><strong>in</strong></span> <span class='ocrx_word' id='word_1_758' title='bbox 1659 2446 1776 2481; x_wconf 88' lang='lat' dir='ltr'><strong>litteris</strong></span> <span class='ocrx_word' id='word_1_759' title='bbox 1795 2448 1945 2482; x_wconf 76' lang='lat' dir='ltr'><strong>adversus</strong></span> <span class='ocrx_word' id='word_1_760' title='bbox 1957 2447 2096 2483; x_wconf 89' lang='lat' dir='ltr'><strong>Pseudo-</strong></span> 
     </span>
     <span class='ocr_line' id='line_1_126' title="bbox 1199 2495 2097 2539; baseline 0.003 -10"><span class='ocrx_word' id='word_1_761' title='bbox 1199 2495 1357 2530; x_wconf 88' lang='lat' dir='ltr'><strong>monachi</strong></span> <span class='ocrx_word' id='word_1_762' title='bbox 1383 2495 1567 2530; x_wconf 84' lang='lat' dir='ltr'><strong>Theodosii</strong></span> <span class='ocrx_word' id='word_1_763' title='bbox 1598 2496 1815 2531; x_wconf 85' lang='lat' dir='ltr'><strong>turbulentias</strong></span> <span class='ocrx_word' id='word_1_764' title='bbox 1847 2523 1858 2539; x_wconf 92' lang='lat'><strong>,</strong></span> <span class='ocrx_word' id='word_1_765' title='bbox 1894 2499 2097 2532; x_wconf 79' lang='lat' dir='ltr'><strong>exstantibus</strong></span> 
     </span>
     <span class='ocr_line' id='line_1_127' title="bbox 1200 2545 2098 2589; baseline 0.004 -10"><span class='ocrx_word' id='word_1_766' title='bbox 1200 2545 1269 2589; x_wconf 88' lang='lat' dir='ltr'><strong>post</strong></span> <span class='ocrx_word' id='word_1_767' title='bbox 1296 2546 1468 2589; x_wconf 86' lang='lat' dir='ltr'><strong>Synodum</strong></span> <span class='ocrx_word' id='word_1_768' title='bbox 1491 2546 1793 2580; x_wconf 78' lang='lat' dir='ltr'><strong>Chalcedonensem</strong></span> <span class='ocrx_word' id='word_1_769' title='bbox 1815 2573 1825 2587; x_wconf 87' lang='lat'>‚</span> <span class='ocrx_word' id='word_1_770' title='bbox 1852 2548 1963 2583; x_wconf 89' lang='lat' dir='ltr'><strong>laudat</strong></span> <span class='ocrx_word' id='word_1_771' title='bbox 1984 2550 2098 2583; x_wconf 87' lang='lat' dir='ltr'><strong>Maca-</strong></span> 
     </span>
     <span class='ocr_line' id='line_1_128' title="bbox 1198 2595 2099 2641; baseline 0.004 -13"><span class='ocrx_word' id='word_1_772' title='bbox 1198 2597 1283 2630; x_wconf 89' lang='lat' dir='ltr'><strong>rium</strong></span> <span class='ocrx_word' id='word_1_773' title='bbox 1311 2596 1511 2641; x_wconf 86' lang='lat' dir='ltr'><strong>Episcopum</strong></span> <span class='ocrx_word' id='word_1_774' title='bbox 1535 2623 1544 2638; x_wconf 91' lang='lat'><strong>,</strong></span> <span class='ocrx_word' id='word_1_775' title='bbox 1572 2595 1855 2631; x_wconf 83' lang='lat' dir='ltr'><strong>Archimandritas</strong></span> <span class='ocrx_word' id='word_1_776' title='bbox 1877 2623 1887 2639; x_wconf 86' lang='lat'>‚</span> <span class='ocrx_word' id='word_1_777' title='bbox 1923 2600 1956 2632; x_wconf 87' lang='lat'>&amp;</span> <span class='ocrx_word' id='word_1_778' title='bbox 1984 2610 2099 2632; x_wconf 79' lang='lat' dir='ltr'><strong>mona·</strong></span> 
     </span>
     <span class='ocr_line' id='line_1_129' title="bbox 1197 2644 2098 2688; baseline 0.003 -9"><span class='ocrx_word' id='word_1_779' title='bbox 1197 2644 1276 2680; x_wconf 89' lang='lat' dir='ltr'><strong>chos</strong></span> <span class='ocrx_word' id='word_1_780' title='bbox 1300 2648 1425 2680; x_wconf 89' lang='lat' dir='ltr'><strong>montis</strong></span> <span class='ocrx_word' id='word_1_781' title='bbox 1449 2648 1526 2680; x_wconf 88' lang='lat' dir='ltr'><strong>Sina</strong></span> <span class='ocrx_word' id='word_1_782' title='bbox 1541 2673 1551 2688; x_wconf 86' lang='lat'><strong>,</strong></span> <span class='ocrx_word' id='word_1_783' title='bbox 1578 2647 1611 2679; x_wconf 86' lang='lat' dir='ltr'><strong>in</strong></span> <span class='ocrx_word' id='word_1_784' title='bbox 1625 2657 1691 2688; x_wconf 90' lang='lat' dir='ltr'><strong>quo</strong></span> <span class='ocrx_word' id='word_1_785' title='bbox 1704 2646 1831 2681; x_wconf 89' lang='lat' dir='ltr'><strong>constat</strong></span> <span class='ocrx_word' id='word_1_786' title='bbox 1847 2647 1955 2682; x_wconf 89' lang='lat' dir='ltr'><strong>nullos</strong></span> <span class='ocrx_word' id='word_1_787' title='bbox 1967 2648 2098 2682; x_wconf 81' lang='lat' dir='ltr'><strong>saecula-</strong></span> 
     </span>
     <span class='ocr_line' id='line_1_130' title="bbox 1196 2697 2097 2741; baseline 0.004 -13"><span class='ocrx_word' id='word_1_788' title='bbox 1196 2707 1243 2729; x_wconf 89' lang='lat' dir='ltr'><strong>res</strong></span> <span class='ocrx_word' id='word_1_789' title='bbox 1264 2697 1394 2730; x_wconf 78' lang='lat' dir='ltr'><strong>vixisse.</strong></span> <span class='ocrx_word' id='word_1_790' title='bbox 1424 2697 1467 2731; x_wconf 81' lang='lat' dir='ltr'><strong>Er</strong></span> <span class='ocrx_word' id='word_1_791' title='bbox 1490 2697 1657 2740; x_wconf 78' lang='lat' dir='ltr'><strong>stylianus</strong></span> <span class='ocrx_word' id='word_1_792' title='bbox 1690 2697 1984 2731; x_wconf 77' lang='lat' dir='ltr'><strong>Neo-Caesareensis</strong></span> <span class='ocrx_word' id='word_1_793' title='bbox 2010 2697 2097 2741; x_wconf 84' lang='lat' dir='ltr'><strong>apud</strong></span> 
     </span>
     <span class='ocr_line' id='line_1_131' title="bbox 1198 2745 2099 2791; baseline 0.006 -12"><span class='ocrx_word' id='word_1_794' title='bbox 1198 2745 1397 2790; x_wconf 87' lang='lat' dir='ltr'><strong>Euphratem</strong></span> <span class='ocrx_word' id='word_1_795' title='bbox 1408 2747 1588 2791; x_wconf 89' lang='lat' dir='ltr'><strong>Episcopus</strong></span> <span class='ocrx_word' id='word_1_796' title='bbox 1598 2748 1632 2781; x_wconf 91' lang='lat' dir='ltr'><strong>in</strong></span> <span class='ocrx_word' id='word_1_797' title='bbox 1643 2747 1757 2781; x_wconf 88' lang='lat' dir='ltr'><strong>litteris</strong></span> <span class='ocrx_word' id='word_1_798' title='bbox 1768 2747 1807 2781; x_wconf 93' lang='lat' dir='ltr'><strong>ad</strong></span> <span class='ocrx_word' id='word_1_799' title='bbox 1821 2747 1995 2782; x_wconf 88' lang='lat' dir='ltr'><strong>Ecclesiam</strong></span> <span class='ocrx_word' id='word_1_800' title='bbox 2008 2748 2099 2783; x_wconf 88' lang='lat' dir='ltr'><strong>Con-</strong></span> 
     </span>
     <span class='ocr_line' id='line_1_132' title="bbox 1198 2796 2099 2842; baseline 0.007 -13"><span class='ocrx_word' id='word_1_801' title='bbox 1198 2796 1523 2840; x_wconf 81' lang='lat' dir='ltr'><strong>stantinopolitanam</strong></span> <span class='ocrx_word' id='word_1_802' title='bbox 1544 2822 1555 2838; x_wconf 92' lang='lat'><strong>,</strong></span> <span class='ocrx_word' id='word_1_803' title='bbox 1593 2796 1794 2832; x_wconf 84' lang='lat' dir='ltr'><strong>exstantibus</strong></span> <span class='ocrx_word' id='word_1_804' title='bbox 1815 2799 1896 2842; x_wconf 61' lang='lat' dir='ltr'><strong>fpost</strong></span> <span class='ocrx_word' id='word_1_805' title='bbox 1921 2798 2099 2842; x_wconf 84' lang='lat' dir='ltr'><strong>Synodum</strong></span> 
     </span>
     <span class='ocr_line' id='line_1_133' title="bbox 1197 2847 2097 2892; baseline 0.003 -11"><span class='ocrx_word' id='word_1_806' title='bbox 1197 2849 1365 2881; x_wconf 69' lang='lat' dir='ltr'><strong>octavam.</strong></span> <span class='ocrx_word' id='word_1_807' title='bbox 1405 2847 1530 2880; x_wconf 88' lang='lat' dir='ltr'><strong>Photius</strong></span> <span class='ocrx_word' id='word_1_808' title='bbox 1552 2848 1793 2881; x_wconf 76' lang='lat' dir='ltr'><strong>Santabarenum</strong></span> <span class='ocrx_word' id='word_1_809' title='bbox 1819 2872 1829 2887; x_wconf 93' lang='lat'><strong>,</strong></span> <span class='ocrx_word' id='word_1_810' title='bbox 1868 2848 2097 2892; x_wconf 84' lang='lat' dir='ltr'><strong>impiiffimum</strong></span> 
     </span>
     <span class='ocr_line' id='line_1_134' title="bbox 1198 2896 2093 2942; baseline 0.001 -11"><span class='ocrx_word' id='word_1_811' title='bbox 1198 2909 1332 2942; x_wconf 84' lang='lat' dir='ltr'><strong>magum</strong></span> <span class='ocrx_word' id='word_1_812' title='bbox 1345 2922 1355 2937; x_wconf 92' lang='lat'>‚</span> <span class='ocrx_word' id='word_1_813' title='bbox 1383 2898 1604 2936; x_wconf 80' lang='lat' dir='ltr'><strong>Ducbaitarum</strong></span> <span class='ocrx_word' id='word_1_814' title='bbox 1625 2896 1802 2941; x_wconf 68' lang='lat' dir='ltr'><strong>Epist-opum</strong></span> <span class='ocrx_word' id='word_1_815' title='bbox 1827 2905 1940 2931; x_wconf 82' lang='lat' dir='ltr'><strong>creavit</strong></span> <span class='ocrx_word' id='word_1_816' title='bbox 1963 2924 1973 2939; x_wconf 94' lang='lat'><strong>,</strong></span> <span class='ocrx_word' id='word_1_817' title='bbox 2000 2911 2093 2933; x_wconf 83' lang='lat' dir='ltr'><strong>coeno-</strong></span> 
     </span>
     <span class='ocr_line' id='line_1_135' title="bbox 1198 2946 2091 2992; baseline 0.002 -12"><span class='ocrx_word' id='word_1_818' title='bbox 1198 2948 1304 2990; x_wconf 78' lang='lat' dir='ltr'><strong>btaque</strong></span> <span class='ocrx_word' id='word_1_819' title='bbox 1325 2946 1447 2987; x_wconf 82' lang='lat' dir='ltr'><strong>illustria</strong></span> <span class='ocrx_word' id='word_1_820' title='bbox 1458 2950 1528 2981; x_wconf 75' lang='lat' dir='ltr'><strong>aliis</strong></span> <span class='ocrx_word' id='word_1_821' title='bbox 1545 2954 1577 2981; x_wconf 85' lang='lat' dir='ltr'><strong>in</strong></span> <span class='ocrx_word' id='word_1_822' title='bbox 1594 2951 1763 2981; x_wconf 79' lang='lat' dir='ltr'><strong>Provinciis</strong></span> <span class='ocrx_word' id='word_1_823' title='bbox 1771 2946 1829 2988; x_wconf 84' lang='lat' dir='ltr'><strong>fita</strong></span> <span class='ocrx_word' id='word_1_824' title='bbox 1841 2972 1852 2988; x_wconf 90' lang='lat'><strong>,</strong></span> <span class='ocrx_word' id='word_1_825' title='bbox 1877 2947 2002 2991; x_wconf 81' lang='lat' dir='ltr'><strong>aliisque</strong></span> <span class='ocrx_word' id='word_1_826' title='bbox 2012 2953 2091 2992; x_wconf 66' lang='lat' dir='ltr'><strong>Epi-</strong></span> 
     </span>
     <span class='ocr_line' id='line_1_136' title="bbox 1194 2995 2093 3041; baseline 0.001 -11"><span class='ocrx_word' id='word_1_827' title='bbox 1194 2997 1290 3041; x_wconf 86' lang='lat' dir='ltr'><strong>scopis</strong></span> <span class='ocrx_word' id='word_1_828' title='bbox 1296 2995 1428 3041; x_wconf 62' lang='lat' dir='ltr'><strong>subiebla</strong></span> <span class='ocrx_word' id='word_1_829' title='bbox 1440 3022 1450 3038; x_wconf 96' lang='lat'><strong>,</strong></span> <span class='ocrx_word' id='word_1_830' title='bbox 1477 2997 1544 3041; x_wconf 84' lang='lat' dir='ltr'><strong>ipfis</strong></span> <span class='ocrx_word' id='word_1_831' title='bbox 1560 3004 1669 3040; x_wconf 85' lang='lat' dir='ltr'><strong>eripuit</strong></span> <span class='ocrx_word' id='word_1_832' title='bbox 1682 3024 1692 3039; x_wconf 91' lang='lat'>‚</span> <span class='ocrx_word' id='word_1_833' title='bbox 1720 3001 1754 3032; x_wconf 64' lang='lat'><strong>(5</strong></span> <span class='ocrx_word' id='word_1_834' title='bbox 1775 2999 1981 3032; x_wconf 71' lang='lat' dir='ltr'><strong>santabareno</strong></span> <span class='ocrx_word' id='word_1_835' title='bbox 1997 3001 2093 3034; x_wconf 74' lang='lat' dir='ltr'><strong>tradi-</strong></span> 
     </span>
     <span class='ocr_line' id='line_1_137' title="bbox 1199 3047 2095 3092; baseline -0.001 -11"><span class='ocrx_word' id='word_1_836' title='bbox 1199 3050 1246 3081; x_wconf 85' lang='lat' dir='ltr'><strong>dit</strong></span> <span class='ocrx_word' id='word_1_837' title='bbox 1256 3073 1267 3089; x_wconf 85' lang='lat'>‚</span> <span class='ocrx_word' id='word_1_838' title='bbox 1294 3051 1338 3080; x_wconf 72' lang='lat' dir='ltr'><strong>ita</strong></span> <span class='ocrx_word' id='word_1_839' title='bbox 1353 3058 1385 3081; x_wconf 85' lang='lat' dir='ltr'><strong>ut</strong></span> <span class='ocrx_word' id='word_1_840' title='bbox 1398 3048 1620 3081; x_wconf 82' lang='lat' dir='ltr'><strong>Euchaitarum</strong></span> <span class='ocrx_word' id='word_1_841' title='bbox 1630 3047 1762 3090; x_wconf 77' lang='lat' dir='ltr'><strong>Ecclefiae</strong></span> <span class='ocrx_word' id='word_1_842' title='bbox 1777 3051 1970 3092; x_wconf 79' lang='lat' dir='ltr'><strong>jungerentur</strong></span> <span class='ocrx_word' id='word_1_843' title='bbox 1983 3075 1993 3090; x_wconf 93' lang='lat'><strong>,</strong></span> <span class='ocrx_word' id='word_1_844' title='bbox 2016 3048 2095 3092; x_wconf 73' lang='lat' dir='ltr'><strong>sitos-</strong></span> 
     </span>
     <span class='ocr_line' id='line_1_138' title="bbox 1200 3097 2091 3141; baseline -0.001 -11"><span class='ocrx_word' id='word_1_845' title='bbox 1200 3110 1254 3140; x_wconf 89' lang='lat' dir='ltr'><strong>que</strong></span> <span class='ocrx_word' id='word_1_846' title='bbox 1286 3101 1315 3131; x_wconf 85' lang='grc' dir='ltr'>Ε</span> <span class='ocrx_word' id='word_1_847' title='bbox 1315 3097 1446 3140; x_wconf 83' lang='lat' dir='ltr'><strong>piscopos</strong></span> <span class='ocrx_word' id='word_1_848' title='bbox 1467 3099 1487 3130; x_wconf 77' lang='grc' dir='ltr'><em>ἃ</em></span> <span class='ocrx_word' id='word_1_849' title='bbox 1521 3099 1729 3132; x_wconf 73' lang='lat' dir='ltr'><strong>Santabareno</strong></span> <span class='ocrx_word' id='word_1_850' title='bbox 1747 3104 1886 3132; x_wconf 83' lang='lat' dir='ltr'><strong>initiatos</strong></span> <span class='ocrx_word' id='word_1_851' title='bbox 1910 3106 2091 3141; x_wconf 83' lang='lat' dir='ltr'><strong>acciperent.</strong></span> 
     </span>
     <span class='ocr_line' id='line_1_139' title="bbox 1202 3147 2098 3192; baseline 0.001 -11"><span class='ocrx_word' id='word_1_852' title='bbox 1202 3149 1286 3181; x_wconf 86' lang='lat' dir='ltr'><strong>Ecce</strong></span> <span class='ocrx_word' id='word_1_853' title='bbox 1309 3147 1443 3181; x_wconf 86' lang='lat' dir='ltr'><strong>illustria</strong></span> <span class='ocrx_word' id='word_1_854' title='bbox 1463 3147 1657 3182; x_wconf 85' lang='lat' dir='ltr'><strong>monasteria</strong></span> <span class='ocrx_word' id='word_1_855' title='bbox 1680 3160 1748 3182; x_wconf 89' lang='lat' dir='ltr'><strong>non</strong></span> <span class='ocrx_word' id='word_1_856' title='bbox 1763 3147 2016 3192; x_wconf 83' lang='lat' dir='ltr'><strong>Presbyterum,</strong></span> <span class='ocrx_word' id='word_1_857' title='bbox 2042 3148 2098 3182; x_wconf 80' lang='lat' dir='ltr'><strong>sed</strong></span> 
     </span>
     <span class='ocr_line' id='line_1_140' title="bbox 1203 3195 2094 3242; baseline 0.003 -13"><span class='ocrx_word' id='word_1_858' title='bbox 1203 3197 1401 3241; x_wconf 85' lang='lat' dir='ltr'><strong>Episcopum</strong></span> <span class='ocrx_word' id='word_1_859' title='bbox 1424 3195 1588 3232; x_wconf 86' lang='lat' dir='ltr'><strong>habebant</strong></span> <span class='ocrx_word' id='word_1_860' title='bbox 1603 3222 1613 3238; x_wconf 91' lang='lat'>‚</span> <span class='ocrx_word' id='word_1_861' title='bbox 1640 3198 1773 3234; x_wconf 86' lang='lat' dir='ltr'><strong>solitum</strong></span> <span class='ocrx_word' id='word_1_862' title='bbox 1795 3223 1806 3240; x_wconf 91' lang='lat'><strong>,</strong></span> <span class='ocrx_word' id='word_1_863' title='bbox 1833 3197 2094 3242; x_wconf 87' lang='lat' dir='ltr'><strong>Chorepiscopo-</strong></span> 
     </span>
     <span class='ocr_line' id='line_1_141' title="bbox 1201 3247 2096 3293; baseline 0.002 -13"><span class='ocrx_word' id='word_1_864' title='bbox 1201 3258 1272 3280; x_wconf 89' lang='lat' dir='ltr'><strong>rum</strong></span> <span class='ocrx_word' id='word_1_865' title='bbox 1293 3258 1381 3280; x_wconf 89' lang='lat' dir='ltr'><strong>more</strong></span> <span class='ocrx_word' id='word_1_866' title='bbox 1393 3270 1404 3286; x_wconf 91' lang='lat'><strong>,</strong></span> <span class='ocrx_word' id='word_1_867' title='bbox 1431 3247 1612 3282; x_wconf 89' lang='lat' dir='ltr'><strong>consecrari</strong></span> <span class='ocrx_word' id='word_1_868' title='bbox 1631 3248 1672 3282; x_wconf 90' lang='lat' dir='ltr'><strong>ab</strong></span> <span class='ocrx_word' id='word_1_869' title='bbox 1687 3250 1851 3293; x_wconf 86' lang='lat' dir='ltr'><strong>Episcopo</strong></span> <span class='ocrx_word' id='word_1_870' title='bbox 1864 3249 2023 3282; x_wconf 87' lang='lat' dir='ltr'><strong>civitatis.</strong></span> <span class='ocrx_word' id='word_1_871' title='bbox 2051 3249 2096 3282; x_wconf 81' lang='lat' dir='ltr'><strong>Et</strong></span> 
     </span>
     <span class='ocr_line' id='line_1_142' title="bbox 1201 3295 2097 3340; baseline 0.001 -9"><span class='ocrx_word' id='word_1_872' title='bbox 1201 3295 1366 3331; x_wconf 87' lang='lat' dir='ltr'><strong>Adrianus</strong></span> <span class='ocrx_word' id='word_1_873' title='bbox 1386 3297 1509 3340; x_wconf 87' lang='lat' dir='ltr'><strong>primus</strong></span> <span class='ocrx_word' id='word_1_874' title='bbox 1537 3297 1693 3333; x_wconf 85' lang='lat' dir='ltr'><strong>Pontifex</strong></span> <span class='ocrx_word' id='word_1_875' title='bbox 1717 3323 1727 3338; x_wconf 93' lang='lat'>‚</span> <span class='ocrx_word' id='word_1_876' title='bbox 1760 3298 1960 3333; x_wconf 87' lang='lat' dir='ltr'><strong>monasterio</strong></span> <span class='ocrx_word' id='word_1_877' title='bbox 1986 3299 2097 3333; x_wconf 61' lang='lat' dir='ltr'><strong>Sandii</strong></span> 
     </span>
     <span class='ocr_line' id='line_1_143' title="bbox 1203 3346 2097 3392; baseline 0.001 -11"><span class='ocrx_word' id='word_1_878' title='bbox 1203 3347 1356 3389; x_wconf 78' lang='lat' dir='ltr'><strong>Dyonisii</strong></span> <span class='ocrx_word' id='word_1_879' title='bbox 1379 3347 1576 3382; x_wconf 81' lang='lat' dir='ltr'><strong>confirmans</strong></span> <span class='ocrx_word' id='word_1_880' title='bbox 1590 3348 1758 3392; x_wconf 87' lang='lat' dir='ltr'><strong>privilegia</strong></span> <span class='ocrx_word' id='word_1_881' title='bbox 1774 3349 1792 3380; x_wconf 72' lang='lat' dir='ltr'><strong>a</strong></span> <span class='ocrx_word' id='word_1_882' title='bbox 1805 3346 1970 3391; x_wconf 89' lang='lat' dir='ltr'><strong>Stephano</strong></span> <span class='ocrx_word' id='word_1_883' title='bbox 1987 3350 2097 3382; x_wconf 86' lang='lat' dir='ltr'><strong>secun-</strong></span> 
     </span>
     <span class='ocr_line' id='line_1_144' title="bbox 1202 3396 2097 3442; baseline 0 -12"><span class='ocrx_word' id='word_1_884' title='bbox 1202 3396 1249 3430; x_wconf 88' lang='lat' dir='ltr'><strong>do</strong></span> <span class='ocrx_word' id='word_1_885' title='bbox 1267 3398 1412 3431; x_wconf 73' lang='lat' dir='ltr'><strong>concessa</strong></span> <span class='ocrx_word' id='word_1_886' title='bbox 1425 3423 1435 3438; x_wconf 93' lang='lat'><strong>,</strong></span> <span class='ocrx_word' id='word_1_887' title='bbox 1462 3396 1528 3431; x_wconf 79' lang='lat' dir='ltr'><strong>haec</strong></span> <span class='ocrx_word' id='word_1_888' title='bbox 1550 3398 1647 3431; x_wconf 86' lang='lat' dir='ltr'><strong>dicit.</strong></span> <span class='ocrx_word' id='word_1_889' title='bbox 1679 3400 1907 3442; x_wconf 61' lang='lat' dir='ltr'><strong>Promuigamus</strong></span> <span class='ocrx_word' id='word_1_890' title='bbox 1921 3425 1931 3440; x_wconf 92' lang='lat'>‚</span> <span class='ocrx_word' id='word_1_891' title='bbox 1959 3409 1992 3432; x_wconf 85' lang='lat' dir='ltr'><strong>ut</strong></span> <span class='ocrx_word' id='word_1_892' title='bbox 2008 3404 2097 3440; x_wconf 82' lang='lat' dir='ltr'><strong>pem·-</strong></span> 
     </span>
     <span class='ocr_line' id='line_1_145' title="bbox 1201 3446 2095 3491; baseline 0 -12"><span class='ocrx_word' id='word_1_893' title='bbox 1201 3448 1249 3479; x_wconf 73' lang='lat' dir='ltr'><strong>tus</strong></span> <span class='ocrx_word' id='word_1_894' title='bbox 1272 3447 1358 3479; x_wconf 81' lang='lat' dir='ltr'><strong>liceat</strong></span> <span class='ocrx_word' id='word_1_895' title='bbox 1381 3447 1491 3480; x_wconf 81' lang='lat' dir='ltr'><strong>ibidem</strong></span> <span class='ocrx_word' id='word_1_896' title='bbox 1513 3447 1621 3480; x_wconf 63' lang='lat' dir='ltr'><strong>habere</strong></span> <span class='ocrx_word' id='word_1_897' title='bbox 1647 3446 1822 3491; x_wconf 85' lang='lat' dir='ltr'><strong>Episcopum</strong></span> <span class='ocrx_word' id='word_1_898' title='bbox 1836 3473 1846 3488; x_wconf 91' lang='lat'><strong>,</strong></span> <span class='ocrx_word' id='word_1_899' title='bbox 1867 3448 1941 3491; x_wconf 82' lang='lat' dir='ltr'><strong>ficut</strong></span> <span class='ocrx_word' id='word_1_900' title='bbox 1955 3451 1975 3481; x_wconf 78' lang='grc' dir='ltr'><strong>ιὶ</strong></span> <span class='ocrx_word' id='word_1_901' title='bbox 1983 3448 2095 3491; x_wconf 77' lang='lat' dir='ltr'><strong>priscis</strong></span> 
     </span>
     <span class='ocr_line' id='line_1_146' title="bbox 1203 3495 2095 3541; baseline 0.002 -13"><span class='ocrx_word' id='word_1_902' title='bbox 1203 3497 1378 3540; x_wconf 80' lang='lat' dir='ltr'><strong>temporibus</strong></span> <span class='ocrx_word' id='word_1_903' title='bbox 1405 3499 1438 3532; x_wconf 60' lang='grc' dir='ltr'>Θ</span> <span class='ocrx_word' id='word_1_904' title='bbox 1463 3495 1553 3541; x_wconf 85' lang='lat' dir='ltr'><strong>usque</strong></span> <span class='ocrx_word' id='word_1_905' title='bbox 1563 3496 1795 3539; x_wconf 67' lang='lat' dir='ltr'><strong>hallcnussuit.</strong></span> <span class='ocrx_word' id='word_1_906' title='bbox 1825 3497 1995 3534; x_wconf 89' lang='lat' dir='ltr'><strong>Videndus</strong></span> <span class='ocrx_word' id='word_1_907' title='bbox 2007 3499 2095 3541; x_wconf 82' lang='lat' dir='ltr'><strong>apud.</strong></span> 
     </span>
    </p>

    <p class='ocr_par' dir='ltr' id='par_1_26' title="bbox 1649 3548 2047 3593">
     <span class='ocr_line' id='line_1_147' title="bbox 1649 3548 2047 3593; baseline 0.003 -10"><span class='ocrx_word' id='word_1_908' title='bbox 1649 3548 1680 3583; x_wconf 90' lang='lat' dir='ltr'><strong>K</strong></span> <span class='ocrx_word' id='word_1_909' title='bbox 1732 3560 1753 3585; x_wconf 78' lang='lat'>2</span> <span class='ocrx_word' id='word_1_910' title='bbox 1954 3548 2047 3593; x_wconf 87' lang='lat' dir='ltr'><strong>Jaco-</strong></span> 
     </span>
    </p>
   </div>
   <div class='ocr_carea' id='block_1_20' title="bbox 2117 2391 2278 2432">
    <p class='ocr_par' dir='ltr' id='par_1_27' title="bbox 2117 2391 2278 2432">
     <span class='ocr_line' id='line_1_148' title="bbox 2117 2391 2278 2432; baseline 0 -8"><span class='ocrx_word' id='word_1_911' title='bbox 2117 2391 2202 2432; x_wconf 83' lang='lat' dir='ltr'><strong>Epist.</strong></span> <span class='ocrx_word' id='word_1_912' title='bbox 2229 2403 2278 2431; x_wconf 54' lang='grc' dir='ltr'><strong>ις,</strong></span> 
     </span>
    </p>
   </div>
  </div>
 </body>
</html>
