2340 3736
103 717 167 751 cap.
193 712 257 748 143,

99 2294 222 2337 Epist.69

343 177 444 227 256-
668 182 719 206 2*
786 181 827 199 ·«
964 172 1009 217 A·
1042 180 1122 214 1⁵⁴1>
1155 181 1180 214 ε
1215 166 1364 216 nim
1395 181 1423 216 'x

280 262 348 289 tam
359 278 370 294 ‚
396 255 431 288 ὁ·
443 251 731 298 inventi-apostolica
748 265 839 290 manu
850 255 1059 289 emendatam.
1087 253 1138 288 Ita
1152 254 1170 287 a

280 303 399 338 Sancto
422 304 588 351 Gregorio
607 305 761 351 Magno,
786 307 946 341 Romane
957 304 1106 338 Ecclefiae
1118 301 1170 337 ad-

279 352 349 388 huc
372 353 725 398 CardinalilDiacono
750 381 762 398 ,
797 358 832 391 δε
854 354 1063 398 Apocrisario
1083 353 1170 396 apud

282 403 463 440 Tiberium
481 406 669 451 Augustum
682 430 693 448 ‚
720 407 814 441 fuisse
823 406 962 440 relatum
976 405 1094 439 Sancto
1105 403 1171 437 Eu-

282 453 377 499 logio
398 454 590 490 Patriarehae
610 455 839 492 Alexandrino
851 479 865 497 ,
890 465 970 490 tunc
980 453 1089 489 adhuc
1100 465 1172 488 mo·

284 504 395 538 nacho
418 505 452 539 ὅ(
472 505 597 542 Abbati
617 530 630 549 ,
654 507 789 542 testaturv
805 504 1012 549 Sophronius
1033 528 1044 545 ,
1068 504 1172 539 addit-

278 565 345 598 que
355 555 518 601 insignem
529 556 801 592 &authenticam
813 556 1049 599 visionem,qua
1057 553 1171 589 Theo·

278 604 503 647 doretus,.ex
530 607 638 642 Sancsti
660 607 798 652 Eulogii
808 606 985 641 Secretario
997 605 1172 640 Darnensis

277 655 318 689 in
339 655 448 699 Lybia
465 657 646 702 Episcopus
657 681 668 698 ‚
693 657 863 692 laudatum
876 656 1075 698 Pontificem
1087 656 1170 690 Leo-

275 716 359 740 nem
374 706 456 741 vidit
467 706 622 752 agentem
632 707 784 742 solennes
793 707 913 752 gratias
923 706 1058 742 laudato
1071 705 1171 740 Eulo-

276 756 342 801 gio
361 757 407 791 ob
417 757 556 792 laudatae
567 757 721 801 Epistolae,
729 758 902 793 adversum
913 757 1128 792 Nessorianos
1137 755 1171 789 δε

280 806 550 851 Eutychianistas
569 804 738 842 strenuam*
745 808 965 843 defensionem
978 833 985 840 .
995 819 1002 825 ⁷

273 865 279 880 ‘¹
332 859 377 893 Et
398 867 479 892 tunc
500 857 635 901 quidam
654 858 843 895 existimant
856 858 1000 898 factum,
1024 856 1113 901 quod
1128 855 1169 890 ad

274 909 500 943 =Ctesconium
522 909 559 943 &
577 908 782 943 Germanum
811 934 823 951 ‚
852 908 1014 943 Anastafii
1037 905 1169 942 secundi

281 959 458 994 Pontificis
479 958 567 1003 apud
590 958 796 994 Anastafium
823 957 1013 1004 Augustum
1034 968 1092 1002 pro
1113 968 1166 991 ex-

279 1008 480 1055 stinguendo
503 1007 673 1043 Acaciano
693 1007 866 1044 schismate
887 1010 1036 1054 legatoS,
1062 1006 1171 1052 quaesti

279 1061 413 1094 fuerunt
435 1058 615 1098 Dioscorus
638 1058 813 1102 Presbyter
832 1059 865 1095 &
886 1058 1083 1093 Cheraemon
1110 1057 1172 1092 Le-

272 1111 349 1143 ·‹stor
368 1133 380 1150 ‚
416 1108 565 1143 Ecclefiae
593 1108 827 1153 Alexandrinae
843 1110 893 1143 -in⁴
909 1109 1018 1154 Regia
1039 1108 1170 1143 civitate

279 1158 313 1194 A
317 1158 406 1203 pocri
411 1159 482 1192 sarii
495 1171 503 1191 :
530 1158 688 1198 Eutychen
696 1161 855 1202 impizffimo
866 1168 968 1193 contra
974 1157 1068 1201 fidem
1079 1183 1088 1200 ,
1102 1170 1170 1201 quae

278 1212 302 1242 ἃ
323 1209 488 1250 beatiffimis
510 1208 826 1253 Apostolispraedicata
838 1209 876 1251 est
887 1234 898 1250 ,
921 1208 1068 1253 sentiente
1078 1209 1111 1242 (⁶5
1121 1211 1168 1242 do-

281 1270 343 1294 cere
364 1269 523 1302 tentante,
549 1266 670 1305 contigit
684 1269 742 1303 per
762 1262 842 1295 idem
863 1264 981 1302 tempus
995 1261 1082 1294 Sedis
1096 1263 1167 1301 Apo-

276 1310 384 1352 stolicae
407 1310 571 1355 Praesulem
593 1321 664 1345 tunc
685 1315 811 1345 Leonem
828 1312 946 1352 litteras
958 1311 1001 1343 ad
1011 1310 1168 1347 Chalcedo-

278 1359 369 1404 nense
379 1364 542 1395 Concilium
553 1362 698 1402 destinare
709 1386 720 1404 ‚
746 1373 872 1405 quarum
884 1360 973 1403 fuere
990 1363 1167 1402 interpretes

279 1410 313 1444 hi
325 1434 336 1450 ‚
361 1417 411 1453 qui
433 1423 499 1445 cum
518 1412 696 1447 Theodorcto
717 1416 859 1452 Cyrorum
876 1416 1014 1446 civitatis
1023 1410 1166 1454 Epiftopo

271 1461 482 1503 wucfuerant
504 1462 694 1503 Nestorianae
704 1461 820 1504 baerefis
826 1461 988 1506 sediatores
998 1475 1011 1495 .-
1035 1464 1083 1495 Et
1106 1472 1167 1494 con-

270 1515 330 1545 stra
340 1523 406 1546 eam
412 1513 506 1555 fidem
519 1537 530 1555 ,
556 1525 624 1556 quae
646 1516 667 1546 ἃ
685 1513 908 1547 venerabilibus
919 1516 1058 1547 trecentis
1071 1512 1167 1546 decem

279 1563 316 1595 s&
326 1562 386 1594 oc‘io
399 1563 542 1596 Patribus
555 1563 594 1604 est
603 1563 687 1596 edita
692 1562 788 1607 fiaprci
799 1572 972 1598 memorata
980 1564 1168 1608 litteraepro-

278 1610 389 1645 bantur
409 1612 546 1653 existere.
575 1616 621 1645 Et
641 1625 700 1647 non
718 1622 839 1657 parvas
850 1614 1002 1658 occafiones
1014 1615 1062 1649 bis
1073 1638 1085 1655 ,
1111 1620 1167 1659 qui

278 1661 411 1705 ejusdem
422 1662 618 1705 nefandiffimi
630 1664 758 1706 Nestorii
768 1664 966 1710 blasphemias
984 1663 1145 1700 vindicant
1155 1689 1166 1706 ‚

274 1713 481 1756 praestiterunt
507 1739 518 1755 ,
554 1720 600 1748 ita
621 1725 655 1749 ut
676 1719 811 1750 licentius
833 1715 1009 1761 adseverent
1031 1718 1166 1751 eumdem

276 1763 448 1803 Nestorium
458 1767 581 1799 minime
587 1765 733 1810 perversa
740 1766 867 1811 senfiffe.
894 1774 952 1803 His
974 1773 1065 1811 igitur
1075 1766 1165 1809 caufis

277 1817 342 1848 Deo
352 1815 494 1848 amabilis
503 1818 630 1858 populus
647 1817 738 1858 noster
748 1815 875 1861 offensus
888 1815 926 1856 est
940 1842 952 1859 ,
978 1819 1013 1852 Θ
1022 1819 1060 1851 de
1064 1829 1167 1862 graeca

277 1866 475 1899 translatione
496 1866 664 1900 arbitratus
685 1874 719 1901 in
731 1870 824 1901 latino
835 1879 946 1911 quoque
955 1867 1088 1912 sermone
1097 1879 1166 1901 eun-

277 1915 347 1947 dem
351 1913 473 1958 sensum
484 1922 647 1958 contineri,
672 1929 707 1950 ac
710 1917 775 1961 sese
785 1918 823 1951 ab
836 1925 951 1952 unitate
962 1922 1112 1951 Romame
1121 1919 1166 1950 di-

279 1964 347 2006 viſst
368 1965 501 2009 Ecclefi'ae
524 1991 530 1997 .
559 1971 627 2000 Nec
652 1978 710 2000 non
733 1973 824 2000 etiam
844 1972 994 2002 Romanus
1019 1967 1165 2008 Antistes,

276 2014 451 2055 existimans
474 2027 527 2049 nos
548 2025 652 2050 contra
674 2028 740 2051 eam
749 2017 843 2059 fidem
854 2043 866 2060 ‚
892 2029 959 2061 quae
968 2019 1087 2051 tradita
1097 2017 1135 2058 est
1145 2020 1166 2050 ἃ

275 2064 442 2105 beatiffimis
454 2066 590 2108 Aptstolis
603 2091 614 2107 ‚
640 2066 812 2111 conspirasse
824 2093 834 2109 ,
859 2070 880 2101 ἃ
893 2068 990 2109 nostra
1000 2065 1024 2110 s
1018 2079 1032 2101 e
1043 2079 1166 2101 commu-

276 2119 361 2149 nione
375 2114 551 2159 suspendit.
582 2117 731 2152 Graecam
751 2117 890 2153 laudatae
902 2118 1056 2161 Epistolae
1066 2119 1164 2152 trans-

275 2164 435 2201 lationem
462 2167 555 2201 fuisse
566 2166 608 2201 de
619 2167 776 2201 Nestorio
795 2167 961 2208 vitiatam,
988 2179 1026 2202 ac
1048 2166 1166 2202 exinde

276 2215 441 2251 turbatam
456 2218 636 2252 Ecclesiam
649 2217 931 2259 Alexandrinam,
956 2218 1002 2252 est
1023 2217 1165 2252 omnino

273 2276 389 2300 verum
402 2292 409 2299 .
437 2267 558 2311 Liquet
569 2279 611 2301 ex
622 2268 740 2303 litteris
760 2269 866 2302 Sanbti
879 2269 1004 2303 Leonis
1020 2269 1115 2311 Papae
1124 2268 1165 2302 ad

264 2316 486 2351 'Marcianum
510 2316 719 2362 Augustum:
746 2321 833 2363 ,Quia
844 2320 1039 2362 quorumdam
1049 2319 1165 2352 haereti-

274 2378 372 2399 corum
393 2366 518 2409 versuta
541 2374 701 2410 nequitia,
726 2371 770 2402 ad
790 2369 1028 2403 conturbandam
1040 2370 1166 2403 aliorum

268 2414 486 2459 simplicitatem
509 2442 519 2459 ‚
546 2417 711 2460 Epistolam
733 2430 833 2452 meam
853 2443 863 2459 ‚
889 2431 982 2462 quam
1002 2420 1049 2452 ad
1069 2420 1166 2453 beatae

243 2487 247 2509 -1
275 2472 423 2501 memoriae
447 2468 635 2501 Flavianum
650 2469 754 2515 dedi,
773 2468 895 2512 falsasse
913 2468 1106 2511 perhibetur,
1129 2477 1166 2502 ut

274 2522 462 2552 commutatis
485 2516 662 2560 quibusdam
672 2520 785 2552 litteris
796 2520 849 2552 vel
854 2517 974 2561 sillabis
987 2527 1164 2560 receptorem

274 2579 322 2601 me
342 2567 513 2609 Nestoriant
531 2572 640 2601 erroris
661 2569 816 2612 offerrret,
844 2567 956 2612 obsecro
966 2569 1165 2602 venerabilem

274 2620 472 2652 Clementiam
491 2617 640 2659 vestram,
666 2627 701 2651 ut
720 2620 854 2653 eamdem
873 2618 1041 2661 Epistulam
1047 2627 1103 2661 per
1114 2630 1165 2652 ve-

275 2669 438 2709 mrabilem
450 2668 586 2711 fratrem
608 2675 705 2702 meum
719 2673 751 2714 J
754 2669 889 2703 alianum
910 2668 1077 2703 Coensem
1089 2672 1166 2711 Epi-

272 2718 411 2763 scopum,
437 2719 491 2753 vel
508 2731 554 2753 eos
567 2743 578 2759 ,
605 2731 676 2762 quos
697 2721 817 2753 idoneos
838 2720 884 2752 ad
896 2718 947 2753 hoc
968 2727 1042 2761 opus
1061 2721 1164 2752 Pietas

277 2769 378 2809 vestra
400 2770 561 2814 delegerit,
587 2774 619 2802 in
634 2781 766 2814 graecum
772 2769 938 2813 sermonem
943 2769 1081 2810 ‚iubeam
1092 2776 1166 2803 inte-

276 2822 351 2864 gre,
377 2821 590 2864 diligenterque
603 2820 809 2859 translatam,
829 2828 887 2862 per
897 2820 1033 2858 idoneum
1042 2820 1165 2853 latorem

277 2869 331 2914 sub
352 2870 440 2911 vestri
464 2868 597 2915 signaculi
617 2871 792 2912 imprefflone
813 2869 926 2911 deferri
944 2892 955 2908 ,
982 2871 1166 2904 tradendam

276 2921 428 2962 judicibus
444 2921 659 2954 Alexandrinis
667 2945 678 2959 ‚
706 2927 758 2964 qui
771 2932 839 2954 eam
850 2921 934 2954 clero
944 2921 979 2953 ὃ·
985 2920 1067 2962 plebi
1079 2919 1165 2962 ipfius

282 2975 417 3002 civitatis
429 2970 552 3011 faciant
572 2976 717 3011 recitari,
744 2979 779 3004 ut
802 2969 961 3014 agnoscant
969 2968 1165 3013 ftfallacium

284 3018 434 3053 bominum
451 3020 563 3062 fraude
583 3022 706 3055 ulterius
725 3022 819 3063 decipi
837 3032 894 3053 non
907 3019 1035 3059 debere,
1058 3020 1092 3053 ὢ*
1101 3028 1166 3061 pro-

282 3070 389 3103 bentur
413 3070 573 3110 Apostolicae
593 3073 677 3106 Sedis
694 3069 806 3115 synceri
830 3071 883 3116 esse
898 3068 1055 3113 discipuli,
1081 3071 1169 3112 apud

281 3131 372 3162 quam
392 3130 441 3153 nec
461 3120 605 3157 Eutyches
630 3133 680 3154 nec
701 3121 856 3162 Nestorius
877 3122 971 3154 ullum
982 3120 1117 3153 obtinent
1128 3121 1167 3153 lo-

282 3181 346 3204 cum
357 3184 368 3204 .-
394 3167 556 3213 .Quiaficut
566 3172 638 3202 alios
652 3171 806 3205 haereticos
818 3196 828 3211 ,
855 3176 902 3203 ita
917 3172 951 3204 Θ
960 3169 1026 3211 istos
1039 3169 1168 3212 Ecclesia

284 3218 464 3264 universalis
485 3219 648 3252 damnavit
674 3246 681 3253 .
718 3221 821 3267 Qod
851 3221 981 3255 vitiatio
1001 3221 1062 3255 ista
1085 3222 1167 3255 facta

284 3271 380 3304 fuerit
395 3271 427 3303 in
441 3267 703 3303 Chalcedonenfi
716 3270 873 3304 Concilio
883 3292 894 3309 ‚
909 3271 952 3304 ’δε
964 3271 1079 3305 vitiata
1091 3271 1166 3314 Epi·

283 3319 368 3352 stola
386 3320 427 3352 ad
447 3320 562 3354 Patres
582 3319 716 3353 recitata
739 3344 750 3360 ,
778 3331 950 3362 nunquam
976 3320 1166 3355 credidero:

284 3368 418 3405 Etenim
443 3371 576 3404 Sanctus
596 3368 803 3404 Paschafinus
816 3393 828 3409 ‚
854 3369 1013 3411 Romanae
1022 3371 1169 3406 Ecclefiae

284 3420 426 3463 Legatus
438 3442 448 3458 ‚
473 3420 564 3462 graeci
578 3420 734 3453 sermonis
743 3430 811 3454 erat
824 3418 919 3463 plene
930 3421 1067 3463 peritus.
1081 3419 1167 3455 Ade-

284 3479 332 3502 rat
352 3468 450 3502 etiam
475 3468 622 3511 Julianus
643 3469 826 3513 Episcopus
846 3469 1000 3503 Coenfis.
1029 3472 1169 3506 Etinter

1232 254 1415 289 sanffiffimi
1437 279 1451 295 ,
1474 255 1637 298 eiusmodi
1655 259 1803 305 strophas
1825 261 2031 309 nequaquam
2054 269 2125 313 peri

1232 304 1355 338 miss'uri
1384 329 1391 336 ·
1430 305 1506 339 Nec
1524 307 1642 347 fastam
1660 310 1826 347 credidero
1836 325 1906 358 sper
1926 314 2120 353 Theodore-

1232 364 1322 388 tum:
1352 354 1415 389 Vir
1437 355 1498 389 iste
1513 356 1628 391 doctus
1637 359 1806 397 &sanctus
1817 364 1881 399 fuit
1891 363 2016 402 dudum
2029 369 2118 413 quasi

1230 415 1325 448 caper
1336 405 1514 440 emissarius
1524 429 1535 445 ‚
1560 407 1597 440 in
1608 419 1706 452 quem
1719 409 1973 453 Eutychianistae
1989 420 2120 452 cunctas

1231 455 1302 489 suas
1323 454 1590 499 criminationes,
1618 459 1652 492 &
1663 462 1778 493 cuncta
1792 461 2063 503 Nestorianofum
2075 468 2122 504 fa,-

1231 506 1344 541 cinora
1368 518 1410 542 ex
1422 507 1504 542 odio
1514 510 1722 554 congessere.
1746 509 1844 546 Absit
1852 521 1875 554 ,a
1885 517 2031 552 utinum
2042 519 2121 553 San.

1232 557 1298 590 stus
1319 556 1392 591 Leo
1417 568 1513 593 vocet
1533 557 1720 593 haereticum
1733 585 1744 600 ‚
1771 560 1940 604 fallacem,
1954 568 2119 612 simplicis

1233 605 1348 650 populi
1367 606 1566 644 seductorem
1577 635 1585 643 .
1613 609 1766 644 Adducta
1776 611 1846 655 ejus
1862 613 1904 647 ad
1916 614 2118 653 Mattianum

1233 655 1423 701 Augustum
1443 657 1594 702 Epistola
1615 661 1690 695 data
1710 662 1774 695 fuit
1795 664 1915 704 quinto
1937 664 2012 699 idus
2032 666 2119 702 Mar-

1232 705 1318 747 tias,
1345 705 1622 745 AEti0&Studio
1636 711 1838 747 Consulibus
1857 737 1869 754 ,
1894 713 1983 749 anno
2001 717 2120 751 Domi-

1233 757 1268 791 ni
1279 757 1598 803 quadringentefimo
1609 763 1879 808 quinquagesimo
1897 774 2014 809 quarto
2026 790 2036 807 ,
2061 768 2120 811 qui

1232 807 1279 841 est
1299 807 1412 844 tertius
1426 808 1497 852 post
1518 811 1702 854 praesentem
1722 813 1919 857 Synodum:
1951 814 2119 852 Adfirmat

1235 857 1534 894 vitiationemtunc
1543 862 1637 896 fuisse
1649 874 1831 898 recentem.
1858 866 1989 900 Fabiam
2009 867 2119 902 existi-

1232 919 1289 943 mo
1310 909 1382 951 post
1404 910 1637 946 confirmatum
1660 912 1679 946 ὲ
1702 913 1856 949 Romana
1870 915 2056 952 Ecclesiain
2068 929 2120 953 ca-

1231 955 1346 993 thedra
1369 958 1595 996 Alexandrina
1616 962 1768 997 Sanstum
1780 963 1966 1001 Proterium
1977 967 1994 1000 ὲ
2005 963 2119 1013 degra-

1231 1008 1299 1043 dati
1313 1008 1348 1043 &
1358 1009 1494 1055 relegati
1505 1011 1665 1046 Dioscoii
1673 1012 1956 1050 turbulentissimis
1967 1018 2120 1062 Sequaci·

1233 1058 1293 1093 bus
1313 1058 1608 1103 desperantibusde
1619 1063 1762 1106 ejusdem
1776 1065 1930 1100 Dioscori
1940 1067 2120 1103 restitutio·

1232 1121 1296 1150 ne,
1322 1108 1461 1152 ideoque
1480 1112 1515 1146 ἀ
1535 1111 1686 1147 Leonem
1706 1112 1902 1150 Pontificem
1925 1116 1960 1150 &
1973 1117 2118 1153 nostram

1231 1159 1406 1203 synodum
1425 1160 1467 1196 de
1488 1161 1683 1198 Nestoriana
1700 1163 1753 1199 lue
1766 1165 2001 1210 incipientibus
2009 1169 2119 1211 palam

1229 1209 1444 1247 calumniari.
1493 1247 1504 1254 *s
1540 1239 1543 1245 ,
1581 1229 1593 1241 ,-

1266 1259 1471 1296 Ἐκέοάειη
1494 1262 1611 1299 codice
1630 1264 1780 1301 laudatus
1791 1265 2026 1304 Beronicianus
2036 1269 2120 1315 legit

1232 1310 1316 1346 varia
1327 1311 1435 1347 Sancti
1447 1312 1567 1348 Hilarii
1579 1314 1788 1350 pictaviensis
1801 1341 1812 1358 ,
1839 1319 1947 1352 Sansti
1961 1319 2116 1364 Gregorii

1229 1360 1432 1402 Nazian'zeni
1454 1387 1465 1403 ,
1491 1364 1600 1398 Sanffl
1627 1364 1791 1401 Ambrosii
1815 1390 1826 1406 ‚
1851 1369 1957 1402 Sancti
1983 1370 2120 1412 joannis

1229 1409 1481 1455 Chrysostomi,
1506 1414 1844 1461 Sanffl‘Augustini‚
1871 1418 1904 1452 δε
1926 1419 2123 1464 SanctiCy·

1229 1461 1294 1495 rilli
1314 1462 1532 1498 Alexandrini
1556 1464 1650 1508 loca,
1677 1467 1902 1512 dogmaticam
1915 1469 2021 1503 Sansii
2034 1470 2118 1505 Leo-

1228 1512 1279 1549 nis
1294 1512 1482 1559 'Epistolam
1503 1514 1754 1557 confirmantia,
1779 1517 2051 1564 ostendentiaque
2072 1521 2120 1565 ip-

1229 1567 1294 1600 sam
1315 1566 1335 1599 i
1355 1565 1537 1601 sanstus-um
1557 1564 1690 1600 Patrum
1701 1567 1904 1602 conseffione
1916 1581 1978 1604 nec
1989 1570 2031 1604 ad
2053 1571 2120 1614 api-

1229 1627 1300 1651 cem
1309 1615 1452 1650 deviasle
1464 1641 1471 1648 .
1500 1615 1545 1649 Et
1554 1613 1633 1650 hinc
1648 1615 1697 1650 illi
1709 1617 1895 1652 faustiffima
1909 1630 1947 1652 ac
1968 1620 2120 1654 sanstiffi-

1229 1668 1284 1701 ma
1306 1665 1530 1701 adclamarunt
1551 1665 1705 1710 Episcopi
1727 1677 1843 1701 omnes
1857 1693 1868 1709 ,
1892 1668 1926 1702 ὃς
1946 1668 2118 1704 addidere:

1232 1722 1356 1751 Haec·in
1378 1714 1497 1760 Epheso
1514 1726 1564 1751 cur
1585 1716 1660 1751 ledia
1681 1727 1739 1750 non
1747 1715 1845 1760 sunt?
1870 1723 1944 1752 Haec
1963 1718 2118 1764 Dioscorus

1231 1768 1410 1803 occultavit.
1599 1782 1602 1785 ⁴

1280 1818 1406 1853 Verum
1425 1817 1466 1852 de
1490 1818 1593 1853 tribus
1616 1819 1773 1862 Epistolae
1792 1820 1953 1863 capitibus
1977 1846 1990 1862 ‚
2026 1820 2114 1865 quasi

1231 1868 1348 1913 partim
1368 1867 1598 1911 Eutycheten‚
1625 1868 1740 1912 partim
1759 1869 1950 1904 Nestorium
1969 1870 2118 1906 redolen-

1229 1920 1337 1957 tibus,
1361 1917 1551 1952 dubitarunt
1565 1918 1744 1962 Illyriciani
1762 1931 1800 1954 ac
1810 1918 1973 1955 Palaestini
1987 1922 2119 1964 Episco-

1231 1970 1285 2013 pi,
1310 1979 1393 2012 quos
1412 1966 1547 2003 tandem
1557 1979 1599 2002 ex
1610 1968 1769 2002 similibus
1781 1970 1889 2003 Sanffl
1901 1970 2021 2013 Cyrilli
2036 1971 2118 2006 locis
2137 2002 2140 2006 ,

1232 2019 1462 2054 illuminarunt
1484 2016 1601 2053 AEtius
1613 2019 1764 2053 Ecclefiae
1774 2019 2118 2064 Constantinopolita-

1231 2081 1278 2103 nae
1302 2067 1592 2110 Archi-Diaconus
1603 2093 1615 2110 ,
1642 2069 1676 2102 dc
1695 2068 1844 2103 laudatus
1861 2069 2117 2105 Theodoretus.

1231 2120 1315 2168 Qae
1337 2118 1473 2158 omnia,
1499 2118 1550 2152 uti
1572 2118 1607 2151 ὅ(
1630 2117 1719 2163 plura
1732 2119 1818 2160 alia,
1845 2120 2119 2163 partimaNesto-

1232 2169 1332 2203 rianis
1343 2192 1354 2209 ,
1383 2168 1501 2212 partim
1513 2167 1554 2202 ab
1566 2168 1826 2212 Eutychianistis
1836 2170 1965 2215 culpata
1977 2170 2119 2214 ejusdem
2133 2183 2138 2188 ·

1233 2218 1383 2264 Epistola
1404 2218 1500 2260 loca,
1526 2218 1648 2263 largius
1667 2218 1846 2254 elucidavit
1866 2221 1899 2255 in
1922 2231 2039 2265 quarto
2060 2221 2119 2256 ad-

1228 2269 1337 2304 versus
1351 2267 1573 2312 Eutychetem
1585 2267 1669 2303 libro
1681 2271 1815 2304 Sanctus
1830 2270 1974 2316 Vigilius
1988 2271 2119 2315 Episco-

1231 2331 1291 2364 pus
1314 2319 1537 2353 Tridentinus
1556 2342 1563 2349 -
1592 2318 1641 2355 Etr
1659 2318 1743 2354 istud
1767 2320 1975 2360 Theodoreti
1995 2323 2117 2356 fastum

1230 2369 1396 2414 insigniter
1421 2368 1533 2403 laudat
1566 2370 1740 2404 Facundus
1764 2369 1945 2414 Episcopus
1964 2371 2118 2406 Hermia-

1229 2420 1335 2454 nensis
1349 2431 1356 2451 :
1380 2418 1577 2453 Theodoretus
1587 2419 1792 2452 deliberationi
1801 2431 1836 2453 ac
1848 2420 2014 2462 definitioni
2024 2421 2116 2455 Chal·
2134 2421 2165 2450 L·
2179 2429 2207 2450 ²·
2227 2431 2255 2454 c.
2267 2434 2292 2454 1.

1228 2467 1388 2510 cedonenfis
1407 2469 1510 2507 synodi
1532 2467 1693 2509 interfuit,
1719 2478 1810 2512 atque
1832 2470 2000 2512 Epistolaem
2021 2474 2118 2514 Papae

1230 2524 1360 2558 Leonis,
1384 2517 1527 2556 Eutychis
1548 2519 1728 2551 dementiam
1750 2518 1954 2560 confutantem
1969 2546 1980 2562 ,
2007 2521 2050 2554 ibi
2069 2523 2119 2556 de-

1221 2570 1328 2612 fendit
1340 2593 1350 2609 ,
1377 2570 1412 2602 ὠ*
1432 2566 1611 2611 quibusdam
1632 2570 1732 2602 minus
1755 2571 1987 2614 intelligentibus
2007 2571 2118 2605 restam

1227 2620 1281 2664 effe
1304 2618 1501 2659 monstravit.
1528 2618 1573 2651 Et
1595 2618 1679 2653 infra
1702 2619 1737 2652 in
1757 2630 1873 2663 quarto
1884 2619 2026 2663 ejusdem
2041 2621 2118 2659 libri

1228 2668 1333 2713 capite
1346 2682 1355 2702 .-
1383 2667 1580 2702 Theodoretus
1606 2674 1685 2703 inter
1703 2670 1778 2703 alios
1794 2673 1903 2704 Patres
1914 2670 2016 2712 adfuit
2027 2671 2120 2706 chai-

1228 2717 1380 2759 cedonenfi
1388 2720 1518 2752 Concilio
1529 2743 1540 2760 ‚
1567 2720 1602 2753 ὀ*
1614 2718 1694 2752 beati
1706 2723 1816 2754 Leonis
1829 2721 1994 2762 Epistolam
2006 2746 2016 2762 ,
2027 2733 2118 2764 quam

1230 2769 1410 2809 Eutychiani
1431 2768 1696 2803 anathematizant
1725 2792 1735 2809 ,
1768 2771 1834 2804 cum
1855 2771 1897 2804 ibi
1916 2773 2113 2815 relegeretur,

1228 2819 1434 2853 dubitantibus
1456 2818 1613 2861 Episcopis
1633 2820 1806 2860 Illyricianis
1824 2832 1859 2854 ac
1870 2821 2041 2863 Palaestinis
2050 2822 2119 2865 affe-

1227 2877 1291 2904 ruit
1306 2893 1315 2903 .
1341 2868 1450 2905 Unde
1468 2870 1502 2903 &
1514 2869 1582 2913 ipse
1592 2870 1727 2904 Sanctus
1737 2871 1808 2906 Leo
1822 2883 1878 2915 per
1889 2873 2033 2917 Legatos
2045 2873 2119 2906 suos

1229 2920 1361 2957 reduces
1371 2918 1540 2953 instrustus
1552 2920 1703 2955 solennes
1715 2920 1764 2955 illi
1777 2922 1900 2966 gratias
1912 2922 2025 2957 retulit
2036 2947 2046 2962 ‚
2072 2922 2115 2956 dc

1229 2971 1375 3016 glorioso
1395 2969 1506 3004 labore
1528 2970 1728 3014 gratulatus.
1756 2971 1809 3005 Ex
1832 2983 1900 3015 quo
1914 2972 1999 3007 lucet
2014 2973 2120 3016 ipsum
2178 3010 2184 3016 ι

1231 3032 1298 3055 non
1323 3020 1419 3055 fuisse
1443 3019 1596 3063 Epistolae
1619 3021 1825 3055 vitiatorem.
1856 3022 1966 3057 Labor
1976 3022 2044 3066 ejus
2054 3023 2120 3066 pla·
2134 3009 2219 3050 59¹st·
2236 3016 2288 3048 ‘⁶3‘

1228 3072 1298 3105 cuit
1320 3071 1418 3105 ctiam
1429 3070 1840 3114 gloriosiffimisjudicibus
1853 3096 1864 3112 ‚
1891 3072 2093 3106 interlocutis
2104 3084 2115 3103 .·
2282 3070 2284 3074 '

1231 3120 1297 3162 Post
1315 3120 1379 3153 haec
1398 3125 1497 3153 omnia
1521 3127 1590 3162 quis
1614 3121 1714 3155 adbuc
1735 3122 1879 3156 dubitat?
1907 3123 1950 3156 Et
1963 3121 2117 3165 Episcopi

1230 3170 1450 3206 acclamarunt
1464 3184 1475 3203 .-
1503 3174 1571 3203 Nos
1594 3179 1641 3204 ita
1660 3173 1802 3205 credimus
1815 3196 1826 3212 ‚
1852 3184 1951 3205 omnes
1972 3177 2017 3203 ita
2025 3169 2118 3203 credi-

1229 3233 1297 3254 mus
1310 3246 1318 3253 .
1346 3222 1425 3253 Sicut
1448 3223 1508 3254 Leo
1519 3246 1530 3260 ,
1558 3227 1602 3253 ita
1612 3224 1755 3255 credimus
1770 3247 1778 3255 .
1804 3222 1942 3262 Nostrum
1951 3221 2050 3254 nullus
2061 3221 2119 3254 du-

1227 3272 1308 3304 bitat
1319 3296 1327 3303 .
1356 3275 1422 3304 Nos
1427 3272 1500 3312 jam
1508 3269 1728 3314 subscripsimus
1740 3297 1748 3304 .

1280 3321 1407 3356 Verum
1429 3321 1519 3365 quod
1545 3333 1613 3355 non
1634 3323 1933 3357 clamarentomnes
1947 3334 1958 3354 .·
1984 3318 2119 3355 Atticus

1231 3371 1487 3415 Nicopolitanus
1510 3372 1690 3415 Episcopus
1712 3397 1723 3412 ,
1749 3370 1862 3405 veteris
1883 3369 1974 3414 Epiri
1996 3370 2119 3405 Metro-

1230 3422 1331 3466 polita
1343 3421 1518 3456 intercessit
1529 3422 1615 3464 apud
1627 3422 1788 3466 gloriosos
1797 3418 1921 3462 judices
1933 3434 1940 3454 :
1965 3422 2119 3464 ‚Quoniam

1226 3472 1372 3515 pnaestitit
1393 3470 1617 3515 Magnificentia
1639 3469 1735 3509 vestra
1743 3468 1866 3512 suarum
1887 3470 2119 3513 auriumfacili·

273 3519 472 3558 'Graecorum
495 3518 673 3562 Episcopos
692 3530 784 3555 erant
796 3517 1108 3563 plurimidostiffimi
1131 3534 1185 3555 ac·
1230 3530 1324 3556 tatem
1343 3533 1407 3555 cum
1414 3526 1572 3563 patientia
1583 3543 1595 3561 ,
1615 3528 1773 3562 precamur
1783 3521 1918 3554 inducias
1929 3521 2012 3555 nobis
2025 3522 2119 3562 dari,

2039 3579 2073 3606 ut
