2340 3736
628 151 936 206 senor-113,
976 166 1038 194 er
1073 164 1250 197 Nous
1284 162 1671 200 ritus-raan.

232 230 352 279 injuria
370 248 384 269 ι
417 233 519 270 Hane
539 232 595 267 ille
617 234 654 268 in
679 229 742 266 hac
761 231 902 276 synodo
923 242 1115 269 convertere

233 283 357 329 studuit
382 285 420 318 in
440 283 626 329 legitimam
657 282 884 328 possessionem
909 309 919 319 ,
946 283 1114 332 roirca

231 327 355 369 Canon
379 345 435 378 per
445 333 623 370 Dioecefim
644 333 787 369 omnino
808 333 964 379 intelligit
980 333 1048 377 jam
1069 333 1118 367 di-

230 387 299 420 AEias
306 393 370 420 tres
379 409 391 426 ,
417 395 474 428 per
484 383 663 421 Primatem
674 384 832 431 intelligit
841 383 1095 419 Heracleensem
1107 407 1118 423 ,

232 432 437 480 Ephefinum
456 458 469 475 ‚
494 435 528 469 <Sc
551 435 785 473 Caesareensem
804 458 815 475 ,
843 433 1017 477 statuitque
1041 456 1053 475 ,
1080 443 1115 467 ut

231 496 346 521 earum
355 485 579 530 Metropolitae
590 484 744 529 deinceps
760 483 949 529 judicentur
959 492 1014 517 aut
1028 482 1115 526 apud

231 535 313 571 istos
331 558 343 575 ,
368 546 426 571 aut
445 535 533 580 apud
552 536 750 580 Episcopum
770 532 1113 577 Constantinopolita-

234 597 318 620 num
331 610 342 627 ,
363 585 544 634 eodemque
554 585 657 638 modo
677 582 848 619 adversum
869 594 927 618 eos
949 594 1005 618 aut
1017 582 1059 618 ad
1082 582 1118 616 il-

233 635 286 670 los
297 647 352 671 aut
376 636 417 671 ad
430 635 519 673 hunc
536 634 735 679 appelletur.
762 634 881 668 Statuit
902 631 1095 670 alternative
1106 657 1117 674 ,

232 686 326 730 quod
346 685 505 723 Primates
527 685 604 721 illos
624 683 728 719 nollet
744 684 887 728 ⁴penitus
907 685 1117 718 exauctorare

233 747 275 771 ac
297 737 442 782 redigere
460 736 495 772 in
507 733 655 772 ordinem
667 734 862 778 simplicium
886 734 1118 778 Metropolita-

233 797 309 822 rum
321 811 329 819 .
355 787 447 821 Huic
458 796 568 820 tamen
580 785 670 819 malo
691 786 820 829 aperuit
831 786 918 821 viam
930 798 942 818 .·
969 783 1032 819 Per
1043 785 1118 826 Epi-

232 839 406 882 scoporum
415 836 504 873 enim
516 835 968 880 Constantinopolitanorum
979 835 1012 869 &
1024 834 1116 868 Prin-

230 888 344 931 cipum
363 885 594 924 continuatam
606 885 797 924 violentiam
817 887 906 925 fuere
928 885 1064 921 tandem
1075 884 1115 919 ad

231 937 360 973 nudum
379 935 536 975 Primatis
567 947 690 971 nomen
714 937 834 975 redaffl
856 961 865 971 .
891 935 1012 970 Canon
1041 932 1116 969 vero

228 987 318 1030 ipsos
329 985 483 1031 Episcopi
506 986 875 1031 Constantinopolitani
902 985 1026 1028 judicio
1047 996 1116 1019 non

230 1035 378 1080 subjicit:
405 1036 509 1075 Haud
520 1036 621 1076 dubie
641 1037 686 1072 ob
698 1047 824 1072 metum
844 1035 928 1076 sedis
939 1035 1117 1076 Romanae,

229 1087 273 1120 ad
294 1086 387 1130 cujus
405 1082 597 1122 tribuuale’x
624 1086 819 1131 Apostolica
864 1085 1043 1122 traditione
1083 1085 1118 1124 ἀ

230 1138 323 1173 sexto
337 1137 478 1173 Canone
488 1138 628 1177 Nicaeno
640 1137 799 1181 privative
809 1136 993 1181 spectabant
1009 1144 1027 1168 .’

282 1187 432 1236 Qidam
443 1199 499 1233 per
515 1188 704 1227 Dioeceseos
716 1187 894 1227 Primatem
906 1185 1048 1231 intelligi
1062 1197 1118 1221 vo-

232 1236 307 1272 lunt
325 1238 426 1274 etiam
449 1236 714 1274 Alexandrinum
733 1264 744 1281 ‚
772 1236 1024 1273 Antiochenam
1042 1261 1053 1277 ,
1079 1247 1117 1270 ac

230 1287 580 1335 Hierosolymitanum
605 1287 807 1327 patriarchas
827 1312 839 1329 ,
871 1286 1007 1329 darique
1026 1286 1117 1321 Con-

229 1336 531 1382 stantinopolitano
549 1337 781 1383 privilegium,
805 1348 873 1382 quo
883 1338 984 1372 etiam
1010 1335 1118 1370 adver—

228 1386 284 1422 sus
305 1384 696 1432 ipsorumMetropolitas
715 1388 802 1433 apud
823 1389 927 1433 ipsum
948 1395 1062 1432 agatur
1083 1386 1117 1420 δε

229 1438 431 1483 ιρροΠεωτ,
456 1439 510 1477 Ex
521 1437 587 1473 hoc
609 1439 699 1473 enim
721 1438 894 1484 privilegio
914 1438 1058 1482 Joannes
1075 1436 1118 1480 je-

229 1486 364 1531 junator
383 1486 570 1532 Patriarcha
590 1488 750 1532 judicavit
772 1488 981 1526 Anastafium
1004 1498 1118 1522 mona-

228 1537 332 1574 chum
354 1539 389 1573 &
408 1538 638 1584 Presbyterum
661 1540 786 1579 Isauriae
802 1539 973 1584 spectantis
994 1537 1035 1572 ad
1058 1536 1140 1592 Pa-¹

228 1586 443 1624 triarchatutn
465 1588 721 1625 Antiochenum
750 1615 758 1623 .
785 1590 830 1624 Et
853 1599 931 1624 ante
952 1586 1039 1623 hanc
1061 1599 1115 1623 no-

230 1638 329 1673 stram
349 1639 522 1682 synodum
547 1642 681 1674 Sanetus
692 1639 866 1675 Flavianus
885 1639 949 1673 lbae
962 1638 1115 1674 Edesseni

230 1687 268 1721 in
284 1688 405 1724 eodem
429 1688 654 1726 patriarchatu
666 1690 817 1734 Episcopi
841 1690 989 1730 causam,
1015 1688 1058 1723 ad
1084 1690 1116 1723 se

229 1736 274 1771 ab
294 1739 537 1776 accusatoribus
555 1739 747 1775 devolutam
767 1765 777 1781 ,
797 1740 962 1785 delegavit
986 1737 1113 1773 Photio

227 1786 322 1830 Tyri
344 1812 356 1828 ,
383 1787 534 1825 Eustatio
555 1789 669 1832 Beryti
690 1814 702 1830 ‚
727 1790 762 1824 <Sc
785 1790 921 1825 Utanio
947 1789 1113 1832 Episcopo

228 1836 466 1873 Himerorum.
493 1838 540 1872 Et
552 1837 730 1874 Anatolius
743 1839 828 1879 inter
839 1840 943 1873 dictos
953 1836 1113 1886 Photjum

227 1887 264 1921 ἃ
282 1887 467 1925 Eustatium
485 1887 667 1931 judicavit,
693 1889 790 1933 idque
799 1891 953 1925 Maximo
976 1888 1115 1922 Patriar-

227 1936 291 1972 cha
312 1938 474 1974 existente
494 1939 529 1973 in
541 1938 648 1984 Regia
669 1940 770 1981 urbe,
796 1940 926 1975 causam
950 1950 1042 1974 novae
1054 1938 1113 1974 Be·

228 1989 367 2031 rytenfis
397 1989 624 2038 Metropoleos
653 2015 665 2032 ‚
701 1992 904 2027 retractatam
939 1991 975 2030 in
997 1999 1111 2036 quma

229 2039 378 2075 Actione
396 2037 492 2082 hujus
512 2040 659 2083 Synodi.

282 2089 483 2131 Respondeo
505 2099 615 2125 tamen
642 2091 818 2127 canonem
837 2090 1043 2136 nequaquam
1066 2089 1109 2124 ita

230 2137 486 2182 intelligendum
500 2164 508 2175 ,
534 2139 657 2177 Nullus
675 2142 766 2176 enim
786 2152 827 2175 ex
848 2141 907 2174 illo
920 2140 1110 2176 Constanti-

229 2188 446 2231 nopolitanus
459 2188 641 2234 Episcopus
652 2190 811 2234 ejusmodi
835 2190 895 2225 fibi
906 2190 1112 2235 privilegium

1173 1792 1335 1829 ·proprt'um
1361 1789 1583 1831 ‚Metropolitum
1604 1787 1772 1835 suspeHum
1798 1789 1910 1824 habeat
1936 1815 1948 1832 ,

1178 228 1293 266 diserte
1313 229 1424 267 statuit
1444 230 1617 271 adversum
1642 234 1876 278 Metropolitas
1901 238 2060 280 privative
2071 239 2103 268 L·
2133 245 2195 272 ¹37·

1178 280 1342 326 agendum
1368 291 1480 315 coram
1514 284 1647 326 proprio
1672 283 1861 322 Patriarcha
1887 310 1895 320 ,
1932 288 2058 331 Easque
2073 288 2095 309 C·
2118 287 2145 313 5·

1177 331 1264 376 leges
1284 355 1295 372 ‚
1322 329 1435 375 utpote
1457 331 1554 365 viridi
1576 332 1779 369 observantia
1805 334 1938 373 floridas
1963 362 1974 379 ‚
2000 339 2060 373 suo

1178 381 1442 419 Nomo-Canoni
1472 381 1606 419 inseruit
1634 383 1774 423 Photius
1800 409 1812 425 ,
1837 387 2062 423 consentiunt-

1177 443 1240 475 que
1265 430 1469 470 Theodorus
1491 430 1667 471 Balsamon
1691 457 1701 473 ‚
1727 435 1869 478 Joannes
1889 436 2038 473 Zonaras
2054 461 2066 477 ‚

1178 480 1356 521 Matthaeus
1380 482 1540 522 Blastares
1562 507 1574 523 ,
1611 481 1734 531 aliique
1754 485 1942 522 Graecorum
1962 498 2063 522 cano-

1179 532 1267 566 nistae
1287 557 1299 573 ‚
1324 532 1514 572 constanter
1535 533 1750 572 alstverantes
1768 546 1811 568 ex
1833 547 1902 570 uno
1924 536 2064 571 Patriar·

1177 581 1276 616 chatu
1299 594 1368 616 non
1393 585 1482 627 posse
1493 582 1580 627 apud
1603 583 1708 617 alium
1730 584 1785 628 agi
1807 596 1863 619 aut
1885 586 2040 630 appellari
2054 612 2062 620 .

1179 632 1281 666 Porro
1291 633 1424 672 Sanctus
1434 633 1610 668 Flavianus
1625 633 1690 668 Ibae
1701 633 1833 668 causam
1856 635 1984 670 videtur
1994 648 2065 671 non

1177 682 1338 728 delegasse
1356 706 1368 721 ‚
1393 683 1448 718 sed
1468 685 1585 718 fastam
1606 683 1626 717 a
1649 683 1800 728 Principe
1823 683 2066 729 delegationem

1178 731 1346 767 dumtaxat
1358 733 1539 769 sustinuisse
1553 758 1564 774 ,
1592 735 1626 769 ὅ(
1639 734 1732 769 fuisse
1754 745 1913 776 executus
1926 760 1933 767 .
1959 736 2067 784 Qid-

1179 782 1258 826 quid
1280 783 1340 822 lit,
1367 783 1430 818 fuit
1441 795 1555 819 contra
1576 784 1752 824 canones,
1776 786 1810 819 ἀ
1829 784 1871 819 de
1881 782 1996 819 throni
2015 787 2066 820 sui

1179 833 1366 876 Apostolici
1386 842 1581 878 contemptu
1602 835 1734 880 questus
1757 836 1804 874 est
1828 835 1986 870 Domnus
2007 835 2066 870 Pa-

1180 882 1319 918 triarcha
1344 882 1578 919 Antiochenus
1597 910 1605 917 .
1636 885 1752 923 Etiam
1772 885 1954 920 Anatolius
1975 896 2067 930 pote·

1180 933 1270 968 statis
1292 934 1443 974 diffidens
1464 935 1663 974 sententiam
1684 935 1803 975 suarna
1816 936 1972 975 Maximo
1994 936 2066 970 An-

1179 982 1339 1019 tiocheno
1359 985 1548 1024 confirmari
1569 986 1688 1030 petiit,
1714 986 1848 1030 ejusque
1869 987 1966 1024 causa
1988 998 2066 1020 con-

1179 1033 1387 1070 tradietiones
1398 1037 1502 1079 paffus
1511 1037 1557 1071 est
1577 1036 1612 1074 in
1626 1036 1766 1082 Synodo
1780 1035 2041 1076 Chalcedonenli
2056 1062 2064 1068 .

1181 1084 1344 1118 Adedilla
1369 1087 1612 1129 usurpationem
1633 1099 1703 1122 non
1718 1086 1890 1131 probavit.
1916 1087 2068 1130 Iudican-

1179 1133 1212 1168 di
1238 1134 1273 1168 δε
1307 1135 1487 1174 ordinandi
1525 1136 1666 1185 potestas
1702 1138 1779 1175 sunt
1815 1138 2064 1182 inseparabiles,

1181 1182 1321 1228 ideoque
1332 1183 1512 1223 Anatolius
1535 1188 1730 1230 potestatem
1748 1187 1899 1223 obtinuit
1910 1199 1968 1223 eos
1980 1188 2067 1222 solos

1181 1234 1416 1279 Metropolitas
1436 1233 1624 1278 judicandi,
1644 1248 1785 1280 quorum
1804 1238 2067 1276 ordinandorum

1182 1284 1374 1327 potestatem
1394 1285 1570 1323 obtinuita
1592 1285 1734 1326 Canone
1759 1288 1914 1332 vigefimo
1927 1290 2044 1322 ostavo
2057 1302 2068 1321 :

1182 1333 1233 1373 Ea
1254 1336 1331 1373 vero
1351 1335 1398 1370 est
1415 1335 1556 1380 potestas
1577 1337 1755 1372 ordinandi
1780 1338 1866 1377 solos
1876 1338 2072 1381 Metropoli-

1182 1394 1231 1420 tas
1257 1386 1357 1420 trium
1380 1386 1579 1422 Dioeceseon
1602 1413 1609 1419 .
1638 1386 1846 1425 Anastafium
1873 1386 1948 1422 vero
1975 1388 2071 1423 illum

1181 1434 1274 1469 fuisse
1288 1447 1357 1470 non
1369 1436 1494 1471 Isauriae
1505 1461 1516 1477 ,
1543 1437 1599 1476 fed
1611 1438 1792 1481 Lycaoniae
1802 1461 1813 1479 ‚
1839 1438 1880 1473 ad
1893 1439 2072 1473 Asiaticam

1180 1485 1353 1529 spectantis
1386 1486 1551 1522 Dioecelin
1579 1511 1593 1533 ,Ι
1627 1488 1861 1532 Presbyterum
1897 1489 1933 1522 &
1959 1500 2074 1523 mona-

1182 1533 1303 1577 chum,
1330 1536 1437 1580 palam
1461 1536 1573 1573 scribit
1584 1539 1720 1578 Sanctus
1734 1539 1916 1584 Gregorius
1939 1539 1973 1572 in
1987 1538 2074 1574 litte·

1182 1586 1224 1619 ris
1247 1586 1288 1620 ad
1299 1585 1443 1621 eundem
1457 1586 1666 1622 Anastafium
1680 1613 1691 1629 ‚
1716 1589 1750 1626 ὅ(
1763 1589 1798 1623 in
1812 1589 1929 1624 litteris
1948 1589 1990 1624 ad
2002 1589 2070 1634 Cy·
2086 1599 2148 1632 L.5.
2160 1595 2246 1635 Epist.

1181 1636 1306 1671 riacum
1320 1636 1518 1684 Episcopum
1533 1637 1947 1685 constantinopolitanum
1962 1665 1969 1671 .
2088 1643 2137 1672 64-

1232 1687 1284 1720 Ex
1296 1685 1361 1722 hoc
1373 1688 1515 1725 Cauone
1526 1687 1738 1732 desumptum
1752 1685 1798 1724 est
1809 1689 1977 1724 decretum
1989 1688 2070 1723 Ani-

1182 1748 1256 1772 ceto
1280 1736 1438 1771 Pontifici
1460 1738 1656 1782 adscriptum
1675 1751 1682 1770 :
1710 1741 1742 1772 51
1764 1745 1834 1782 quis
1859 1738 2069 1783 Epist-oporam
2089 1755 2169 1793 594,
2189 1761 2246 1791 03,

1984 1792 2073 1833 apud

1183 1840 1349 1871 Primatem
1362 1837 1520 1883 Dioeceseos
1531 1863 1542 1879 ,
1567 1847 1622 1873 aut
1646 1841 1732 1882 apud
1746 1839 1824 1874 hanc
1834 1842 1939 1875 sedem
1959 1840 2069 1884 Aposto-

1181 1890 1270 1925 ,ltcam
1288 1890 1432 1922 audiatur
1460 1914 1467 1921 .
1495 1889 1541 1923 Et
1563 1889 1734 1925 decretum
1760 1889 1890 1926 Victori
1910 1891 2069 1926 Pontifici
2088 1912 2166 1950 59⁸¹·
2189 1910 2247 1949 23,-

1179 1937 1394 1982 adscriptum.
1424 1941 1458 1973 51
1477 1945 1545 1986 quis
1561 1946 1724 1981 putaverit
1742 1941 1778 1984 se
1800 1943 1820 1976 ἃ
1826 1946 1948 1983 proprio
1961 1945 2070 1975 Metro-

1174 1990 1310 2031 politam
1321 1994 1456 2033 gravari
1472 2013 1483 2030 ‚
1508 1990 1597 2031 apud
1607 1990 1823 2027 Patriarcham
1839 1992 1892 2028 vel
1902 1994 2068 2026 Primatem

1178 2037 1338 2082 Dia-reseas
1351 2062 1362 2079 ,
1387 2041 1439 2074 vel
1446 2041 1532 2082 apud
1549 2038 1732 2083 universalis
1759 2040 1922 2086 Apostolicae
1934 2040 2068 2084 Ecclefiae

1172 2087 1275 2133 sedem
1292 2090 1442 2131 judicetur
1455 2084 1468 2122 .’
1491 2090 1602 2124 Prima
1614 2090 1701 2133 Julio
1712 2090 1872 2127 Pontifici
1904 2092 2065 2135 adscripta

1179 2139 1325 2183 Epistola
1347 2139 1392 2173 ait
1415 2140 1479 2172 effe
1501 2139 1677 2174 Canonern
1699 2140 1875 2178 Nicaenum
1895 2166 1903 2174 .
1929 2141 2067 2186 Nempe

1177 2189 1348 2226 veritatem
1356 2188 1531 2227 continent
1547 2189 1614 2227 istae
1633 2191 1846 2232 antiquorum
1858 2190 2061 2226 Pontificum

60 2346 91 2379 L·
115 2348 178 2386 ¹231

56 2397 138 2419 Crixo

186 2275 188 2277 ,
230 2248 379 2281 unquam
399 2236 590 2283 adsumpsit.
616 2241 712 2288 Qin
738 2240 842 2279 immo
861 2240 981 2276 horum
1003 2239 1108 2275 Cano-
1176 2238 1352 2273 decretales
1375 2238 1529 2284 Epistolae
1555 2263 1565 2280 ‚
1593 2240 1804 2283 supposititiae
1829 2251 1940 2276 tamen
1964 2243 2037 2277 sunt
2052 2267 2064 2283 ‚

230 2299 314 2322 num
339 2288 374 2322 δε
395 2286 632 2324 patriarchatus
657 2289 1025 2336 Constantinopolitani
1046 2302 1110 2324 ma·
1176 2290 1210 2324 ὃ(
1222 2290 1396 2323 Canonem
1409 2287 1558 2328 nostrum
1576 2301 1634 2334 pro
1647 2291 1813 2335 Episcopo
1829 2291 2066 2327 Constantino-

229 2349 317 2384 gnus
343 2337 464 2375 vindex
491 2340 689 2387 Justinianus
717 2340 886 2386 Augustus
920 2341 955 2375 in
982 2340 1110 2385 legibus
1176 2339 1325 2381 politano
1337 2339 1423 2374 male
1433 2337 1557 2377 editum
1569 2340 1643 2377 vere
1666 2340 1796 2378 &reste
1808 2341 2066 2378 accommodant

229 2388 369 2427 novellis
378 2388 419 2424 ad
429 2389 563 2427 Petrum
572 2391 760 2428 officiorum
771 2392 971 2438 Magistrum
980 2390 1109 2426 directis
1122 2402 1131 2481 i
1173 2388 1331 2426 Pontifici
1352 2389 1517 2425 Romano
1530 2416 1538 2424 .
2015 2408 2017 2410 ·

825 2550 831 2551 s
892 2550 942 2554 ..-
1327 2550 1532 2558 v*

697 2663 1603 2744 CANONX.

232 2838 454 2976 NOn
478 2839 610 2891 liceat
634 2843 863 2894 Clericum
890 2843 1104 2897 conscribi
1119 2838 1176 2898 ⁴in
1197 2846 1364 2898 duabus
1388 2847 1511 2899 fimul
1536 2847 1760 2907 EcclesiiS,
1795 2850 1839 2896 &
1867 2847 1914 2895 in
1933 2864 2062 2917 qua-0

413 2908 470 2958 ab
495 2912 626 2963 initio
650 2914 877 2965 ordinatus
901 2917 987 2978 est,
1021 2922 1065 2967 &
1090 2917 1147 2968 ad
1169 2936 1305 2987 quarn
1329 2918 1555 2983 confugit,
1591 2917 1711 2986 quasi
1738 2914 1794 2966 ad
1817 2920 2061 2985 potiorem,

230 2980 295 3029 ob
307 2982 447 3030 inanis
458 2982 605 3045 gloriae
618 2985 905 3055 cupiditatem
918 3025 930 3036 .
966 2992 1065 3038 Hoc
1078 3006 1224 3040 autem
1239 2990 1448 3040 facientes
1472 2992 1665 3040 revocari
1691 2987 1846 3038 debere
1873 2987 1929 3040 ad
1943 2988 2059 3039 suam

233 3050 498 3113 Ecclesiam,
535 3055 581 3103 in
604 3074 693 3122 qua
722 3058 928 3125 primitus
951 3058 1143 3113 ordinati
1168 3060 1290 3123 sunt,
1323 3066 1369 3111 δι
1389 3061 1452 3110 ibi
1475 3058 1782 3111 tantummodo
1807 3059 2058 3111 ministrare.

228 3123 273 3169 Si
298 3120 404 3171 vero
434 3126 522 3187 jam
552 3129 652 3191 quis
682 3129 915 3179 translatus
940 3130 1000 3179 'est
1024 3149 1075 3180 ex
1102 3133 1188 3182 alia
1214 3134 1260 3180 in
1287 3132 1419 3180 aliam
1444 3131 1705 3192 Ecclesiam,
1740 3133 1894 3200 prioris
1908 3131 2058 3182 Eccle-

228 3191 321 3251 fiae,
357 3193 429 3241 vel
443 3198 755 3264 Martyriorum
772 3217 869 3266 quae
882 3198 958 3250 sub
970 3218 1020 3250 ea
1033 3200 1155 3263 sunt,
1191 3217 1269 3251 aut
1279 3201 1709 3252 Ptochodochiorum
1724 3238 1739 3263 ,
1764 3217 1838 3251 aut
1852 3199 2056 3249 Xenodo-

230 3263 430 3334 chiorum
443 3262 568 3315 rebus
582 3268 629 3314 in
642 3268 761 3316 nullo
773 3275 1069 3322 communicet
1083 3309 1096 3322 .
1132 3276 1220 3323 Eos
1234 3270 1367 3333 vero,
1391 3274 1470 3339 qui
1494 3272 1581 3322 ausi
1608 3272 1768 3322 fuerint
1796 3270 1891 3339 post
1903 3269 2056 3320 defini-

230 3335 399 3381 tionem
413 3350 580 3397 magnae
595 3340 637 3386 δε
652 3339 902 3388 universalis
917 3342 1042 3408 hujus
1059 3342 1222 3412 Synodi
1235 3379 1248 3403 ‚
1273 3341 1517 3411 quidquam
1530 3362 1581 3392 ex
1593 3342 1661 3391 his
1672 3378 1685 3402 ‚
1712 3357 1810 3408 quae
1827 3358 1941 3390 nunc
1958 3339 2053 3392 sunt

227 3402 452 3470 prohibita
463 3440 476 3467 ‚
512 3423 789 3477 perpetrare;
824 3409 1017 3462 decrevit
1033 3411 1174 3463 saneta
1187 3411 1384 3483 Synodus
1410 3412 1435 3463 a
1448 3415 1625 3483 proprio
1645 3409 1780 3477 gradu
1793 3410 1989 3464 excidere
2006 3448 2018 3464 .

1865 2550 2071 2558 Μ

1868 3537 2008 3578 SCHO·
