2340 3736
207 3100 210 3104 ,
270 3064 322 3100 ἂο
343 3066 508 3109 Gregorio
531 3065 684 3109 Nysseno
705 3067 870 3112 Episcopo
887 3067 1033 3112 graviter
1043 3068 1079 3102 in
1092 3068 1158 3102 Eu·

747 39 824 81 An
861 33 1212 82 EPHESINUM
1248 31 1714 81 LATR0c1N1uM.

284 124 466 166 placuerant
481 123 626 161 Patribus
639 145 649 161 ,
677 126 730 163 qui
741 127 774 152 r'n
786 124 894 152 Nicaea
904 127 1101 152 convenerunt
1112 142 1122 158 ,
1145 119 1179 151 (θ’

287 181 338 216 qui
352 175 398 208 bic
412 173 524 218 Ephesi
536 176 702 216 congregati
711 169 783 212 fimt
796 194 807 210 ‚
827 177 881 203 aut
904 175 1049 210 inquirit,
1061 177 1114 202 aur
1135 169 1180 200 di-

282 223 393 266 fiuHc,
419 223 650 262 autretrac‘lat,
677 220 839 254 anathema
844 218 903 261 fit.
928 222 960 252 51·
978 218 1100 261 sanc‘lus
1112 221 1178 260 Spi-

283 280 362 308 ritus
373 272 502 317 consedtt
517 284 582 305 cum
593 271 737 304 Patribus
754 293 764 309 ,
781 269 854 311 ficut
865 271 899 303 ὁ*
910 269 1065 311 manifesti
1084 267 1178 311 canse-

283 323 354 363 dit,
382 324 580 358 &ordinavit
593 333 660 365 quae
680 321 822 354 ordinata
845 318 937 362 sunt,
963 324 1013 361 qui
1033 318 1177 352 retraelat

280 384 341 412 ea,
366 375 495 415 spiritus
520 375 610 416 caffnt
624 377 780 416 gratiam.
810 369 860 404 Ita
886 369 1040 402 versatilis
1066 368 1177 411 AEgy-

284 423 375 467 ptius
389 420 601 466 Eutychianae
611 420 817 465 blasphemias
840 419 1018 453 everfivum
1039 417 1174 460 Symbo-

284 472 355 505 lum
379 472 791 516 Constantinopolitanum
813 468 927 502 dolose
959 466 1175 502 anathemati-

276 522 390 563 tavit,
415 524 606 567 paravitque
628 522 771 556 securam
791 518 881 555 viam
904 517 945 551 ad
960 528 1095 552 omnem
1117 519 1174 559 Sy-

276 573 406 609 nodum
419 574 455 607 in
466 573 670 608 resuscitatas
682 567 883 614 Apollinarii
910 568 1092 611 impietates
1115 567 1171 601 cir-

275 622 559 658 cumscribendam
585 647 594 655 .
640 620 685 654 Et
723 615 866 652 omnino
905 617 1168 660 circumscripfit.

276 673 420 715 ¹Etenim
445 671 686 714 circumscripta
711 667 926 703 adclamavit:
954 670 986 701 51
1005 673 1071 711 quis
1092 672 1171 706 inno-

278 732 340 757 vat
351 747 364 763 ,
392 721 561 755 Anatbema
575 719 634 762 fit.
674 721 706 752 51·
727 723 792 760 quis
819 715 938 760 discutit
961 741 972 758 ,
1009 717 1170 751 anathema

272 770 329 814 fit.
366 772 538 805 sandinum
579 772 707 805 Parrum
738 767 832 810 fidem
853 765 1009 809 servemus
1032 793 1039 799 .
1079 769 1170 802 Plene‘

275 826 378 854 omnia
391 820 564 861 statuerunt
589 818 718 853 Nicaeni
732 819 843 852 Patres
864 842 870 848 .
900 817 1067 853 Anathema
1085 825 1167 859 prae-

277 875 432 906 varicum!
453 881 508 904 ea.
543 874 640 904 Nemo
661 868 760 903 addat
786 891 797 908 ,
834 877 916 901 nemo
942 873 1076 901 minuat.
1104 872 1170 901 Om-

274 932 327 954 nes
338 920 402 953 haec
416 921 561 953 dicimus.
591 918 757 952 anathema
773 917 814 959 fit
835 923 888 959 qur·
910 918 1074 951 retrudat.
1101 920 1170 959 Eji-

271 975 370 1005 ciatur
402 971 591 1004 retrat‘lans.
631 973 760 1012 Magnus
794 966 867 1009 fidei
896 967 985 1007 custos
1019 966 1170 1010 Dioscorus

274 1017 561 1063 Archi-Episcopus.
585 1019 688 1060 Custos
703 1018 886 1062 Regularum
899 1042 906 1048 .
931 1020 992 1051 Per
1002 1025 1032 1051 te
1058 1023 1169 1054 vivunt

274 1072 405 1106 Patres.
434 1070 534 1109 custos
555 1069 646 1113 fidei.
673 1070 723 1103 Ita
746 1066 906 1111 simplices
926 1067 1066 1102 nimium
1094 1068 1171 1111 Epi-

273 1118 361 1164 scopi
388 1119 577 1155 orthodoxa
614 1117 765 1163 Symboli
800 1116 1165 1163 Constantinopolitani

273 1170 317 1203 nd
352 1169 525 1206 Nicaenum
557 1169 784 1207 additamenta
816 1167 1008 1215 ignoranter
1031 1167 1165 1205 anathe-

275 1219 489 1262 matizarunt,

357 1404 531 1471 Exponit
539 1423 584 1451 ur
619 1403 798 1468 restitutio
832 1400 1073 1467 Eutychetz‘s.

358 1522 498 1557 Errexit
512 1523 552 1557 ad
565 1523 691 1567 Synodi
703 1523 871 1558 Praesidem
891 1523 1090 1558 Dioscorum
1103 1524 1169 1557 Co-

373 1583 442 1607 mes
468 1572 619 1617 ElPIdius
633 1589 644 1608 .·
672 1574 866 1614 Patefablum
887 1573 926 1613 est
938 1575 1018 1616 quod
1026 1573 1111 1607 vobt1
1124 1578 1170 1606 vi-

270 1619 338 1663 sum
349 1621 386 1661 est
408 1624 444 1655 de
455 1621 565 1665 sanc‘la
570 1623 633 1665 fide
647 1648 660 1664 ‚
683 1624 853 1657 cunctorum
864 1624 984 1656 vocibus
994 1622 1169 1666 conftntien-

277 1670 385 1711 tibus,
410 1673 444 1705 <5
469 1673 667 1706 laudantibus
703 1673 832 1713 vestrum
853 1696 864 1713 ,
889 1679 942 1715 qui
973 1671 1143 1715 praefidetis
1157 1697 1167 1713 ‚

279 1723 444 1754 Decretum
461 1745 472 1754 .
492 1724 520 1765 J
528 1722 611 1757 ubete
631 1721 857 1766 religiofifflmum
877 1723 1168 1756 Archi-Mandatum

274 1771 428 1808 Eumhen
454 1796 466 1812 ,
499 1771 592 1815 super
611 1784 671 1814 quo
688 1774 830 1814 judicata
846 1771 920 1814 sunt
941 1784 1009 1815 quae
1025 1772 1168 1813 judicata

268 1816 344 1862 sunt
354 1842 367 1858 ‚
384 1822 427 1860 ¹(9⁴
446 1828 500 1862 qut
519 1821 559 1861 est
570 1827 697 1855 materia
718 1827 809 1855 totius
821 1822 947 1854 adrionis
961 1847 971 1863 ,
996 1823 1086 1865 adesse
1097 1847 1107 1863 ,
1134 1825 1168 1857 (Ξῖ

272 1879 344 1910 quae
369 1874 396 1903 ei
421 1868 492 1913 visa
506 1871 634 1913 ficerunt
655 1873 754 1905 docere
774 1871 902 1910 vestram
923 1872 1166 1914 Reltssgiofitatem.

276 1917 403 1953 Totius
427 1921 558 1964 Synodi
579 1922 717 1956 materia
739 1930 806 1956 erat
826 1922 934 1955 revera
955 1922 1044 1956 solus
1066 1923 1174 1966 Euty·

276 1966 378 2002 thes:
405 1970 548 2004 Materia
561 1971 717 2017 indigna.
743 1972 829 2018 Qis
846 1972 937 2006 enim
957 1973 1038 2006 ferat
1051 1972 1097 2007 ob
1117 1973 1167 2006 fri-

273 2018 390 2051 volam
401 2020 436 2052 31:
453 2020 561 2054 fictam
574 2022 671 2055 unius
683 2020 839 2055 monachi
852 2021 1105 2065 appellationem
1123 2023 1167 2056 in-

275 2066 346 2101 dici
359 2071 545 2112 generalem
556 2070 728 2114 Synodum
744 2094 755 2110 ‚
782 2071 972 2106 Romanam
990 2072 1167 2106 Ecclesiam

272 2115 324 2150 uti
346 2128 434 2151 ream
453 2118 563 2154 vocari
589 2119 795 2164 injudicium
810 2145 820 2160 ,
848 2121 968 2155 turbari
981 2132 1098 2155 omnes
1109 2122 1167 2155 sub

273 2166 361 2200 coelo
383 2169 539 2203 Ecclesias
560 2194 571 2210 ,
596 2170 631 2204 &
653 2181 755 2210 omne
778 2171 971 2204 Romanum
994 2171 1167 2214 imperium

271 2214 448 2252 horrendis
469 2219 675 2254 facinoribus
695 2220 850 2254 arietari?
877 2221 987 2254 Hasce
1002 2221 1167 2265 tragaedias

274 2265 435 2301 debemus
471 2269 571 2303 unico
597 2269 735 2314 simplici
760 2268 943 2304 Theodosii
980 2269 1166 2304 Eunucho.

278 2315 383 2353 Porro
395 2328 450 2361 per
463 2319 628 2362 Juvenalis
642 2320 798 2363 Episcopi
809 2320 1107 2362 Hierosolymitani
1121 2321 1168 2354 in-

273 2366 531 2403 terlocutionem
558 2369 779 2410 intromissus,
805 2371 840 2404 &
860 2371 879 2404 a
902 2368 1076 2405 Thalassio
1097 2369 1167 2404 Cae-

274 2417 407 2451 sareensi
433 2418 473 2452 ad
485 2418 706 2459 constantiam
716 2419 878 2454 animatus
890 2418 1059 2463 Eutyches
1080 2420 1166 2454 dixit

275 2466 315 2499 ad
331 2468 504 2509 Synodum
520 2481 527 2500 :
554 2473 621 2513 Ego
632 2470 836 2503 commendavi
846 2468 990 2513 meipsum
1000 2472 1111 2509 Patri,
1131 2471 1166 2504 t&

276 2518 381 2556 Filio,
406 2519 441 2551 &²
452 2519 576 2559 Spiritui
583 2518 688 2562 sanc‘lo
701 2542 712 2558 ‚
737 2521 772 2552 (Β
796 2520 887 2553 verbo
900 2524 1042 2553 veritatis
1060 2519 1166 2560 vestrae

267 2566 398 2606 justitia
411 2591 422 2606 ‚
447 2569 482 2600 (τ
505 2568 586 2609 testes
609 2579 663 2602 vos
686 2566 776 2601 habeo
798 2569 972 2611 meaefidei,
993 2578 1051 2610 pro
1060 2572 1166 2612 qua&

278 2616 415 2650 laboravi
436 2628 500 2649 cum
516 2615 627 2660 sanc‘la
645 2619 755 2656 synodo
770 2642 782 2658 ,
808 2629 876 2660 quae
899 2628 969 2652 ante
982 2629 1036 2652 vos
1046 2619 1092 2653 hic
1101 2631 1164 2652 con-

272 2674 407 2709 gregata
428 2666 464 2706 est
478 2691 490 2707 ,
506 2665 580 2707 ficut
599 2668 633 2701 &
655 2666 753 2707 vestra
775 2668 924 2701 sanemus
937 2667 975 2708 est
994 2668 1072 2708 testis
1088 2693 1096 2702 .
1121 2669 1163 2702 Et

272 2717 381 2749 revera
403 2714 552 2751 adversus
573 2716 765 2751 Nestorium
776 2729 836 2762 pro
855 2716 1044 2752 orthodoxa
1054 2717 1163 2753 fide&

273 2765 434 2808 Ephesina
456 2766 594 2809 Synodo
616 2766 788 2811 Eutyches
809 2778 884 2801 cum
911 2767 984 2801 aliis
1016 2768 1164 2802 Ecclesiae

273 2815 652 2860 Constantinopolitanae
677 2815 972 2852 Archi-Mandritis
982 2817 1109 2853 strenue
1123 2818 1165 2851 1·-

272 2866 425 2899 borarat.
452 2866 580 2900 Verum
606 2868 696 2901 enim
722 2867 801 2901 vero
827 2869 897 2902 suas
923 2867 965 2901 ad
990 2867 1163 2911 Synodum

269 2917 444 2960 apologias
463 2915 482 2950 a
506 2917 643 2960 propriis
669 2918 817 2951 laudibus
839 2918 982 2960 incipere
1001 2917 1048 2951 est
1060 2919 1163 2952 mani-

272 2966 388 2999 ststum
416 2967 533 3000 mentis
558 2978 644 3011 aegrae
669 2968 703 3001 dc
729 2977 878 3001 extremm
899 2968 1055 3002 vanitatis
1077 2967 1162 3002 indi·

269 3017 357 3050 cium
370 3040 380 3055 ‚
406 3015 424 3048 ὲ.
437 3016 555 3049 Samsto
569 3017 689 3051 Basilio
701 3017 832 3062 Magno
844 3018 878 3052 δε
889 3016 958 3060 ejus
975 3017 1071 3052 fratre
1083 3019 1159 3053 san-

268 3116 387 3150 nomio
400 3115 595 3150 damnatum
609 3140 616 3147 .

327 3167 397 3199 Suae
421 3167 522 3200 etiam
547 3165 625 3199 fidei
652 3165 798 3200 libellum
826 3167 964 3210 Synodo
992 3166 1158 3210 Eutyches

266 3215 440 3255 exhibuit,
468 3215 612 3259 ejusdem
647 3216 722 3250 vitii
746 3216 879 3259 plenum
902 3242 913 3257 ‚
950 3217 1109 3260 lectusque
1132 3219 1158 3251 is

270 3277 324 3308 per
343 3266 502 3308 Joannem
523 3265 672 3299 Ecclesiae
686 3264 917 3301 Alexandrinae
927 3266 1157 3309 Presbyterum

270 3327 308 3348 ac
327 3315 544 3351 Notariorum
556 3314 778 3349 primicerium
793 3340 804 3355 ‚
830 3315 955 3350 habens
972 3318 1058 3350 varia
1071 3317 1156 3360 capi-

267 3374 318 3399 ta.
345 3364 457 3398 Primo
471 3390 481 3406 ,
505 3365 668 3399 adseverat
692 3366 726 3398 in
756 3366 827 3407 ipso
847 3364 967 3400 delirus
980 3367 1076 3401 senex
1087 3377 1156 3401 om-

364 3414 466 3455 Cbrtst.
482 3419 559 3460 Lupi
571 3419 655 3459 oper.
669 3419 786 3448 Tom.H.

1955 51 2048 95 233

1240 117 1294 151 nia
1318 115 1466 151 adversus
1487 120 1518 152 se
1541 130 1595 161 per
1607 116 1715 155 Shnffl
1726 118 1875 156 Flaviani
1888 121 2059 166 Synodum
2071 133 2124 167 ge-

1241 170 1287 203 sta
1307 168 1400 203 fuiffe
1419 169 1586 203 commissa
1610 171 1643 202 in
1673 172 1789 205 restam
1812 172 1910 206 fidem
1932 199 1938 205 .
1966 173 2122 212 Deinde,

1239 218 1397 262 gloriatur
1420 218 1451 251 se
1461 217 1480 250 a
1491 219 1625 261 pueritia
1636 220 1735 263 usque
1746 220 1787 254 ad
1800 224 1930 264 praesens
1940 223 2065 257 senium
2076 224 2122 257 ci-

1242 279 1290 301 tra
1308 279 1408 302 omne
1418 267 1590 312 negotium
1600 269 1712 303 vixisse
1727 270 1764 305 in
1777 271 1959 306 monastico
1971 272 2125 316 Philoso-

1228 317 1323 363 dphiae
1343 318 1470 353 silentio
1481 340 1493 357 ,
1506 317 1571 350 sed
1595 317 1653 350 ista
1675 318 1766 354 beata
1778 320 1960 363 quietefrui
1971 334 2038 356 non
2051 331 2119 365 pen-

1238 369 1366 403 missum
1379 393 1390 409 ,
1416 365 1531 411 utpote
1549 368 1673 408 peffimz's
1695 369 1896 410 infidiantlum
1912 373 2054 413 periculis
2063 379 2118 405 cir-

1236 420 1428 459 cumdatum,
1455 417 1613 460 quoniam
1632 418 1779 452 recedere
1798 421 1966 455 noluerita
1979 420 2119 455 Nicaeno

1236 468 1397 511 Symbolo
1410 494 1419 511 ,
1445 476 1541 511 prout
1562 467 1708 510 exposito
1728 478 1784 509 per
1802 470 1974 512 Synodum
1987 470 2119 515 Ephesi-

1236 531 1329 553 nam.
1357 516 1497 558 Tertid,
1525 517 1668 561 queritur
1685 516 1745 550 fibi
1769 519 1863 552 saetas
1889 522 1991 555 varias
2016 523 2120 565 perse⁴

1234 570 1381 604 curiones
1394 593 1401 601 .
1428 568 1580 616 Qarto,
1607 568 1776 611 profitetur
1796 567 1970 605 Nicaenum
1982 571 2119 615 Symbo-

1232 618 1322 660 lum,
1349 619 1382 652 &
1403 619 1553 663 adjungit
1566 632 1576 651 :
1604 620 1650 650 sic
1672 617 1711 649 ab
1732 622 1818 650 initio
1840 620 1860 650 ἃ
1879 622 2118 663 progenitoribus

1225 675 1306 702 ⁴meis
1318 675 1463 710 accipiens
1473 670 1633 702 credidi&
1642 669 1724 701 credo
1737 692 1747 707 ,
1773 673 1806 700 in
1819 667 1885 703 hac,
1898 678 1999 702 autem
2009 671 2071 706 fide
2083 673 2118 705 (⁴5

1227 724 1349 762 genitus
1367 718 1436 762 sum
1448 741 1459 757 ‚
1483 720 1518 752 ⁴&
1532 717 1638 758 statim
1647 716 1905 761 conftcratusfhm
1917 722 1977 751 Deo
1990 743 2001 758 ,
2027 722 2060 753 (ν’
2068 720 2119 763 su-

1227 768 1320 811 scepit
1331 781 1377 802 me
1395 768 1483 810 ipsius
1495 766 1711 810 misericordia.
1738 771 1783 800 Et
1794 773 1828 801 dn
1845 767 1902 802 bac
1906 767 1967 810 fide
1980 768 2119 810 baptiza-

1232 829 1281 852 tus
1296 843 1306 859 ,
1334 820 1368 854 ὁ·
1380 818 1517 862 fignatus
1529 842 1540 858 ‚
1566 820 1620 851 seu
1633 819 1846 853 confirmatus
1854 816 1944 861 sum,
1970 820 2005 852 (9⁶
2026 817 2121 861 usque

1233 869 1317 903 hodie
1336 875 1427 910 vixi,
1454 870 1530 902 &in
1540 879 1575 900 ea
1588 876 1654 910 opto
1664 872 1737 900 mori
1751 893 1758 900 .
1784 868 1937 915 Qinto,
1965 869 2124 912 professus·

1231 919 1276 952 est
1298 920 1359 953 soli
1376 920 1407 953 se
1418 919 1555 955 Nicaeno
1567 917 1728 961 Symbolo
1743 916 1916 959 inhaerene,
1943 919 1976 952 &
1999 918 2040 952 ab
2052 929 2121 952 om-

1231 969 1329 1003 nibus
1347 968 1592 1003 inhaerendum:
1619 966 1900 1012 ,Quoniamsanllus
1914 971 2009 1002 Pater
2030 967 2121 1008 noster

1232 1020 1358 1058 cyrillus
1381 1021 1416 1054 in
1440 1017 1601 1062 Ephefina
1632 1020 1736 1063 prima
1760 1018 1898 1061 synodo
1921 1019 2122 1062 definitionem

1227 1070 1377 1112 protulit,
1402 1081 1467 1104 eum
1489 1075 1540 1112 qui
1555 1078 1672 1112 praeter
1683 1069 1762 1108 istud
1776 1070 1930 1102 addiderit
1941 1070 2060 1111 aliquid
2070 1070 2122 1103 vel

1231 1125 1390 1158 minuerit,
1415 1130 1468 1153 aut
1489 1121 1616 1154 docuerit
1638 1144 1649 1161 ‚
1675 1119 1920 1153 damnationibus
1947 1143 1959 1160 ‚
1983 1130 2053 1161 quae
2074 1118 2123 1152 bic

1227 1169 1346 1213 sergotae
1362 1168 1456 1212 sunt,
1478 1168 1633 1212 subjacere
1650 1196 1658 1203 .
1686 1171 1818 1205 Decreti
1845 1170 1937 1203 istius
1956 1169 2122 1212 exemplar

1233 1219 1402 1264 Eutyches
1423 1218 1576 1261 dixitfibi
1597 1219 1639 1254 ab
1661 1221 1731 1264 ipso
1753 1222 1871 1255 sancto
1883 1219 2012 1262 Cyrillo
2026 1220 2122 1253 trans2

1231 1272 1381 1305 missum.
1409 1270 1453 1304 Et
1475 1269 1544 1305 haec
1564 1269 1609 1303 est
1629 1271 1722 1304 causa
1736 1295 1747 1310 ,
1773 1282 1814 1304 ex
1838 1281 1901 1315 qua
1911 1271 2033 1313 semper
2058 1270 2121 1303 cla-

1230 1322 1334 1355 mavit
1356 1322 1387 1354 se
1405 1320 1564 1355 adhaerere
1587 1319 1647 1354 soli
1660 1319 1799 1355 Nicaeno
1811 1320 1973 1364 Symbolo
1986 1346 1996 1361 ‚
2022 1328 2121 1363 prout

1230 1370 1376 1416 exposito
1399 1382 1453 1413 per
1477 1368 1650 1413 Synodum
1672 1368 1869 1413 Ephesinam
1883 1395 1891 1402 .
1919 1370 1975 1403 Est
1987 1371 2021 1403 &
2035 1370 2096 1403 alia
2111 1382 2121 1402 τ

1232 1422 1294 1456 Per
1307 1420 1500 1464 Ephefinam
1511 1418 1684 1463 Synodum
1697 1420 1861 1454 intellexit
1880 1420 1987 1455 Sanffl
2000 1418 2123 1462 Cyrilli

1233 1471 1386 1516 Capitula
1398 1495 1409 1511 ‚
1436 1482 1576 1514 quorum
1588 1471 1722 1504 tertium
1733 1471 1882 1504 adfirmat
1894 1471 1978 1504 inter
2000 1468 2121 1503 Domi-

1230 1524 1265 1556 ni
1281 1532 1411 1556 naturas
1421 1522 1536 1554 fastam
1551 1522 1634 1560 esse,
1660 1532 1730 1554 non
1743 1521 1904 1554 unionem
1918 1520 2096 1554 naturalem
2109 1543 2125 1559 ‚

1230 1571 1283 1606 sed
1315 1571 1477 1606 unitatem
1503 1595 1512 1603 .
1549 1569 1759 1604 Existimavit
1782 1569 1919 1604 stabiliri
1944 1569 2120 1613 Apollina-

1230 1623 1316 1657 rium
1327 1647 1338 1663 ‚
1364 1622 1381 1656 ὲ
1396 1633 1463 1665 quo
1472 1631 1541 1654 non
1554 1620 1712 1654 unionem
1724 1642 1735 1658 ‚
1760 1620 1812 1654 sed
1826 1616 2122 1654 identificationem

1231 1673 1386 1707 somniari
1409 1672 1494 1705 inter
1515 1669 1656 1704 Domini
1680 1678 1806 1704 naturas
1821 1694 1832 1709 ,
1856 1669 2006 1704 adfirmat
2027 1670 2062 1702 in
2084 1669 2123 1702 li-

1231 1723 1290 1757 bro
1300 1722 1341 1757 de
1351 1722 1492 1756 Domini
1503 1720 1735 1754 lucarnatione
1748 1721 1880 1753 Sanetus
1902 1718 2100 1753 Athanasius
2111 1744 2123 1751 .

1231 1773 1353 1812 Sexto,
1379 1770 1506 1804 libellus
1530 1770 1698 1814 profitetur
1709 1781 1823 1804 omnes
1835 1771 1959 1804 sanCtos
1971 1769 2122 1803 Ecclesiae

1231 1822 1366 1861 Patres,
1391 1820 1667 1855 anathematizans
1692 1819 1915 1854 Manichaeum
1932 1844 1944 1860 ,
1970 1818 2124 1854 Valenti-

1231 1884 1310 1906 num
1335 1896 1346 1912 ,
1370 1872 1475 1915 ipsum
1494 1869 1740 1914 Apollinarium
1763 1882 1770 1902 :
1812 1881 1928 1904 omnes
1951 1868 2120 1903 haereticos

1230 1923 1333 1966 usque
1352 1922 1392 1955 ad
1414 1922 1584 1955 Simonem
1596 1920 1737 1964 Magum
1749 1943 1762 1959 ,
1788 1920 1822 1954 δε
1834 1931 1890 1954 eos
1901 1919 1957 1963 qui
1971 1919 2121 1964 garriunt

1231 1972 1375 2006 Domini
1396 1970 1498 2004 nostri
1520 1970 1591 2013 Jesu
1615 1967 1738 2003 Christi
1759 1980 1890 2004 carnem
1918 1968 1959 2002 de
1969 1969 2054 2003 coelo
2068 1969 2125 2002 de·

1232 2021 1404 2056 scendisse.
1429 2023 1483 2055 De
1502 2018 1566 2054 hac
1580 2019 1670 2055 enim
1694 2020 1864 2063 praesertim
1888 2018 1992 2053 haerefi
2018 2019 2122 2053 fuerat

1231 2070 1400 2114 Eutyches
1420 2071 1622 2104 diffamatus.
1651 2068 1821 2112 Sepdmd,
1847 2069 2027 2102 Eusebium
2050 2069 2124 2103 Do-

1230 2121 1415 2165 rylaeensem
1439 2121 1472 2153 &
1493 2120 1597 2153 Sanffi
1611 2119 1758 2152 Flaviani
1771 2118 1944 2161 Synodum
1957 2119 2119 2153 accusavit

1231 2173 1266 2206 in
1288 2170 1419 2204 multis.
1445 2166 1581 2208 Primo,
1608 2168 1697 2219 quod
1722 2166 1917 2211 Eutychetis
1937 2180 1993 2212 per
2019 2169 2121 2202 Euse-

1235 2220 1326 2255 bium
1347 2219 1510 2255 accusatio
1533 2220 1613 2252 facta
1626 2219 1723 2252 fuerit
1735 2218 1820 2262 apud
1831 2219 1982 2253 Sanctum
1997 2217 2124 2252 Flavia-

1231 2282 1311 2305 num
1337 2270 1372 2303 &
1394 2267 1528 2311 diversos
1552 2267 1734 2311 Episcopos,
1761 2275 1812 2310 qui
1831 2277 1902 2302 tunc
1917 2277 1975 2311 pro
1980 2274 2133 2310 privatis-⁷

1231 2319 1318 2363 caufis
1330 2326 1359 2353 iu
1371 2319 1440 2353 urbe
1451 2319 1595 2363 degebant
1606 2323 1717 2363 Regia.
1743 2318 1916 2362 Ejusmodi
1937 2318 2129 2362 Episcoposr

1229 2371 1316 2405 dixit
1339 2381 1408 2403 non
1427 2370 1491 2403 effe
1503 2369 1695 2412 Synodum,
1722 2367 1869 2410 adeoque
1879 2368 1920 2402 de
1933 2378 2119 2402 momento-

1230 2421 1269 2455 ἧς
1279 2419 1512 2464 quaestionibus
1523 2443 1534 2459 ‚
1561 2417 1666 2452 haerefi
1678 2419 1853 2462 praesertim
1867 2443 1878 2458 ,
1898 2429 1967 2452 non
1979 2420 2119 2462 potuisse

1227 2470 1371 2514 judicare
1394 2494 1401 2502 .
1429 2467 1579 2502 Secundo
1600 2492 1611 2508 ‚
1637 2468 1728 2512 quod
1751 2468 1927 2512 Eutychen
1955 2469 2126 2503 Eusebius·

1228 2520 1360 2565 quidem
1383 2518 1536 2553 accusarit
1562 2517 1605 2552 de
1625 2517 1729 2552 haeresi
1743 2543 1755 2558 ,
1782 2519 1836 2552 sed
1847 2519 1974 2565 nullam
1985 2519 2055 2562 ejus
2064 2530 2121 2552 ex-

1229 2570 1368 2614 presserit
1380 2569 1515 2612 speciem
1527 2594 1537 2609 ,
1565 2568 1704 2610 idedque
1723 2578 1805 2612 vaga
1819 2592 1830 2607 ,
1849 2568 2121 2611 praevaricatoria,

1227 2620 1363 2655 &irrita
1375 2620 1411 2654 sit
1424 2619 1497 2653 talis
1507 2618 1668 2652 accusatio
1681 2643 1688 2650 .
1715 2617 1837 2651 Tertio
1851 2642 1862 2657 ,
1887 2618 1978 2662 quod
1991 2617 2121 2652 Flavia-

1227 2681 1288 2703 nus
1307 2681 1384 2704 cum
1406 2669 1590 2703 accusatore
1611 2667 1755 2702 Eusebio
1776 2667 1939 2701 adsiduam
1953 2667 2118 2711 pendente

1226 2719 1283 2754 lite
1304 2718 1558 2753 familiaritatem
1574 2718 1698 2752 foverit
1713 2742 1724 2758 ,
1749 2719 1783 2752 &
1805 2717 1910 2762 palam
1934 2717 2117 2752 colluserit.

1225 2768 1380 2817 Qud),
1406 2768 1495 2813 quod
1522 2768 1698 2802 Flavianus
1719 2768 1823 2812 ipsum
1837 2793 1848 2809 ,
1874 2779 1916 2802 ex
1940 2767 2123 2813 monastici„

1226 2819 1343 2854 filentii
1362 2829 1474 2855 amore
1494 2819 1624 2861 sperans
1637 2830 1704 2852 non
1719 2818 1916 2862 egressurum
1931 2819 1990 2853 suo
2002 2829 2118 2852 mona·

1226 2870 1342 2908 sterio,
1366 2868 1485 2913 pararit
1498 2868 1656 2903 damnare
1675 2869 1709 2901 in
1721 2869 1964 2902 contumaciam
1976 2892 1987 2908 ‚
2014 2868 2048 2901 δε
2070 2869 2116 2911 ip-

1224 2920 1258 2953 so
1282 2919 1432 2954 inaudito
1456 2919 1651 2953 sententiam
1671 2918 1837 2952 formarit:
1866 2918 2008 2962 Liquere
2026 2918 2060 2954 id
2071 2929 2116 2952 ex

1225 2969 1415 3004 testimonio
1438 2969 1560 3013 Magni
1584 2969 1760 3004 Silentiarii
1782 2993 1790 3000 .
1818 2967 1950 3014 Qinto
1974 2992 1985 3009 ,
2021 2967 2112 3012 quod

1223 3020 1286 3063 ipse
1309 3020 1478 3053 Nicaenam
1500 3018 1599 3052 fidem
1612 3043 1624 3059 ‚
1651 3027 1747 3060 prout
1768 3016 1811 3051 ab
1831 3017 1994 3061 Ephefina
2008 3019 2114 3061 Syno-

1221 3070 1266 3104 do
1277 3071 1506 3103 confirmatam
1519 3092 1529 3106 ‚
1555 3069 1589 3101 &
1611 3068 1710 3101 verbo
1724 3069 1757 3101 ὃς
1770 3068 1887 3111 scripto
1899 3068 1996 3102 suerit
2017 3067 2111 3111 profi-

1222 3120 1282 3152 teri
1305 3128 1432 3161 paratus
1457 3142 1468 3158 ‚
1494 3116 1669 3151 Flavianus
1696 3128 1806 3152 autem
1830 3118 1974 3163 exegerit
2002 3117 2111 3151 nescio

1222 3180 1291 3212 quae
1311 3168 1556 3206 additamenta,
1583 3166 1745 3211 Ephesino
1770 3166 1905 3203 Canoni
1928 3166 2034 3210 palam
2055 3165 2111 3200 ad-

1222 3219 1307 3252 versa
1322 3241 1332 3257 ‚
1355 3227 1451 3261 atque
1472 3217 1516 3250 ita
1537 3217 1710 3252 damnatus
1731 3218 1827 3252 fuerit
1852 3226 1981 3261 propter
2002 3215 2109 3250 obser-

1223 3269 1370 3302 varitiam
1380 3266 1515 3301 1audatae
1526 3265 1652 3311 Synodi
1664 3265 1847 3311 Ephesmae.
1875 3266 1995 3307 Sexto,
2015 3266 2108 3310 quod

1222 3317 1371 3352 Flaviani
1392 3316 1546 3359 synodus
1558 3327 1612 3360 per
1625 3317 1783 3351 turnultus
1794 3317 1828 3349 a&
1838 3315 1993 3350 clamores
2004 3317 2110 3360 egerit

1221 3367 1353 3404 omnia:
1380 3366 1486 3415 Qod
1509 3366 1576 3410 ejus
1588 3378 1711 3410 canos,
1719 3367 1770 3450 (ξε
1784 3378 1842 3409 pro
1862 3365 2051 3450 orthodoiga
2071 3366 2110 3401 fi·

1777 3426 1804 3463 g
2038 3427 2062 3450 e
