2340 3736
77 972 145 1005 [ιι-3.
163 978 188 999 c.
204 979 226 999 x.

76 1692 179 1726 Secret.
211 1701 236 1720 ι.

84 2825 148 2857 Λᾶ.
173 2828 217 2855 18.

84 2980 188 3019 Epist.1
197 2985 239 3010 16.

725 100 785 128 De
822 95 1044 142 QUINTA
1080 80 1319 125 SYNono
1354 80 1681 127 GtNfiithm.

253 181 324 207 tum
346 170 437 206 fuifle
460 169 528 214 post
551 176 692 202 mortem
711 164 828 200 diserte
845 164 959 199 adserit
975 164 1120 209 Vigilius

250 222 409 257 Pontifex
432 221 467 253 in
489 217 704 252 Constituto.
734 215 947 250 Mortuorum
970 216 1125 250 damnan—

1940 92 2028 140 163

1186 161 1316 206 parabat
1340 161 1531 206 Capitulum
1552 166 1772 202 Sueffionense
1796 167 2023 212 reprehensum
2047 169 2066 203 ὲ

1186 215 1305 248 Sansto
1324 213 1448 246 lvone.
1478 212 1531 246 Ex
1555 215 1677 259 scriptis
1700 218 1896 252 authenticis
1921 218 2065 254 defunsti

250 271 367 306 dorum
389 269 583 312 potestatem
602 269 726 311 semper
746 264 861 300 habuit
882 265 1026 300 Ecclesia
1046 290 1058 306 ,
1092 274 1125 298 at
1186 263 1315 307 possunt
1326 260 1465 298 omnino
1474 261 1606 305 judicari
1621 266 1654 300 &
1674 267 1841 302 damnari.

190 328 193 331 ’
250 319 408 362 ejufinodi
428 317 594 352 neceffitas
623 315 687 351 huc
708 317 805 359 usque
829 327 898 349 non
920 323 1121 350 occurrerat.

248 370 378 404 Primus
399 379 472 402 eam
492 365 620 402 induxit
631 366 830 401 Theodorus
841 364 1104 408 Mopsuestienfis
1115 387 1125 403 ‚

250 431 310 463 pro
321 430 388 462 quo
399 441 410 458 ,
435 417 511 452 licet
525 443 535 458 ,
563 417 652 460 quod
667 417 764 456 absit,
777 415 915 449 innoxio
926 439 937 454 ‚
951 415 1050 448 trium
1062 413 1125 447 Ca-

250 469 430 513 pitulorum
449 468 644 502 Defensores
665 478 733 501 non
750 464 926 499 debuerant
941 465 1123 498 universam

251 519 427 552 Ecclesiam
442 530 496 561 per
507 528 556 553 rot
568 528 672 551 annos
684 516 822 550 lacerare
833 538 841 545 .

300 567 401 602 Reae
412 579 519 601 tamen
531 568 642 602 dixere
661 563 863 610 origenistas
882 562 915 596 &
937 560 1124 607 Acephalos

251 618 344 652 fuisse
358 617 441 651 duos
452 618 586 652 titiones
594 613 708 650 dolose
718 614 858 648 invicem
868 613 994 656 junctos
1005 613 1046 648 ad
1066 614 1124 656 Sy-

251 665 332 701 nodi
356 666 631 702 Chalcedonensis
651 664 875 698 auctoritatem
884 663 970 706 quasi
990 663 1048 698 sub
1070 662 1124 698 de-

251 718 406 752 fenfionis
417 718 449 751 &
461 715 665 760 purgationis
675 714 752 748 fuco
778 713 1122 748 circumscribendam.

250 767 370 812 Liquet
380 778 420 800 ex
441 766 547 810 primo
557 774 670 798 eorum
697 764 732 798 in
744 762 960 797 Theodorum
973 763 1102 798 decreto
1113 788 1123 804 ‚

250 819 392 852 formato
403 825 478 849 ante
500 813 669 857 Synodum
685 825 739 856 per
761 814 935 847 faRionem
947 813 1123 848 Theodori

249 865 453 910 Cappadocis
467 890 473 896 .
500 867 609 906 siquis
623 875 680 896 non
693 863 932 896 anathematizat
944 863 1125 897 Theodorum

249 914 425 959 Mopsuestiae
440 939 450 954 ,
476 916 584 954 &ejus
605 916 765 957 dogmata,
792 912 892 956 eosque
914 937 924 953 ‚
951 920 1002 955 qui
1026 923 1077 947 aut
1092 912 1127 956 fi-

247 967 330 999 milia
339 971 366 999 ei
372 963 537 1008 sapuerunt
555 973 608 996 aut
613 963 759 1006 sapiunt,
786 962 948 996 anathema
953 962 1012 1005 sit.
1040 962 1129 1006 Ejus·

245 1014 339 1050 modi
358 1025 498 1058 namque
512 1013 675 1056 formulam
690 1039 701 1055 ,
744 1013 851 1057 inquit
872 1011 1042 1047 Facundus
1062 1036 1074 1052 ,
1097 1019 1129 1046 in

247 1066 359 1099 nullius
370 1064 500 1098 haeretici
511 1066 702 1098 damnatione
714 1069 900 1097 meminimus
908 1064 1048 1106 contigisse
1059 1087 1069 1103 ,
1096 1073 1129 1097 ut

248 1115 293 1148 illi
311 1126 422 1158 quoque
441 1114 608 1147 Anathema
629 1114 716 1156 essent
731 1138 742 1154 ,
767 1119 817 1156 qui
839 1113 1002 1146 anathema
1023 1119 1050 1147 ei
1075 1125 1130 1146 non

249 1167 394 1199 dicerent.
423 1166 577 1206 Siquidem
584 1165 737 1197 multorum
756 1163 957 1197 haereticorum
970 1163 1073 1195 multos
1097 1165 1131 1196 (θ’

250 1217 390 1258 dogmata
410 1216 508 1247 Iatent
528 1216 562 1248 Θ
575 1220 717 1254 nomina,
742 1220 792 1256 qui
813 1212 977 1246 anathema
999 1213 1051 1255 effe
1073 1224 1130 1245 non

248 1263 354 1296 debent
364 1287 374 1302 ‚
402 1270 540 1305 quoniam
551 1275 609 1296 non
620 1262 878 1297 anathematizant
902 1274 949 1296 eos
963 1286 974 1302 ‚
997 1273 1068 1303 quos
1079 1274 1127 1295 ne⁴

241 1312 340 1357 sciunt
352 1337 359 1345 .
386 1313 542 1347 Edicit&
565 1314 697 1355 scopum
708 1310 748 1346 ab
769 1312 826 1346 ista
843 1311 984 1361 nimium
1008 1310 1130 1346 crudeli

248 1363 389 1397 formula
411 1363 595 1396 intentum.
623 1366 663 1397 Ut
675 1363 801 1400 synodus
823 1361 1062 1403 Chalcedonenfis
1088 1373 1132 1395 ca-

248 1412 356 1447 tholica
368 1425 425 1446 non
435 1413 487 1456 effe
500 1412 638 1454 firmetur
652 1437 661 1450 ,
688 1424 756 1454 quae
767 1412 952 1445 Theodorum
977 1423 1033 1445 non
1047 1413 1133 1444 dam-

247 1468 360 1503 navit,
386 1464 448 1496 cum
460 1474 497 1495 ex
522 1463 583 1496 Ibae
594 1461 726 1504 Epistola
745 1468 864 1495 recitari
889 1463 993 1496 laudes
1017 1464 1132 1507 dogma·

248 1524 313 1546 tum
322 1514 389 1555 eJus
409 1514 543 1546 audiret.
575 1510 710 1546 Ethinc
735 1512 909 1546 formulam
923 1512 1055 1555 probare
1075 1525 1133 1547 no-

252 1563 315 1596 luit
328 1562 436 1597 nostra
448 1562 601 1606 Synodus
611 1586 621 1602 ‚
634 1561 687 1595 sed
701 1563 890 1604 temperavit
903 1562 937 1595 in
950 1560 1014 1596 haec
1026 1562 1131 1597 verba:

250 1616 283 1645 si
295 1618 362 1654 quis
385 1611 523 1653 defendit
537 1612 738 1651 Theodorum,
763 1613 819 1645 (τε.
845 1611 1012 1645 Anatbema
1024 1611 1080 1653 fit.

302 1662 455 1697 Adversae
466 1662 564 1705 partis
574 1671 766 1706 argumenta
778 1662 812 1694 in
824 1662 959 1705 speciem
982 1662 1133 1696 videntur

254 1723 388 1756 urgere.
417 1712 464 1744 Ea
476 1711 571 1745 solvit
593 1711 764 1745 Maximus
774 1711 923 1746 Ecclefiae
947 1711 1132 1757 Aquilejen-

253 1762 291 1795 sis
315 1761 514 1809 Episcopus,
542 1762 575 1793 in
590 1761 727 1803 Synodo
740 1761 947 1795 Lateranensi
968 1761 1080 1796 dicens
1092 1762 1130 1796 ad

252 1811 436 1845 Martinum
448 1812 589 1853 primum
611 1809 807 1844 Pontificem
830 1809 979 1844 adversus
1005 1812 1131 1853 Cyrum

253 1860 518 1895 Alexandrinum
543 1885 553 1901 ,
581 1860 750 1904 Sergium,
774 1859 936 1903 Pyrrhum
956 1885 966 1900 ,
994 1860 1131 1894 Paulum

254 1912 435 1955 Episcopos
462 1910 850 1953 Constantinopolitanos
866 1935 876 1950 ,
900 1911 1045 1954 aliosque
1057 1911 1132 1946 Mo-

254 1961 433 1996 nothelitas
455 1985 465 2000 ,
501 1971 640 2003 quorum
676 1961 876 2005 singulorum
910 1961 1131 2002 accusatores,

255 2011 368 2051 testes,
393 2012 581 2053 &personae
603 2021 770 2044 nouerant
783 2010 823 2045 ad
847 2022 998 2044 manum.
1026 2013 1132 2053 sipla-

255 2071 301 2093 cet
311 2060 415 2099 vestra·
430 2061 647 2092 Beatititudini
660 2084 669 2098 ‚
693 2067 897 2094 convenienter
911 2062 948 2094 de
970 2060 1017 2093 his
1031 2086 1040 2101 ,
1066 2073 1132 2103 quae

251 2118 459 2153 proponuntur
472 2134 482 2149 ‚
507 2108 708 2153 cognoscamus
715 2119 772 2152 per
794 2109 953 2153 conscripta
961 2121 1056 2143 eorum
1079 2113 1130 2143 ad·

255 2161 359 2193 versus
366 2159 460 2201 fidem
472 2159 616 2202 exposita,
643 2172 710 2202 quae
721 2162 755 2194 (9⁶
772 2159 833 2202 fine
843 2159 1009 2203 accusantis
1033 2160 1131 2203 perso-

254 2220 296 2241 na
306 2211 478 2252 redarguere
501 2210 673 2251 aperttffime
692 2210 944 2249 demonstrantur.
973 2213 1133 2253 Propterea

254 2266 335 2293 enim
355 2257 496 2302 accusatio
515 2268 660 2294 extranea
675 2258 825 2302 superflua
847 2262 897 2303 effe
927 2259 1104 2304 dignoscitur
1122 2286 1132 2302 ,

255 2314 394 2352 quoniam
407 2312 428 2342 ci
447 2309 510 2352 suis
522 2315 687 2343 temerariis
713 2309 884 2353 confrriptIs
896 2312 1029 2352 apertius
1054 2322 1132 2344 acm-

250 2357 378 2403 santur,
407 2359 509 2402 quibus
520 2371 633 2392 omnem
658 2361 800 2392 mundum
810 2360 986 2403 conturbasse
1012 2359 1132 2404 noscun-

254 2417 322 2442 tur.
351 2413 399 2441 Ita
421 2421 549 2452 namque
559 2412 704 2442 Dominus
728 2415 793 2443 ait:
822 2411 885 2445 EX
898 2410 995 2446 ORE
1020 2410 1134 2446 TUO

256 2458 496 2501 JUDICABO
508 2459 576 2492 TE
589 2484 596 2491 .
624 2463 667 2491 Et
682 2460 744 2493 EX
758 2459 924 2494 VERBIS
935 2460 1053 2495 TUIS
1064 2461 1133 2504 JU-

256 2508 576 2542 STlFlCABERIS
599 2533 609 2548 ,
638 2509 704 2541 ET
726 2509 789 2542 EX
819 2509 986 2544 VERBIS
1016 2510 1134 2544 TUIS

256 2557 675 2592 CONDEMNABERIS
698 2583 704 2590 .
743 2563 857 2592 Contra
887 2559 1068 2594 Theodorum
1099 2563 1134 2595 (θ’

258 2612 412 2649 origenem
421 2613 454 2639 in
472 2606 579 2650 sanela
588 2614 695 2650 quinta
719 2610 827 2647 synodo
848 2608 993 2652 accusator
1014 2612 1132 2652 quidem

258 2657 359 2689 nullus
370 2680 380 2696 ,
402 2654 460 2699 sed
468 2659 666 2690 tantummodo
678 2669 772 2691 eorum
782 2657 944 2701 conscripta
970 2661 1014 2692 ad
1021 2659 1131 2703 accusa-

257 2713 366 2739 tionem
377 2704 505 2749 ipserum
516 2709 550 2740 (9·
563 2706 804 2749 reprehenfionem
811 2707 949 2751 suffeciffe
961 2707 1130 2752 naseuntur.

258 2756 430 2789 Consonat
452 2758 539 2790 sexta
551 2757 703 2799 synodus
723 2757 756 2790 in
770 2759 917 2793 sermone
943 2758 1132 2794 acclamato·

257 2807 307 2839 rio
317 2806 357 2839 ad
381 2806 583 2849 Principem.
611 2809 758 2850 ‚Quintum
770 2810 929 2842 Concilium
951 2809 1133 2849 constitutum

257 2854 314 2896 est,
341 2864 479 2889 uteorum
489 2854 643 2899 opuscula,
668 2869 735 2899 quae
745 2859 870 2892 latenter
881 2867 1001 2901 reperta
1003 2858 1079 2902 sunt
1089 2871 1132 2893 re-

251 2906 336 2947 pleta
343 2905 557 2938 abominatione
568 2930 579 2946 ,
598 2906 942 2942 anathematizarentur.
967 2907 1132 2944 EtTheo-

254 2956 387 2989 doretus
409 2980 420 2995 ,
447 2955 598 2998 Ephesini
625 2955 787 2991 latrocinii
814 2959 847 2992 in
871 2960 902 2992 se
935 2959 1128 2993 sententiam

253 3006 410 3039 retraetari
423 3005 586 3048 postulans
595 3008 725 3041 cunstos
736 3007 753 3039 ὲ
766 3009 797 3041 se
807 3009 1007 3051 conscriptos
1029 3008 1130 3042 libros

252 3054 487 3089 distinffiffime
507 3065 694 3095 enumerat,
721 3068 758 3090 ac
769 3056 886 3092 affidue
907 3060 1046 3092 clamat:
1072 3062 1132 3092 Ro-

247 3115 377 3149 gamus,
402 3113 434 3136 ut
437 3105 589 3146 judicium
615 3104 779 3148 exscriptis
802 3106 1006 3147 constituatur.
1034 3109 1128 3156 Qo-

249 3155 332 3189 circe
345 3154 499 3188 Canones
509 3155 542 3187 ὅ(
554 3153 662 3188 Patres
673 3179 684 3195 ‚
712 3167 867 3201 negantes
886 3162 1032 3192 mortuos
1059 3160 1127 3202 poss

252 3205 284 3241 se
296 3203 338 3238 ab
350 3204 489 3238 Ecclesia
502 3202 698 3246 judicariaut
721 3206 889 3247 damnari,
915 3219 1018 3252 agunt
1028 3208 1069 3242 de
1080 3208 1129 3251 ju-

252 3253 340 3287 dicio
360 3265 401 3288 ex
426 3254 564 3298 partium
584 3254 893 3298 interrogationibus
915 3258 950 3291 &
975 3258 1128 3301 responsis

252 3303 448 3344 formando,
475 3303 568 3347 quale
590 3305 623 3336 in
646 3304 838 3339 Formosum
864 3306 1059 3340 Pontificem
1084 3317 1131 3340 at-

254 3353 389 3387 tentavit
400 3354 554 3387 suceessor
567 3351 621 3387 aut
633 3354 734 3387 verius
746 3354 872 3388 invasor
882 3354 1060 3398 Stephanus
1087 3357 1131 3389 se-

253 3401 393 3445 ptimus,
418 3404 450 3436 ὁ(
461 3404 555 3446 quale
567 3404 602 3436 in
616 3403 704 3437 Petri
717 3402 979 3439 Archi-Diaconi
999 3404 1128 3439 Patrem

352 3451 455 3493 christ.
470 3457 547 3497 Lupi
560 3458 647 3497 Oper.
661 3456 782 3494 Tom-H.

1221 443 1517 495 CAPUT
1588 445 2029 499 TERTIUM.

1186 567 1403 630 Exponitur
1447 570 1478 611 S
1464 564 1584 628 ynodt'
1629 564 1755 628 nostrae
1793 567 1975 634 judicium
2023 568 2065 617 de

1315 631 1542 683 Theodoram
1563 634 1746 703 Epifiopo
1761 638 1793 681 C
1781 639 1908 701 ysenfi
1925 675 1938 686 .

1200 755 1203 758 ’
1277 757 1622 802 HeodoretiCyrensis
1644 761 1678 795 in
1692 760 1868 797 Provincia
1888 763 2069 800 Eufrate-,fia

1297 808 1449 853 Episcopi
1462 820 1519 852 pro
1529 809 1673 844 Nestorii
1686 813 1817 855 persona
1831 813 1982 849 adversus
1996 817 2070 850 San-

1188 858 1275 893 &um
1299 859 1487 902 Cyrfflum,
1513 859 1643 903 ejusque
1664 872 1720 904 per
1743 862 1940 906 Ephesinam
1966 866 2070 908 Syno-

1188 909 1267 942 dum
1287 909 1321 941 &
1343 920 1478 943 omnem
1500 909 1678 945 Ecclefiam
1698 912 1876 956 approbata
1893 913 2070 949 duodecim

1190 958 1342 1001 Capitula
1353 960 1478 993 saxeam
1500 960 1710 1002 pertinaciam
1724 986 1734 1002 ,
1760 974 1899 999 necnon
1925 964 2072 1008 peffimas

1190 1008 1434 1043 criminationes
1445 1009 1588 1052 superius
1599 1010 1727 1045 abunde
1744 1015 1900 1056 exposui,
1927 1015 2072 1058 resteque

1190 1057 1233 1091 de.
1251 1058 1317 1091 illis
1337 1059 1446 1093 scribit
1472 1059 1623 1104 Pelagius
1655 1063 1814 1097 secundus
1835 1062 1992 1099 Pontifex
2029 1065 2070 1098 ad

1192 1107 1301 1140 Eliam
1329 1106 1644 1153 Archi-Episcopum
1681 1111 1924 1155 Aquilejensem
1953 1139 1960 1147 .
1997 1119 2070 1148 Non

1192 1163 1289 1189 omma
1297 1157 1469 1191 Theodorou
1478 1157 1592 1201 Jeripta
1605 1162 1782 1195 damnamus
1793 1188 1803 1204 ,
1826 1162 1953 1207 sedsola
1964 1188 1975 1205 ,
2001 1177 2070 1207 quae

1194 1216 1296 1240 contra
1306 1208 1454 1240 duodecim
1476 1210 1576 1246 cyrilli
1589 1213 1733 1251 Capitula
1746 1213 1900 1246 &renam
1915 1215 2006 1256 fidem
2019 1216 2073 1248 ali-

1194 1258 1311 1299 ‘quando
1331 1255 1466 1300 seripfiffe
1487 1259 1661 1298 monstratur
1690 1273 1696 1293 ε
1724 1264 1805 1304 ,Quae
1825 1271 1926 1297 tamen
1951 1266 1986 1298 (5
2009 1263 2071 1308 ipse

1195 1306 1342 1349 damnasse
1361 1306 1560 1351 dignoscitur,
1587 1315 1637 1351 qui
1661 1315 1694 1342 in
1711 1310 1821 1353 sant‘la
1846 1313 2076 1355 chalcedonensi

1195 1358 1301 1394 synodo
1311 1369 1386 1390 vera
1396 1358 1533 1400 confeſjus
1545 1365 1699 1395 invenitur
1712 1385 1719 1392 .
1747 1362 1824 1404 Ejus
1838 1362 1855 1396 ὲ
1869 1362 1964 1397 bonis
1975 1365 2073 1398 mori-

1195 1406 1253 1440 bus
1265 1407 1299 1440 δε
1319 1408 1405 1441 recto
1416 1406 1571 1453 dogmate
1593 1410 1701 1454 quoad
1714 1411 1773 1450 seu,
1791 1414 1917 1446 sensum
1929 1414 1982 1447 seu
2006 1415 2075 1447 sen-

1195 1457 1333 1491 tentiam
1341 1457 1454 1491 devios
1465 1458 1565 1493 libros
1575 1470 1743 1495 enumerat
1756 1486 1766 1501 ‚
1792 1463 1826 1496 &
1839 1464 1944 1507 pergit
1956 1485 1964 1494 .
1991 1466 2073 1507 ,Quis

1196 1518 1253 1539 non
1263 1508 1369 1540 videat
1380 1532 1390 1548 ,
1417 1518 1531 1549 quanta
1542 1516 1707 1544 temeritate
1724 1513 1845 1552 plenum
1852 1512 1892 1553 fit
1903 1512 2075 1547 Theodorett

1190 1555 1306 1599 scripta
1325 1556 1523 1600 superbiendo
1545 1559 1699 1600 defendere
1714 1585 1723 1600 ‚
1751 1573 1818 1603 quae
1829 1564 1952 1596 eundem
1977 1562 2075 1606 ipsum

1195 1606 1324 1646 constat,
1352 1607 1431 1640 reela
1438 1608 1499 1649 post
1519 1609 1685 1651 profitendo
1708 1612 1880 1655 damnasse?
1909 1616 1990 1645 Dum
2002 1616 2074 1647 vere

1195 1659 1261 1697 eius
1272 1656 1468 1700 &personam
1490 1665 1647 1700 recipimus
1658 1685 1669 1701 ,
1696 1662 1730 1694 (τ’
1743 1673 1778 1694 ea
1789 1686 1800 1702 ‚
1824 1674 1893 1704 quae
1903 1663 2014 1696 dudum
2033 1665 2077 1696 la-

1195 1715 1314 1740 tuerant
1326 1731 1336 1747 ‚
1356 1716 1462 1749 prava
1469 1707 1584 1751 scripta
1594 1711 1782 1751 reprobamus
1795 1736 1806 1752 ,
1833 1718 1866 1745 in
1881 1713 1958 1746 nullo
1979 1715 1999 1745 ἃ
2005 1712 2076 1756 san-

1196 1756 1251 1789 c‘lae
1264 1756 1501 1799 Chalcedonensis
1527 1761 1630 1797 synodi
1642 1761 1758 1794 Aetione
1780 1763 1938 1795 deviamus
1951 1777 1962 1796 .·
1988 1766 2075 1806 ,Quia

1191 1806 1255 1850 sola
1265 1809 1330 1847 ejus
1356 1807 1494 1842 haeretica
1497 1807 1612 1851 scripta
1631 1809 1799 1853 respuentes
1824 1814 1858 1846 (w
1879 1824 1944 1846 cum
1966 1815 2076 1851 synodo

1195 1857 1292 1889 adhuc
1303 1861 1339 1889 N
1341 1857 1470 1896 estort'um
1482 1858 1662 1902 insequimur
1672 1884 1683 1901 ,
1712 1863 1746 1895 (Ὗ
1756 1873 1818 1896 cum
1829 1865 1938 1902 synodo
1949 1862 2078 1896 Theodo-

1195 1916 1288 1940 retum
1299 1908 1379 1940 reeta
1396 1908 1584 1950 profitentem
1597 1922 1776 1945 veneramur
1787 1938 1794 1945 .

1245 1956 1388 1991 Proinde
1411 1958 1478 1992 sola
1510 1961 1657 2003 quaedam
1680 1961 1747 2003 ejus
1780 1963 1895 2006 scripta
1922 1963 2077 1998 damnata

1196 2008 1291 2048 sunt,
1316 2019 1519 2052 nequaquam
1543 2012 1693 2053 persona.
1720 2012 1927 2048 Attamen&
1950 2015 1983 2048 in
2013 2015 2076 2048 illis

1196 2057 1391 2092 damnandis
1402 2058 1554 2093 dolosum
1567 2058 1811 2103 Acephalorum
1822 2063 1855 2096 &
1877 2063 2077 2109 Origenista.

1196 2119 1268 2141 rum
1280 2108 1428 2141 animum
1451 2109 1543 2142 fuisse
1555 2120 1763 2153 cooperatum
1786 2111 1930 2146 ostendit
1953 2114 2079 2148 Facun-
2096 2132 2153 2160 Lo..
2167 2140 2192 2162 c·
2208 2142 2232 2161 Β

1194 2156 1271 2191 dus.
1299 2158 1358 2189 Sed
1381 2168 1432 2190 nec
1442 2158 1496 2190 illa
1516 2183 1527 2199 ‚
1553 2171 1619 2201 quae
1639 2162 1743 2193 dicunt
1763 2162 1783 2192 ri
1803 2162 1980 2196 Theodoreto
2005 2169 2075 2203 cyri

1197 2205 1342 2250 Episcopo
1353 2215 1452 2239 contra
1473 2208 1592 2242 beatum
1603 2211 1740 2247 Cyrillum
1761 2211 1853 2254 nescio
1864 2215 1984 2254 quando
2005 2213 2078 2258 scri-

1191 2266 1270 2299 pta,
1295 2257 1429 2290 abaliud
1445 2260 1528 2291 modo
1551 2261 1696 2292 damnata
1704 2259 1797 2304 sunt,
1824 2261 1881 2303 nisi
1899 2272 1932 2295 ut
1940 2272 1997 2305 per
2023 2264 2073 2297 hoc

1196 2319 1306 2350 quoque
1319 2309 1443 2345 synodus
1455 2307 1694 2351 Chalcedonensis
1707 2309 1790 2353 quafi
1798 2312 1937 2345 notabilis
1963 2315 2076 2350 videre-

1194 2366 1243 2391 tur
1256 2381 1266 2397 ‚
1292 2359 1370 2398 quod
1378 2358 1455 2390 idem
1477 2358 1672 2392 Theodoretus
1686 2361 1890 2397 deliberationi
1915 2375 1950 2396 ac
1972 2365 2076 2408 defini-

1195 2413 1269 2441 tioni
1280 2409 1344 2448 ejus
1366 2405 1502 2448 interfuit
1514 2433 1524 2448 ‚
1548 2417 1636 2452 atque
1648 2410 1810 2452 Epistolam
1835 2415 1929 2453 Papae
1944 2417 2051 2446 Leonis
2065 2440 2075 2455 ,

1195 2457 1364 2497 Eutycbetis
1389 2459 1568 2491 dementiam
1590 2460 1791 2501 confutantem
1814 2486 1824 2502 ,
1849 2462 1891 2495 ibi
1914 2462 2051 2503 defendit
2064 2490 2074 2505 ‚

1196 2506 1415 2551 &quibusdam
1428 2509 1524 2541 minii:
1547 2511 1775 2552 intelligentibus
1786 2512 1899 2544 rec‘lam
1919 2514 1971 2555 effe
1996 2526 2076 2547 mon-

1189 2558 1303 2599 stravit
1322 2583 1327 2590 .
1355 2563 1442 2591 Nam
1463 2583 1473 2599 ,
1500 2569 1532 2592 ut
1553 2560 1676 2601 inferius
1707 2560 1867 2600 ostendetur
1891 2586 1901 2602 ,
1939 2565 1973 2597 ὦ*
1992 2564 2046 2595 alit
2063 2588 2076 2603 ,

1196 2621 1315 2651 quorum
1327 2606 1475 2641 memoriae
1485 2616 1728 2643 communicamus
1740 2634 1751 2651 ,
1772 2610 1957 2654 scripserunt
1967 2614 2076 2646 adver-

1195 2660 1247 2692 sus
1259 2659 1373 2692 beatum
1385 2659 1523 2696 cyrillum
1534 2684 1545 2699 ,
1570 2670 1777 2694 verumtamen
1792 2666 1824 2694 in
1836 2661 1886 2695 hoc
1905 2662 2075 2695 anathema-

1195 2718 1223 2742 te
1245 2710 1425 2741 denominati
1437 2720 1494 2741 non
1507 2708 1581 2751 sunt
1595 2735 1606 2750 ,
1631 2717 1770 2752 quoniam
1791 2717 1823 2744 in
1848 2711 2079 2754 Chalcedonenfi

1194 2758 1320 2791 Concilio
1330 2769 1385 2790 non
1409 2757 1553 2799 fuerunt.
1582 2760 1669 2794 Infre
1690 2760 1832 2795 ostendit
1852 2763 1951 2795 etiam
1975 2762 2074 2796 lfido-

1195 2819 1266 2841 rum
1279 2807 1473 2842 Pelufiotem
1489 2832 1501 2850 ‚
1524 2810 1673 2844 Ecclefiae
1686 2811 1920 2845 Alexandrina:
1939 2811 2074 2856 Presby-

1194 2868 1299 2892 terum
1312 2882 1323 2899 ,
1348 2857 1382 2890 δε
1395 2858 1604 2894 Gennadium
1630 2860 1827 2904 Episcopum
1843 2861 2075 2897 Constantino-

1195 2909 1377 2950 politanum
1392 2909 1511 2942 sensisse
1535 2910 1729 2954 &scripiiffe
1743 2911 1872 2954 pessime
1893 2912 1934 2946 de
1959 2913 2071 2947 Sancti

1194 2957 1312 3001 Cyrilli
1335 2958 1519 3001 Capitulis,
1544 2959 1578 2992 &
1603 2970 1712 2994 tamen
1735 2972 1849 2995 eorum
1874 2962 1990 3006 scripta
2016 2975 2073 2997 aut
2092 2967 2161 3004 Cap.
2180 2977 2209 3003 4.

1194 3009 1343 3051 personas
1364 3007 1524 3051 postulata
1538 3021 1605 3043 non
1629 3010 1722 3044 fuisse
1740 3010 1780 3044 ad
1804 3011 2071 3047 damnationem.

1196 3057 1317 3091 Eadem
1329 3056 1369 3091 de
1393 3058 1484 3091 causa
1495 3058 1575 3092 dicit
1600 3059 1717 3093 abillis
1739 3061 1860 3095 tastum
1882 3073 1951 3096 non
1979 3064 2072 3096 fuisse

1194 3105 1381 3141 Diodorum
1404 3106 1623 3142 Tharsensem
1645 3109 1865 3153 Episcopum,
1890 3112 1997 3155 primae
2016 3112 2072 3146 Ci-

1194 3157 1276 3190 liciae
1287 3156 1536 3198 Metropolitam
1548 3182 1558 3198 ‚
1584 3157 1758 3194 Theodori
1772 3160 1996 3205 Mopsuesteni
2007 3173 2071 3196 ma-

1193 3205 1345 3250 gistrum.
1373 3206 1460 3240 Eum
1486 3218 1553 3240 non
1574 3207 1781 3243 solummodd
1804 3211 1977 3245 Flavianus
2001 3211 2070 3244 An-

1194 3254 1412 3289 tiochenus&
1434 3256 1573 3299 Xenajas
1583 3258 1636 3291 seu
1660 3257 1861 3293 Philoxenus
1882 3259 2069 3304 Hierapoli-

1196 3316 1289 3341 tanus
1317 3305 1497 3349 Episcopus
1516 3306 1550 3340 in
1572 3307 1709 3350 synodo
1731 3308 2068 3354 Constantinopolita-

1195 3367 1258 3395 na,
1284 3364 1320 3388 ut
1332 3354 1421 3397 supre
1442 3356 1653 3392 audivimusa
1682 3357 1816 3393 Victore
1827 3358 2073 3401 Tonnonenfi,

1196 3417 1249 3448 per
1261 3404 1462 3440 Anastafium
1484 3404 1670 3451 Augustum
1687 3406 1827 3444 adunata
1849 3409 2043 3445 damnarunt
2055 3435 2067 3450 ‚

1612 3456 1650 3490 X
1696 3468 1720 3494 2
1965 3460 2018 3495 sed

2089 1109 2159 1145 Cap·
2182 1116 2226 1136 ιο.
