2340 3736
83 1888 157 1941 cap·
194 1914 219 1937 o,

87 2404 171 2432 1·16.
186 2403 234 2433 tit.

75 2451 124 2478 35·

684 131 773 176 An
808 127 1651 180 EpnesmunLAmotnmuM.

273 219 439 262 politanus
450 216 569 250 Canon
582 229 593 248 .·
621 219 753 249 orientis
763 214 904 258 Episcopi
916 220 1072 249 Orientem
1084 223 1151 248 tan-

274 271 338 303 tum
353 268 519 312 gubernent
537 290 544 297 .
574 264 619 300 Et
642 266 677 299 in
708 264 871 309 Ephefinae
896 265 1023 309 Synodi
1057 264 1150 299 Actis

274 318 411 363 Joannis
417 313 612 350 Patriarchae
623 313 829 350 Antiocheni
841 317 940 350 faciio
963 317 1149 359 frequenter

272 376 409 403 vocatur
420 363 572 410 Synodus
592 365 742 401 Ecclefiae
753 370 809 400 seu
829 366 971 400 dioecefis
996 366 1148 400 Orienta-

275 418 315 452 lis
325 443 332 450 .
360 416 472 451 Etiam
483 415 551 450 haec
562 416 650 451 vocis
660 416 808 460 acceptio
819 416 865 450 est
876 414 1129 459 frequentissima
1141 439 1148 446 .

271 466 635 503 PorrOistiOrientales
656 465 811 510 Episcopi
827 464 1046 508 Eutychianis
1069 463 1147 498 blas-

270 516 412 561 phemiis
435 516 720 553 fuereconstanter
739 515 919 554 adversati,
946 514 1089 556 ideQue
1103 513 1147 548 ob

269 568 414 611 ipsorum
426 577 547 611 nupera
558 565 644 611 apud
665 565 863 611 Ephefinam
874 565 1046 608 Synodum
1068 564 1147 599 Asta

269 619 358 661 quafi
369 618 408 652 de
417 626 545 653 retento
555 618 737 651 etiamnum
747 615 903 649 Nestorio
923 616 1081 658 suspestos
1093 627 1148 649 an·

269 677 303 701 te
324 668 510 712 AEgyptios
532 692 543 709 ‚
579 666 640 700 fibi
666 664 930 702 Patriarchaliter
957 665 1116 708 subjeetos
1137 689 1148 706 ‚

268 717 465 753 subscribere
475 718 655 752 Dioscorus
679 715 811 760 coegit.
838 715 887 751 Ita
900 716 1146 750 SanstiFlavia-

267 768 303 800 ni
323 767 495 802 damnatio
516 792 528 809 ‚
553 778 623 799 non
644 765 684 800 ab
707 766 833 801 aemulis
858 791 869 807 ,
895 766 950 800 sed
969 765 1010 800 ab
1032 766 1147 801 amicis

266 817 352 861 apud
361 828 469 851 rerum
480 817 612 862 ignaros
623 817 689 850 visa
699 816 746 850 est
761 816 941 860 proceffiffe
950 842 958 849 .

317 867 419 900 Porro
429 867 464 900 in
478 868 632 902 Sanctum
640 866 835 901 Flavianum
846 868 880 901 &
892 865 1068 900 Eusebium
1078 867 1150 901 Do-

267 916 450 959 rylaeensem
462 917 661 961 Episcopum
673 916 782 952 datam
802 917 997 951 sententiam
1009 914 1150 951 lucidius

267 978 329 1010 prae
349 967 469 1001 caeteris
490 967 660 1011 Episcopis
681 967 830 1011 expressit
849 967 1037 1010 suffragium
1060 966 1148 1009 Juve-

266 1016 350 1050 nalis
366 1017 674 1061 ¹Hierosolymitani
687 1043 694 1050 .
725 1016 788 1060 Sese
809 1017 921 1051 alienos
944 1019 964 1051 ὰ
985 1018 1150 1050 sacerdotio

265 1067 406 1109 &gradu
416 1067 587 1113 Episcopali
609 1067 808 1109 monstrarunt
820 1069 993 1101 Flavianus
1014 1065 1148 1109 &Euse-

266 1116 355 1157 hius,
380 1125 431 1160 qut
450 1125 550 1155 conati
566 1117 637 1163 sunt
647 1119 760 1152 addere
783 1120 818 1152 &¹
830 1123 963 1152 minuere
986 1119 1105 1159 aliquid
1113 1118 1150 1149 de

261 1166 369 1210 sanc‘la
373 1167 455 1210 fide,
489 1181 558 1212 quae
580 1175 613 1201 in
625 1173 734 1202 Nicaea
754 1167 884 1212 tisanHo
895 1168 1024 1201 Concilio
1042 1165 1150 1209 expost-

265 1217 346 1257 taest
367 1241 378 1257 ‚
403 1230 491 1260 quam
517 1221 551 1253 ὦ·
571 1219 761 1261 confirmavit
775 1217 887 1262 sanHa
908 1220 943 1252 (9⁴
962 1215 1147 1260 universalis

264 1268 392 1305 synodus
416 1274 448 1300 in
468 1268 525 1301 bac
547 1267 696 1311 Ephefina
721 1274 845 1303 civitate
862 1268 985 1311 pridem
1007 1266 1146 1300 collec‘la.

265 1318 459 1359 ,Quapropter
466 1317 578 1361 ‚iustum
586 1318 624 1358 est
634 1330 680 1352 eos
691 1343 702 1358 ,
727 1324 779 1361 qui
789 1319 902 1352 audent
912 1319 1029 1360 aliquid
1035 1318 1148 1350 addere

262 1365 336 1408 fidei
354 1376 408 1401 aut
429 1374 561 1403 minuere
572 1393 583 1409 ,
608 1369 721 1402 alienos
732 1369 784 1413 effe
794 1371 814 1401 ἃ
824 1369 990 1402 Sacerdotio
1002 1391 1012 1407 ‚
1037 1369 1072 1402 (τ
1083 1380 1144 1400 ma-

265 1418 347 1451 xime
356 1423 407 1460 qui
415 1426 535 1452 tantam
541 1418 682 1461 fecerunt
704 1418 895 1462 confusionem
905 1419 914 1451 .’
940 1418 1078 1462 Propter
1090 1427 1149 1451 ter-

262 1467 347 1501 tium
369 1468 568 1510 Canonem‚
592 1470 745 1513 initaque
769 1481 871 1513 nuper
893 1469 978 1503 inter
995 1469 1148 1503 Sanstum

261 1515 417 1553 Proclum
437 1521 472 1554 &
491 1520 669 1555 Domuum
691 1520 733 1554 de
752 1520 812 1554 illo
825 1521 916 1564 pasta
938 1518 1053 1554 oderat
1065 1519 1147 1553 Dio-

260 1568 370 1602 scorus
394 1570 497 1605 eriam
523 1569 653 1614 Synodi
688 1569 1070 1613 Constantinopolitanae
1103 1568 1144 1602 ad

260 1617 457 1660 Symbolum
470 1620 646 1654 Nicaenum
668 1621 748 1654 facta
758 1619 995 1654 additamenta:
1021 1618 1145 1662 Etipsa

260 1667 294 1700 &
303 1678 438 1702 omnem
449 1670 593 1713 ipsorum
605 1672 830 1713 usurpatorem
841 1669 927 1706 dixit
940 1668 1088 1704 damnari
1102 1669 1143 1703 ab

260 1716 424 1760 Ephefina
446 1720 585 1763 Synodo
610 1744 621 1760 ,
647 1719 776 1766 istoque
796 1720 874 1754 suco
893 1719 1087 1754 Flavianum
1109 1719 1144 1753 &

259 1766 439 1802 Eusebium
460 1768 650 1814 degradavit
670 1791 678 1801 .
705 1770 762 1804 Ad
789 1770 980 1805 Romanam
1000 1794 1011 1810 ,
1038 1769 1056 1802 a
1079 1781 1143 1813 qua

257 1817 449 1853 confirmata
475 1818 696 1854 additamenta
718 1844 729 1860 ,
755 1818 936 1856 Ecclesiam
961 1819 1142 1862 appellauit

257 1867 455 1910 Flavianus,
483 1869 529 1903 ast
549 1869 661 1904 retulit
673 1869 765 1913 quod
786 1869 820 1903 in
845 1869 1011 1903 Breviario
1034 1867 1142 1903 scribit

258 1918 451 1952 Liberatus:
480 1922 657 1955 Flavianus
677 1917 867 1962 &Eusebius
877 1918 1010 1959 custodiae
1032 1925 1144 1953 manci-

252 1976 387 2010 pantur.
416 1968 666 2004 ErRomanutn
681 1970 989 2015 Martyrologium:
1011 1969 1140 2003 sanctus

257 2019 434 2052 Flavianus
445 2017 637 2062 Episcopus,
661 2021 727 2054 ciana
738 2019 832 2062 fidem
844 2019 1033 2054 catholicam
1043 2019 1145 2063 Ephe-
1165 2014 1167 2017 ’
1194 2027 1196 2029 ’

251 2065 282 2108 fi
293 2075 519 2112 propugnaret,
544 2069 582 2102 ab
592 2075 686 2111 impia
697 2067 826 2118 Dioscgrt
839 2069 975 2112 subitone
979 2075 1094 2112 pugnis
1107 2071 1145 2104 ό·

256 2118 384 2150 calcibus
406 2118 556 2162 perculsus
573 2119 636 2161 post
657 2120 803 2168 triduum}
811 2125 936 2162 moeitue
959 2145 967 2151 .
994 2117 1039 2153 Et
1059 2122 1142 2154 anti—

256 2177 340 2207 quus
361 2167 479 2202 Codex
497 2167 703 2205 Vaticanus:
730 2161 875 2204 Ducitur
880 2173 913 2202 In
937 2171 1060 2204 exilium
1070 2171 1144 2203 Fla-

256 2223 393 2258 vianus,
419 2219 454 2252 6·
467 2221 553 2261 apud
561 2210 732 2262 Epypa'ni,
736 2230 816 2262 ·quse
836 2219 876 2261 ιβ
887 2221 990 2259 Lydtae
1009 2225 1148 2261 civitas,

250 2265 303 2310 seu
321 2266 551 2311 superveniente
565 2268 619 2312 seu
646 2265 762 2313 ingesta
769 2275 876 2304 mre
898 2263 1058 2311 defunffus
1081 2269 1150 2310 est.
1164 2300 1166 2304 ,

254 2317 435 2362 Relegatus
462 2320 525 2353 suit
549 2319 642 2362 juxta
663 2317 823 2355 Gratiani·
844 2319 988 2365 Augusti
1011 2321 1142 2364 legem,

255 2378 327 2410 quz
349 2379 404 2411 per
427 2367 631 2410 Arcadium,
658 2369 895 2405 &Honorium
916 2370 1084 2414 Augustos
1104 2370 1139 2409 in

254 2417 328 2462 lege
341 2417 570 2453 Theodofiani
593 2419 729 2453 Codicis
750 2419 790 2453 ad
804 2416 997 2454 'Adrianum
1019 2419 1148 2454 Praeto-

254 2467 305 2501 rio
318 2468 505 2502 Praefestum
528 2469 659 2503 laudata
680 2470 817 2504 mandat
835 2468 1049 2514 degradatum
1062 2471 1175 2513 Epi-1»

254 2518 389 2561 scopum
411 2518 453 2552 ad
476 2529 610 2553 centum
629 2519 647 2552 a
670 2520 724 2555 sua
745 2520 879 2554 civitate
901 2520 1004 2555 millia
1026 2519 1139 2564 depor-

254 2575 315 2601 tar!
330 2593 336 2599 .

305 2618 456 2652 Imitatus
466 2618 511 2653 est
526 2619 707 2653 Dioscorus
716 2619 892 2653 fastionem
903 2619 1137 2662 Eusebianam‚

252 2665 295 2700 de
307 2678 370 2711 qua
382 2669 516 2703 Sanctus
529 2667 721 2704 Athanasius
743 2669 778 2703 in
794 2670 896 2713 prima
909 2669 1078 2715 Apologia
1095 2672 1136 2706 ad

253 2716 491 2752 Constantium
526 2718 714 2764 Augustum
738 2733 749 2752 .·
775 2721 853 2752 cum
876 2729 931 2753 tua
951 2725 1137 2754 Humanitas

251 2778 311 2800 non
333 2768 417 2802 ultra
435 2794 445 2809 ,
473 2780 564 2811 quam
588 2778 679 2803 extra
700 2774 856 2804 civitatem
870 2794 880 2809 ‚
903 2774 1136 2805 Provinciamve

247 2815 335 2859 fitam
349 2817 509 2862 Epiftopos
520 2821 680 2853 amandari
687 2820 806 2863 jufferit
817 2844 828 2860 ,
855 2820 901 2861 isti
907 2822 1047 2862 praeclar}
1058 2827 1134 2862 viri,

246 2865 345 2910 supra
370 2871 552 2902 mandatum
575 2879 658 2903 tuum
686 2876 838 2906 temerarii
861 2895 871 2910 ,
907 2872 1018 2915 longius
1045 2883 1136 2914 quam

250 2925 311 2950 tres
324 2921 501 2952 Provincias
514 2926 546 2952 in
554 2922 615 2953 loca
630 2920 749 2964 deserta
761 2945 773 2961 ,
801 2918 919 2963 insolita
932 2945 942 2961 ‚
970 2920 1134 2963 horribilia,

250 2966 382 3001 homines
396 2967 484 3012 senes
507 2971 542 3003 (5·
554 2969 675 3013 annosos
688 2970 845 3014 Episcopos
866 2973 1009 3012 eJ'ecerum
1023 2997 1030 3003 .
1060 2973 1134 3005 Ete-

250 3018 320 3052 nim
334 3019 486 3053 Gratiani
506 3020 560 3054 lex
583 3032 650 3054 non
665 3021 706 3055 de
728 3021 844 3064 quovis
867 3022 1046 3067 degradato
1059 3022 1134 3066 Epi-

249 3069 348 3112 scopo
368 3069 532 3112 loquitur,
557 3070 609 3104 sed
621 3070 661 3104 de
677 3071 746 3105 solo
770 3071 849 3112 illo,
878 3078 929 3115 qui
940 3074 1061 3114 aliquid
1071 3083 1134 3105 con-

247 3127 300 3152 tra
310 3118 466 3161 custodiam
490 3121 680 3162 velquietem
698 3122 849 3163 publicam
864 3124 958 3155 moliri
978 3121 1073 3167 fuerit
1084 3124 1121 3155 de

244 3169 411 3212 prehensus
436 3195 446 3210 ,
473 3168 632 3213 rursusque
652 3179 752 3212 petere
776 3174 974 3206 Sacerdotium
998 3198 1008 3214 ,
1035 3176 1055 3205 ἃ
1077 3185 1132 3214 quo

248 3220 374 3253 videtur
396 3218 532 3262 expulsus
556 3245 562 3252 .
603 3219 739 3255 Arcadii
764 3222 798 3256 δε
822 3222 970 3257 Honorii
1004 3224 1131 3267 legem,

248 3270 441 3304 Gratianaeae
461 3269 692 3311 laudatricem,
722 3270 866 3306 laudavit
893 3274 927 3305 ὅ(
941 3271 1058 3306 Codici
1074 3274 1131 3305 suo

242 3318 384 3354 'inseruit
407 3320 507 3355 etiam
525 3320 726 3363 Iustinianus
746 3320 939 3365 Augustus,
966 3333 998 3356 at
1014 3323 1130 3366 relega-

248 3367 375 3404 tionem
389 3371 424 3404 in
438 3371 699 3406 monasterialem
710 3371 895 3405 custodiam
907 3373 1044 3407 mutavit
1060 3396 1070 3411 ‚
1098 3375 1131 3408 &

248 3416 290 3452 ad
300 3431 417 3454 omnes
439 3420 636 3467 degradatos
647 3421 986 3466 Episcoposexte'ndit
1001 3447 1008 3455 .
1035 3423 1130 3458 Hinc

346 3469 452 3511 christ.
462 3475 540 3515 Lupi
550 3476 632 3515 Oper.
646 3475 722 3505 Tom.
738 3475 775 3504 IL

1938 154 2031 200 241

1214 215 1303 250 enim
1325 226 1456 259 poenam
1480 215 1575 251 istam
1599 220 1634 253 in
1657 221 1764 255 varios
1784 244 1796 262 ,
1828 220 1906 256 lice-t
1935 220 2103 264 publicam

1215 267 1360 309 quietem
1374 268 1409 300 iu
1423 266 1517 300 nullo
1528 277 1696 305 moventes
1709 296 1720 313 ,
1744 281 1898 306 executus
1911 271 1957 305 est
1968 272 2107 307 San-stus.

1218 315 1396 361 Gregorius
1417 316 1566 362 Magnus
1587 341 1595 349 .
1621 319 1806 365 Antiquam
1828 320 1976 356 Ecclesiae
2000 333 2098 365 regu⁶

1216 367 1281 400 lam
1295 368 1429 402 sanstus
1438 366 1507 402 Leo
1526 367 1687 403 Pontifex
1710 371 1854 407 rescribit
1865 371 2006 406 Rustico
2029 370 2104 403 Me·

1216 417 1381 460 tropolitae
1400 417 1626 458 Narbonensi:
1654 421 1787 453 Alienum
1805 421 1843 462 est
1862 419 2097 465 deonsuetudine

1218 466 1410 509 Ecclefiastica
1432 492 1445 509 ,
1468 477 1502 501 ut
1522 474 1574 512 qu}
1599 475 1632 502 in
1651 469 1847 508 Presbyterali
1872 472 1977 505 bonore
2003 495 2015 511 ,
2039 477 2094 506 aut

1217 522 1350 551 Diaconii
1352 521 1453 562 gradu
1465 519 1587 560 fuerint
1597 518 1757 563 consecrati
1771 545 1782 560 ,
1807 527 1829 553 ii
1840 529 1900 562 pro
1916 527 2037 555 crimine
2048 523 2105 554 alt·-

1216 580 1271 610 quo
1274 566 1328 611 suo
1331 576 1390 610 per
1409 581 1516 603 manus
1530 569 1735 612 impofitionem
1757 572 1920 604 remedium
1945 577 2097 614 accipiant

1213 620 1391 659 paenitendi.
1422 619 1581 664 ,Quodfine
1603 621 1690 654 dubio
1706 632 1744 655 ex
1756 620 1916 663 Apostolica
1929 625 2093 656 traditione

1217 665 1364 710 descendit
1375 693 1386 709 ‚
1406 668 1569 712 secundum
1590 673 1671 714 quod
1676 670 1823 715 J‘criptum
1842 671 1902 712 est:
1929 670 2106 714 Sacerdosfi

1212 725 1382 759 peccaverit
1402 743 1413 760 ‚
1437 726 1505 763 quis
1526 721 1626 755 orabit
1641 730 1699 763 pro
1723 733 1754 754 eo
1776 721 1792 753 ?
1818 722 1905 755 Unde
1930 720 2098 763 hujusmodi

1215 766 1301 810 lapfis
1307 774 1440 811 privata
1461 770 1674 813 allex-petenda
1689 771 1819 816 fheeffio,
1846 772 1950 805 ubiilli
1974 770 2105 813 satisfa-

1214 818 1288 859 Alio,
1307 818 1340 860 fi
1342 819 1442 861 fuerit
1465 822 1578 864 digna,
1602 821 1641 864 fit
1655 828 1748 855 etiam
1762 821 1932 866 srur‘luosa.
1963 820 2075 855 Voces
2095 846 2109 863 ,

1182 872 1188 876 ‘
1214 871 1269 901 Ex
1291 869 1447 911 Apostolica
1467 873 1629 905 traditione
1648 870 1797 915 descendit
1814 895 1826 911 ,
1852 872 2030 917 respiciunt
2052 873 2105 906 so-

1215 918 1279 953 lam
1290 921 1552 963 poenitentialem
1562 932 1698 957 manum
1710 946 1721 963 ,
1747 932 1847 967 quarn
1856 922 1951 966 lapfis
1967 923 2104 967 Episco-

1201 970 1284 1013 tpis,
1311 970 1532 1014 presbyteris,
1558 984 1616 1008 aut
1627 972 1788 1008 Diaconis
1801 973 1928 1016 imponi
1943 972 2105 1017 Apostoli

1213 1020 1355 1054 omnino
1375 1022 1575 1063 noluerunt,
1604 1034 1646 1058 ne
1659 1024 1761 1058 tantis
1780 1024 2001 1059 Sacramentis
2015 1048 2026 1064 ,
2052 1024 2105 1058 uti

1213 1071 1247 1103 in
1267 1069 1359 1103 libris
1379 1071 1531 1106 adversus
1546 1072 1802 1108 parmenianum
1824 1075 1960 1108 Sanstus
1986 1073 2104 1120 Augu-

1211 1119 1314 1153 stinus
1334 1121 1477 1162 scribit,
1501 1132 1601 1157 tantae
1623 1124 1814 1182 abjestionis
1837 1123 1872 1157 ὅς
1898 1122 2098 1159 humilitatis

1213 1180 1326 1213 injuria
1337 1180 1551 1215 irrogaretur
1581 1174 1626 1207 Et
1646 1173 1754 1208 hinc
1745 1186 1780 1207 m
1794 1175 1947 1209 Romana
1958 1176 2016 1209 sua
2041 1176 2100 1219 Sy-

1212 1218 1302 1255 nodo
1323 1220 1532 1257 Melchiades
1546 1223 1703 1258 Pontifex
1726 1223 1895 1259 damnavit
1917 1225 2097 1261 Donatum

1214 1270 1444 1315 Episcopum
1435 1285 1470 1306 in
1495 1273 1586 1307 Cafis
1606 1274 1710 1319 nigris
1729 1299 1740 1315 ,
1767 1276 1847 1317 quod
1861 1274 2003 1318 confessus
2029 1276 2098 1320 esset

1210 1319 1366 1363 Episcopis
1382 1321 1470 1365 lapsis
1494 1324 1752 1368 poenitentialem
1765 1336 1887 1358 manum
1912 1324 2073 1369 imposuisse
2086 1351 2099 1367 ,

1210 1373 1291 1414 quod
1298 1372 1337 1405 ab
1351 1372 1461 1415 Eccles
1446 1386 1476 1406 a
1487 1375 1617 1408 alienum
1628 1374 1686 1415 est.
1713 1373 1818 1409 Porro
1829 1375 1988 1418 privatam
2002 1375 2098 1410 istam

1212 1423 1419 1457 seceffionem
1442 1423 1642 1467 Justinianus
1665 1422 1835 1470 Augustus
1858 1435 1900 1459 ex
1920 1425 2019 1459 causis
2042 1436 2102 1459 vo-

1212 1473 1274 1507 luit
1296 1473 1448 1517 deinceps
1470 1476 1502 1508 in
1524 1474 1727 1510 monasteriis
1752 1474 1822 1509 fieri
1844 1499 1857 1517 ‚
1881 1475 1916 1509 ἀ
1939 1475 2095 1511 Romana.

1213 1523 1355 1559 Ecclesia
1369 1524 1597 1569 comprobavit
1607 1550 1614 1557 .

1349 1828 1602 1894 Exponuntur
1614 1826 1756 1890 reliqua
1772 1822 1956 1872 latrocinii

1593 1897 1696 1944 Ao'la
1704 1932 1716 1942 .

1279 2067 1338 2102 0st
1351 2066 1419 2102 haec
1439 2067 1540 2103 etiam
1561 2068 1764 2112 Episcopos,
1791 2066 1909 2100 Sansto
1931 2063 2096 2100 Flaviano

1302 2118 1337 2152 in
1349 2117 1538 2163 damnando
1549 2116 1737 2162 Eutychete
1759 2115 1961 2159 synodaliter
1975 2127 2100 2159 coope⁴

1205 2176 1292 2202 ratos
1304 2186 1318 2208 ,-
1341 2167 1384 2202 ad
1393 2179 1505 2212 poenas
1515 2168 1692 2211 postulavit
1707 2168 1912 2206 Dioscorus,
1932 2165 1967 2198 &
1982 2165 2096 2209 primi-

1193 2218 1257 2251 ‘tus
1280 2217 1437 2253 Bafilium
1458 2218 1586 2252 Isauriae
1613 2217 1867 2275 Metropolitam
1890 2241 1900 2256 ‚
1928 2215 2092 2260 insignem

1192 2266 1403 2310 EutychetiS
1412 2268 1650 2313 exagitatorem
1666 2293 1677 2309 ‚
1702 2268 1758 2312 qui
1771 2277 1826 2301 aut
1838 2264 2003 2300 laudatam
2016 2266 2100 2300 San-

1204 2318 1244 2352 sti
1258 2314 1406 2354 Flaviani
1428 2319 1628 2362 synodum,
1656 2318 1843 2361 dictumque
1866 2315 1939 2350 istic
1959 2326 2018 2359 pro
2045 2328 2099 2350 or-

1204 2369 1352 2415 thodoxa
1366 2369 1641 2417 fidgffiffragium
1654 2369 1832 2408 damnare,
1860 2376 1916 2400 aut
1931 2366 1997 2409 ipse
2018 2376 2098 2400 cum

1202 2420 1319 2455 eodem
1330 2421 1449 2455 Sansto
1461 2420 1620 2453 Flaviano
1632 2419 1781 2453 damnari
1795 2416 2012 2461 compulsus,
2043 2428 2097 2451 ve-

1190 2463 1278 2506 ⁸xarn
1301 2471 1528 2504 latrocinalem
1543 2468 1681 2503 redemit
1710 2467 1772 2503 hac
1794 2468 1878 2502 foeda
1903 2465 2095 2511 palinodia:

1203 2520 1361 2565 ConsentIo
1374 2522 1447 2564 fidei
1463 2519 1632 2564 fimdlorum
1658 2523 1786 2552 Parrum
1809 2543 1818 2557 ‚
1847 2524 1900 2560 qui
1928 2522 1960 2549 in
1983 2522 2095 2550 Nicaea

1193 2571 1325 2613 fuerunt
1341 2597 1351 2611 ,
1377 2574 1412 2606 ό·
1423 2579 1518 2615 quiin
1529 2569 1648 2613 Epheso
1668 2571 1771 2602 iterum
1783 2569 1917 2602 eamdem
1944 2566 2096 2609 confirma-

1200 2630 1272 2655 runt
1284 2648 1291 2655 .
1318 2625 1382 2655 Eos
1405 2625 1497 2661 vero,
1524 2627 1576 2664 qui
1594 2626 1745 2654 contraria
1761 2617 1897 2662 sentiunt
1909 2622 1942 2649 in
1968 2618 2067 2658 aliquo
2080 2641 2092 2657 ‚

1201 2674 1253 2706 vel
1270 2673 1319 2705 his
1330 2685 1397 2714 quae
1418 2678 1452 2705 in
1463 2677 1593 2712 Nicaea,
1620 2670 1673 2703 vel
1681 2669 1729 2703 bis
1743 2680 1809 2712 quae
1828 2673 1861 2701 in
1873 2666 1991 2710 Epheso
2017 2668 2095 2700 ordl-

1200 2731 1276 2755 nata
1297 2721 1373 2766 sunt
1395 2746 1406 2763 ,
1433 2720 1554 2765 aversor
1580 2745 1591 2761 ,
1617 2719 1886 2754 anathematizans
1912 2718 2090 2751 dividentes

1196 2771 1259 2814 post
1272 2779 1412 2806 unionem
1423 2777 1456 2805 in
1479 2774 1557 2810 duas
1569 2779 1696 2804 naturas
1712 2795 1723 2811 ,
1748 2772 1799 2804 vel
1817 2766 2020 2813 subfistenttas
2039 2766 2092 2810 seu

1193 2820 1339 2865 personas
1363 2834 1455 2857 unum
1480 2825 1638 2855 Dominum
1660 2817 1903 2864 nostrumJefitm
1914 2817 2065 2859 Christum
2077 2843 2089 2860 ,

1198 2872 1340 2916 accusans
1363 2875 1398 2907 (τ
1408 2871 1625 2915 reprehendens
1631 2877 1788 2914 propriam
1799 2881 1898 2904 vocem
1908 2893 1919 2909 ‚
1945 2880 2038 2911 quam
2050 2868 2088 2901 de

1198 2923 1316 2956 duabus
1337 2930 1457 2957 naturis
1474 2922 1620 2966 professus
1628 2920 1695 2965 sum
1716 2928 1748 2954 in
1760 2919 1855 2960 Gestis
1868 2919 1983 2953 habitis
2004 2919 2093 2961 apud

1200 2977 1323 3016 Regiam
1336 2981 1492 3007 civitatem
1504 2998 1516 3013 ,
1543 2974 1578 3007 (5
1587 2974 1678 3005 adoro
1687 2983 1780 3005 unam
1799 2979 1943 3004 naturam
1955 2972 2090 3003 Deitatis

1197 3030 1342 3068 unigeniti
1364 3030 1514 3058 incarnati
1533 3049 1539 3055 .
1570 3023 1634 3056 Rei
1660 3023 1772 3055 seriem
1793 3020 1918 3065 aperuit
1942 3020 2085 3062 postmo.

1197 3073 1275 3107 dum
1303 3076 1336 3107 in
1363 3072 1500 3117 Synodo
1521 3071 1782 3106 Chalcedonenfi
1808 3070 1898 3105 idem
1926 3070 2080 3103 Balilius:

1196 3129 1268 3156 Non
1278 3133 1341 3156 utor
1351 3126 1421 3156 aliis
1440 3122 1579 3162 testibus.
1608 3124 1666 3156 Per
1680 3122 1800 3156 beatum
1806 3125 1966 3167 Joannem
1988 3120 2086 3153 Seba-

1195 3174 1331 3207 stensem
1342 3172 1543 3215 Episcopum,
1572 3173 1682 3215 primae
1697 3172 1862 3207 Armeniae
1885 3170 2084 3213 Metropoli·

1195 3235 1262 3258 tam
1288 3248 1299 3264 ,
1324 3229 1430 3267 rogavi
1452 3223 1604 3256 emendari
1625 3225 1871 3257 interlocutionem
1892 3231 1989 3253 meam
2007 3243 2018 3259 ,
2042 3225 2080 3253 ti·

1196 3286 1279 3308 mens
1306 3285 1341 3306 ac
1367 3282 1495 3310 metuens
1521 3276 1562 3306 Te
1586 3275 1854 3312 reverendiffimum
1884 3268 2073 3313 Dioscorum.

1196 3329 1340 3368 Magnam
1365 3331 1443 3359 enim
1470 3324 1655 3363 neceffitatem
1692 3333 1761 3356 tunc
1788 3318 1947 3364 imposuisti
1972 3320 2075 3354 nobis.

1196 3377 1394 3415 eonjurentur
1414 3387 1535 3414 omnes,
1561 3376 1727 3414 conjuretur
1748 3376 1900 3405 Auxonius
1913 3395 1924 3412 ‚
1951 3370 2071 3405 Seben-

1199 3426 1314 3460 nitenae
1334 3424 1369 3458 in
1382 3425 1538 3470 AEgypto
1559 3423 1702 3457 civitatis
1722 3420 1910 3466 Episcopus,
1935 3427 2006 3505 qbuia
2026 3421 2070 3453 dt-

1911 3483 1941 3507 C?
1961 3483 2011 3504 am
2024 3485 2036 3504 .'
