2340 3736
363 106 458 143 166

297 185 402 217 finam
415 178 588 225 Synodum
609 177 852 214 criminationes
865 203 875 219 ‚
903 176 957 212 sed
979 179 1012 212 δε
1030 177 1074 211 ob
1100 189 1176 212 con-

298 241 424 267 tentam
449 231 483 264 in
503 232 569 273 ipsa
605 230 805 273 impietatem
839 229 1090 264 Nestorianam‚
1116 238 1178 269 qua

300 293 371 317 non
382 283 493 317 Deum
516 279 662 314 Verbum
683 289 796 314 natum
816 278 835 312 ὲ
854 277 1018 322 Virgine,
1045 275 1097 309 sed
1120 275 1179 309 ho-

302 334 428 368 minem
441 342 556 375 purum
566 330 713 365 adfirmat
725 354 733 361 .
759 331 841 363 Haec
868 329 942 362 sunt
954 325 1108 370 Epistolae
1117 335 1181 359 ver-

301 382 345 418 ba
357 383 398 417 de
409 391 522 425 quarto
533 379 688 423 Capitulo
712 380 819 413 Saneii
837 376 976 420 Cyrilli.
1004 381 1075 409 Haec
1101 380 1179 408 omni

899 93 1529 139 D1SSERTA·1·10

1245 176 1359 209 bitavit
1378 182 1412 210 in
1431 177 1535 218 nobis,
1550 174 1690 214 ,adsidue
1713 187 1748 213 ut
1775 180 1911 224 palmari
1930 181 2125 228 argumento

1243 224 1358 258 abusus
1370 227 1433 260 fuit
1443 227 1544 262 etiam
1559 227 1728 263 Nestorius
1739 254 1751 270 ,
1777 231 1811 264 δε
1832 230 1899 266 haec
1921 234 2098 280 propositio
2112 259 2123 275 ,

1241 274 1375 315 Christus
1385 275 1423 315 est
1434 277 1504 309 duae
1525 285 1663 318 naturae,
1691 281 1729 313 Θ,
1744 291 1804 315 una
1818 281 1946 326 persona
1962 307 1972 323 ,
1998 283 2044 317 est
2070 294 2123 317 ne-

1243 323 1410 367 quiffimus
1420 325 1691 370 Nessorianorum
1702 329 1819 372 dolus,
1845 331 1887 366 de
1897 344 1963 374 quo
1974 332 2042 377 ipse
2064 334 2124 367 Fa-

1244 374 1370 408 cundus
1381 399 1388 406 .
1415 379 1511 408 Unam
1521 376 1616 408 dicere
1622 375 1777 419 persbnam
1785 384 1821 412 N
1822 381 2026 421 estorianorum
2041 394 2076 416 no
2080 395 2124 417 va

302 437 457 475 impietate
475 431 567 472 plena
583 428 672 474 fiant.
709 429 859 473 ‚Quomodo
881 432 959 460 enim
980 431 1073 467 accipi
1089 424 1180 467 potest
1240 423 1425 469 subterfugia
1446 425 1545 458 minus
1566 426 1719 466 excludit,
1745 435 1794 470 qui
1815 433 1938 466 conviffl
1956 439 2121 467 innumeris

303 482 356 516 boc
365 507 375 523 ,
401 482 478 524 quod
486 479 523 520 est
534 485 567 514 in
573 485 720 523 principio
732 478 859 512 Verbum
870 501 880 517 ,
908 478 945 509 de
956 477 1062 517 templo
1073 499 1082 514 ‚
1105 476 1185 516 quod

295 533 419 576 sallum
428 530 466 571 est
486 535 519 563 in
539 530 664 564 Maria?
700 528 871 562 Existimat
893 526 1038 569 Epistola
1060 524 1184 558 adsum-

303 593 401 626 ptum
411 580 655 615 naturaenostrae
667 579 846 621 templum,
867 588 903 610 ac
927 577 1032 618 ipsum
1054 574 1183 609 inhabi-

304 642 430 667 tantem
441 631 551 665 Deum
575 630 721 664 Verbum
745 628 762 661 ὲ
775 627 891 661 Sancto
911 624 1040 669 Cyrillo
1061 624 1185 659 misceri

304 682 423 716 nonin
437 692 536 715 unam
548 677 756 714 solummodo
777 676 986 720 hypostasm,
1011 675 1065 709 sed
1091 675 1125 708 &
1151 676 1185 708 in

305 742 406 767 uuam
426 741 593 772 naturam3
621 730 687 771 ipsa
701 726 949 769 veroapraesenti
964 723 1099 768 synodo
1121 726 1186 759 exi-

301 782 452 816 {rimatur
463 792 500 815 ea
512 778 718 813 nontantum
741 778 773 811 in
798 777 878 811 duas
899 787 1050 816 naturas,
1078 774 1131 808 sed
1154 776 1185 809 ὅ(

305 833 343 866 in
356 832 436 866 duas
447 830 635 874 hypostases
652 828 870 873 distinguere,
899 826 1037 870 ideoque
1061 825 1102 859 de
1121 826 1186 859 Ne·

305 882 406 916 storio
416 881 573 915 laborare.

354 933 436 966 Haec
450 931 576 974 Synodi
589 929 679 963 verba
690 955 701 970 ,
728 931 793 972 ‚Qui
803 930 904 961 dicunt
914 938 979 960 eam
990 922 1101 960 renam
1112 924 1183 969 esse,

306 984 359 1016 vel
374 991 494 1024 partem
514 982 599 1021 ejus,
628 981 790 1022 impetunt
820 977 1005 1021 suffragium
1029 975 1184 1009 Eunomii

304 1028 816 1073 MetropolitaeNicomedienfis,
842 1027 981 1061 dicentis
1006 1025 1184 1069 Epistolam

305 1082 340 1114 in
365 1081 463 1124 priori
486 1080 532 1113 sui
557 1088 667 1122 parte,
694 1089 757 1121 qua
790 1078 942 1111 Sannum
963 1076 1127 1119 cyrillum
1154 1077 1186 1110 δε

304 1130 501 1173 Ephefinam
514 1126 684 1171 Synodum
694 1128 804 1171 culpat
817 1151 828 1167 ,
854 1127 945 1171 loqui
956 1126 1041 1161 male
1052 1139 1067 1168 ;
1084 1127 1119 1159 in
1134 1138 1188 1169 po-

303 1180 427 1213 steriori
438 1189 545 1213 autem
556 1178 691 1222 seipsum
703 1178 874 1222 corrigere,
885 1179 919 1211 &
932 1178 1013 1210 reeta
1032 1176 1186 1220 profiteri.

303 1229 386 1264 Haec
397 1227 490 1264 verba
503 1253 513 1269 ,
540 1232 670 1262 Nomine
684 1226 852 1270 sauciorum
875 1230 1003 1261 Parrum
1023 1227 1075 1260 vel
1088 1225 1187 1269 sanc‘li

303 1281 426 1314 Concilii
451 1277 688 1320 Chalcedonenfis
709 1303 719 1319 ,
758 1277 899 1312 tendunt
923 1277 958 1311 in
979 1275 1188 1315 Facundum,

303 1331 449 1374 aliosque
481 1330 713 1373 capitulorum
740 1328 946 1368 defensores,
983 1338 1124 1361 errantes
1150 1339 1185 1360 ea

305 1381 439 1424 probata
453 1391 508 1423 per
517 1378 817 1414 Chalcedonensem
830 1378 1003 1421 Synodum
1013 1402 1023 1418 ,
1050 1377 1185 1420 ideoque

304 1432 370 1465 fine
381 1431 449 1474 ejus
460 1429 720 1473 praevaricatione
731 1440 799 1462 non
828 1429 914 1471 poffe
924 1427 1071 1462 damnari
1085 1452 1092 1459 .

356 1481 400 1514 Et
418 1479 497 1514 hinc
517 1479 562 1514 est
577 1480 680 1523 prima
703 1478 836 1522 quaestio
850 1502 861 1518 ‚
886 1477 942 1510 An
966 1477 1103 1511 adducta
1114 1477 1186 1521 Epi-

303 1530 394 1564 stolae
411 1530 508 1564 verba
531 1528 635 1563 revera
648 1530 840 1563 contineant
862 1538 1001 1560 errorem
1025 1527 1186 1561 Nestoria-

307 1580 419 1614 num?
455 1580 654 1613 Conssantcr
678 1586 777 1621 negat
800 1577 991 1610 Facundus.
1029 1581 1105 1617 Cui,
1142 1577 1189 1610 in·

121 1641 193 1674 146,
202 1652 230 1674 c,
236 1654 262 1680 4⁴
296 1631 375 1674 quit
389 1655 399 1670 ‚
426 1628 575 1663 Catholico
582 1627 673 1670 potest
685 1626 835 1671 displicere
847 1626 1017 1667 differentia
1038 1628 1186 1659 naturalis

173 2682 182 2693 '
225 2694 227 2696 ·
255 2676 278 2701 ’Ἡ
305 2681 412 2720 aliud,
447 2680 527 2722 quod
555 2677 744 2711 inhabitatur
770 2702 777 2709 .

299 1686 380 1714 inter
389 1681 530 1722 templum
557 1677 819 1712 &inhabitantem
845 1683 877 1709 in
889 1689 939 1717 eo,
964 1678 1029 1710 cum
1051 1680 1109 1710 Dei
1131 1680 1187 1710 Ec·

301 1730 382 1772 clefia
395 1729 436 1769 fic
467 1729 638 1771 confiteatur
665 1726 881 1762 VERBUM
907 1726 1077 1761 CARNE
1114 1727 1187 1760 FA-

302 1779 455 1816 CTUM
471 1805 481 1820 ,
507 1789 608 1813 utnon
630 1780 772 1822 deneget,
801 1778 880 1820 quod
887 1777 930 1810 ibi
934 1775 1184 1820 subjunclumest,

300 1837 369 1873 quta
398 1830 465 1863 ET
491 1828 772 1863 HABITAVIT
809 1827 862 1861 ΙΝ
899 1826 1060 1862 NOBIS?
1099 1831 1186 1859 Nam

300 1880 517 1914 VERBUM
529 1881 647 1922 quidem
670 1878 806 1912 CARO
835 1876 1051 1911 FACTUM
1075 1876 1184 1917 EST,

302 1937 374 1973 quia
380 1929 579 1973 sempiternus
594 1930 692 1961 Filius
706 1953 716 1968 ,
735 1933 784 1970 qui
795 1928 922 1960 Verbum
934 1927 971 1967 est
984 1929 1087 1959 Patris
1099 1951 1110 1966 ,
1123 1925 1187 1969 ipse

302 1989 334 2013 tn
354 1981 541 2022 plenitudine
562 1986 722 2020 temporum
736 1977 844 2019 fabius
864 1976 901 2017 est
921 1976 1024 2018 hom03
1053 1975 1185 2010 HABI-

301 2029 464 2063 TAVlT
489 2038 586 2062 autem
607 2029 658 2062 IN
685 2027 842 2068 NOBIS,
878 2033 948 2070 quia
979 2027 1094 2060 nullam
1123 2038 1184 2059 con·

299 2080 457 2121 verfionem
487 2078 622 2122 fiestinuit
651 2077 884 2111 inconvertibilis
908 2079 972 2118 ejus
999 2080 1159 2110 Divinitas
1173 2101 1184 2116 ,

295 2131 355 2174 fid
374 2141 515 2170 manem,
544 2130 625 2171 quod
641 2137 728 2168 erat,
755 2137 895 2159 naturam
918 2125 1105 2159 inhabitavit
1128 2128 1185 2160 ad-

295 2181 451 2226 sumptam
472 2205 477 2211 .
514 2182 560 2211 Et
594 2179 658 2211 idea
686 2176 900 2211 VERBUM
938 2175 1073 2210 CARO
1108 2175 1182 2210 FA-

299 2230 454 2266 CTUM
482 2228 595 2269 EST,
619 2227 805 2268 Nestorianos
826 2235 997 2270 expugnat,
1026 2225 1183 2265 Eutychia-

300 2292 354 2314 nos
365 2288 463 2313 autem
474 2281 527 2312 vel
537 2277 756 2320 apollinaristas
767 2288 864 2310 eorum
872 2283 1071 2319 progenitores
1084 2301 1094 2316 ,
1116 2277 1183 2310 ET

302 2329 584 2364 HABITAVIT
612 2328 663 2361 lN
689 2326 843 2361 NOBIS.
873 2324 1181 2369 ‚QuiaVERssUM

250 2406 252 2408 -
300 2379 438 2414 CARO
464 2377 679 2413 FACTUM
705 2377 794 2412 EST
828 2388 919 2411 unam
951 2374 1097 2419 fignificat
1133 2376 1182 2418 effe

299 2428 481 2473 personam3
507 2427 788 2461 HABITAVIT
815 2425 1001 2461 AUTEM
1023 2426 1075 2460 IN
1101 2425 1183 2461 NO-

304 2479 395 2519 BIS,
420 2480 499 2517 duas
532 2476 683 2519 inconfuse
702 2485 845 2510 naturas.
873 2481 946 2509 Non
964 2482 1041 2509 enim
1068 2475 1183 2519 possunt

305 2532 375 2563 duae
387 2530 437 2572 effe
445 2527 580 2571 personae
593 2552 603 2567 ,
628 2528 747 2570 quando
757 2532 782 2558 is
793 2552 802 2566 ,
829 2531 882 2568 qui
894 2525 1019 2560 Verbum
1042 2524 1078 2566 est
1090 2550 1099 2564 ,
1122 2524 1183 2568 ipse

304 2586 396 2614 etiam
422 2577 618 2612 FACTUS
646 2577 735 2611 EST
761 2577 917 2618 CARO,
944 2585 997 2609 aut
1031 2576 1100 2608 duae
1126 2587 1182 2608 non

303 2631 354 2673 effe
377 2638 494 2662 naturae
506 2651 516 2667 ,
541 2628 660 2671 quando
671 2628 757 2660 aliud
760 2625 799 2668 fit
812 2650 823 2666 ,
850 2628 928 2669 quod
946 2625 1098 2659 inhabitat
1111 2649 1121 2665 ‚
1148 2627 1181 2659 Θ

816 2677 979 2720 Loquitur
997 2687 1039 2710 ex
1067 2677 1183 2710 Sancio

305 2730 436 2773 Cyrillo
458 2730 494 2763 in
525 2728 615 2762 libris
637 2736 750 2760 contra
782 2726 992 2760 Nestorium.
1030 2725 1184 2761 Ostendit

305 2791 377 2813 earn
388 2780 480 2814 fuisse
500 2777 597 2812 fidem
609 2778 759 2811 omnium
771 2777 992 2810 Orientalium
1005 2801 1016 2816 ,
1043 2787 1125 2820 quos
1137 2775 1185 2809 in—

303 2830 399 2864 ter&
411 2830 497 2869 lbas,
523 2829 760 2871 Episcoporum
777 2850 787 2866 ,
812 2826 890 2860 dum
907 2837 982 2860 cum
994 2825 1054 2860 illo
1066 2838 1104 2859 ac
1118 2824 1185 2868 ejus

307 2879 511 2924 AEgyptiaca
522 2876 657 2921 Synodo
679 2877 780 2911 iniere
790 2888 902 2919 pacem
917 2900 927 2916 ,
954 2877 1118 2920 ipsamque
1138 2887 1189 2920 pa-

307 2927 661 2972 tenterexprimihisce
684 2926 837 2970 Epistolae
849 2925 973 2960 verbis:
1000 2924 1127 2967 Ecclesia
1147 2924 1187 2968 fic

308 2980 382 3012 dicit
392 3003 402 3018 ,
428 2980 565 3020 quomode)
575 2981 640 3011 Tua
651 2975 830 3020 Religiofitas
839 2981 923 3010 novit
936 3001 948 3017 ,
970 2977 1038 3009 duae
1053 2985 1183 3016 natum,

309 3040 372 3062 una
382 3034 481 3060 virtus
494 3053 504 3068 ,
531 3039 590 3061 una
602 3021 744 3070 perfhna-
771 3027 870 3060 Hauc
893 3026 1122 3069 profeffionem
1142 3025 1188 3059 di-

307 3078 358 3112 cit
384 3078 447 3111 effe
472 3078 535 3110 sine
565 3077 762 3120 exceptione
787 3076 1032 3115 orthodoxam,
1058 3087 1096 3110 ac
1121 3075 1188 3109 fine

311 3126 482 3162 manifesta
493 3125 671 3161 Christiani
689 3126 855 3172 dogmatis
875 3126 990 3169 injuria
1011 3137 1079 3160 non
1101 3125 1188 3169 posse

310 3176 475 3212 damnari.

363 3227 430 3261 Pro
440 3225 547 3260 nostra
567 3234 677 3259 autem
697 3226 833 3268 Synodo
854 3238 891 3260 ac
903 3226 969 3268 ejus
991 3225 1191 3260 Anathema-

315 3276 412 3310 tismo
424 3278 502 3310 facit
514 3299 535 3323 ›-
546 3273 635 3318 quod
645 3276 752 3308 omnis
775 3275 832 3307 ista
845 3276 991 3318 profeffio
1002 3276 1041 3310 sit
1051 3276 1191 3319 aequivo-

315 3337 378 3364 ca,
401 3324 511 3360 dolosa
532 3349 542 3366 ,
578 3323 777 3366 sepulchrum
803 3318 987 3359 dealbatum
1002 3350 1012 3365 ,
1037 3327 1117 3360 foris
1142 3336 1191 3358 or-

317 3373 465 3408 thodoxe
475 3375 650 3417 speciosum
664 3398 674 3414 ,
699 3372 786 3409 intus
798 3372 930 3416 plenum
949 3375 1110 3409 faetoribus
1123 3375 1189 3409 Ne-

303 3424 485 3460 ·ssorianis.
511 3424 600 3459 Nam
613 3422 698 3460 hisce
722 3422 896 3469 Evangelii
918 3423 1043 3468 verbis,
1068 3429 1114 3459 Et
1137 3423 1191 3459 ba-

1245 474 1295 515 test
1297 480 1412 508 'imoniis
1426 478 1552 509 Parrum
1562 501 1571 515 ‚
1583 477 1662 517 quod
1673 479 1753 509 Deus
1765 480 1891 514 Verbum
1901 485 1936 516 ἐν
1946 482 2122 526 adfitmptus

1245 524 1327 558 bomo
1337 537 1399 559 una
1416 524 1544 569 persona
1547 525 1608 566 fit,
1629 534 1688 567 pro
1706 526 1893 562 auctoritatis
1917 534 2062 576 dignitate
2085 533 2123 565 ab

1247 581 1290 608 eis
1301 574 1353 608 hoc
1362 576 1474 609 dilium
1485 575 1655 615 existimant
1669 601 1680 616 ,
1706 578 1757 610 vel
1762 577 1926 618 existimare
1941 580 1975 623 se
1982 583 2102 627 fingunt
2114 608 2126 624 ,

1247 637 1279 658 ur
1285 624 1324 667 fic
1334 625 1416 659 homo
1419 627 1450 668 J
1452 624 1517 669 esus
1528 625 1660 665 Christus
1673 628 1792 660 dicatur
1815 629 1902 661 Verbi
1912 631 2011 673 geffffe
2027 632 2124 676 perso-

1245 686 1340 715 nam,
1376 677 1521 719 tcutgeffit
1531 675 1677 717 Apostolus
1692 701 1702 717 ,
1727 683 1780 719 qui
1802 680 1893 719 dicit,
1922 679 2034 714 NAM
2059 682 2125 716 ET

1247 725 1363 766 EGO,
1389 725 1535 772 QJOD
1562 725 1754 762 DONAVI
1777 751 1787 766 ‚
1824 728 1876 762 IN
1904 729 2124 766 PERSONA

1247 775 1462 818 CHRISTI3
1491 786 1590 809 non-ut
1605 788 1679 809 unus
1690 778 1825 820 idemque
1844 779 1908 822 esset
1919 783 2003 814 Deus
2024 782 2059 814 (¹1
2080 774 2127 814 bb-

1246 837 1306 857 mo.
1333 825 1412 873 Hoc
1426 827 1494 869 ipso
1506 825 1585 860 dolo
1597 826 1684 870 loqui
1697 827 1789 861 Ibam
1810 830 1971 864 existimat
1994 831 2126 874 praesens

1246 875 1398 918 Synodus
1418 901 1426 910 .
1461 875 1534 910 Nec
1556 876 1622 909 fine
1643 877 1878 913 fundamento.
1916 880 2009 914 Duas
2034 881 2126 915 enirn

1247 936 1374 960 naturas
1395 926 1440 960 ait
1460 926 1522 960 esse
1543 936 1660 966 unam,
1690 938 1758 960 non
1784 929 1993 965 solummodo
2020 933 2127 974 perso-

1246 988 1345 1016 nam,
1372 976 1425 1010 sed
1458 976 1492 1010 &
1515 977 1694 1017 virtutem,
1721 979 1776 1011 seu
1798 980 1897 1013 unius
1917 990 1973 1014 aut
1996 981 2128 1024 aequalis

1249 1026 1379 1060 virtutis
1393 1038 1400 1058 ε
1427 1026 1509 1072 Qae
1519 1026 1563 1060 est
1578 1023 1696 1069 phrasis
1707 1026 1901 1064 dolosiffimc»
1915 1030 2127 1065 Nestoriana.

1248 1076 1427 1110 Etsummo
1440 1077 1566 1119 impetu
1578 1076 1688 1110 laudat
1712 1076 1953 1120 Theodorum,
1979 1079 2129 1125 adeoque

1247 1137 1283 1160 ea
1292 1127 1405 1160 omnia
1417 1127 1449 1160 in
1462 1125 1529 1168 ejus
1537 1126 1662 1160 sensum
1680 1126 1800 1161 credita
1818 1130 1863 1163 est
1887 1130 2107 1174 dogmatizare
2119 1155 2126 1162 ·

1247 1175 1416 1224 roirca
1428 1176 1547 1210 merito
1556 1176 1708 1210 damnata
1720 1176 1765 1210 est
1777 1188 1813 1211 ut
1835 1178 2032 1214 Nestoriana
2044 1206 2052 1213 .

1298 1226 1342 1260 Et
1357 1225 1436 1260 hinc
1457 1226 1597 1261 nascitur
1610 1227 1742 1271 quaestio
1760 1228 1899 1262 secunda
1910 1253 1921 1270 ‚
1948 1230 2006 1264 An
2024 1231 2130 1273 syno-

1248 1275 1308 1310 dus
1319 1275 1593 1311 Chalcedonensis
1607 1277 1641 1310 in
1665 1276 1726 1311 hac
1743 1277 1930 1322 dogmatica
1954 1280 2130 1322 quaestione

1248 1327 1390 1370 potuerit
1410 1337 1514 1360 errare
1535 1328 1570 1361 &
1594 1327 1842 1362 circumscribi?
1868 1328 1968 1364 Hanc
1988 1341 2130 1374 namque

1247 1377 1456 1420 quaestionem
1481 1377 1543 1411 effe
1566 1376 1792 1421 dogmaticam
1813 1378 1987 1414 firmiffime
2005 1380 2129 1414 Facun-

1248 1425 1307 1460 dus
1327 1427 1498 1468 affeverat,
1523 1428 1557 1461 &
1574 1427 1685 1461 addit.
1723 1430 1755 1461 51·
1776 1438 1928 1472 tamquam
1951 1429 2130 1470 Nestoriana

1249 1477 1334 1511 debet
1342 1477 1381 1510 ab
1391 1477 1524 1510 omnibus
1535 1479 1588 1510 illa
1600 1477 1734 1521 Epistola
1753 1481 1961 1519 condemnari,
1989 1491 2046 1514 non
2062 1478 2128 1523 ipsa

1248 1528 1365 1560 tantum
1374 1528 1502 1566 synodus
1513 1551 1524 1567 ,
1551 1528 1656 1560 verum
1669 1534 1762 1561 etiam
1776 1533 1833 1563 Leo
1856 1529 1977 1573 Praesul
1996 1529 2129 1572 quffoli·

1247 1589 1289 1610 cae
1299 1578 1386 1611 sedis
1406 1602 1417 1618 ,
1441 1576 1636 1619 aquoillius
1647 1575 1729 1611 Aeta
1742 1579 1919 1622 approbata
1943 1581 2016 1614 sunt
2031 1604 2042 1620 ,
2067 1579 2129 1613 hae-

1247 1626 1303 1668 rest
1333 1626 1514 1666 Nestor-iana
1549 1625 1692 1660 cohibuit.
1732 1627 1930 1672 Respondeo
1954 1628 2044 1663 aliud
2065 1631 2128 1664 effe

1249 1675 1554 1711 Chalcedonensem
1566 1676 1739 1719 Synodum
1751 1702 1762 1718 ,
1788 1679 1875 1714 aliud
1888 1671 2131 1723 Episcoporum¹

2145 377 2277 406 1.‚1.c.1.

2148 1435 2176 1463 L.
2198 1443 2223 1462 2.
2238 1440 2266 1463 c-
2274 1435 2303 1462 6.

1249 1724 1459 1762 Chalcedone
1482 1725 1549 1760 fine
1561 1725 1760 1770 Apostolicae
1771 1729 1861 1763 Sedis
1875 1729 2045 1764 influentia
2056 1729 2128 1773 post
2166 1767 2175 1773 κ

1248 1777 1420 1820 Synodum
1450 1777 1689 1810 remanentium
1720 1780 2010 1823 congregationem
2034 1792 2046 1813 .·
2082 1779 2127 1813 Et

1248 1826 1313 1862 haec
1334 1825 1476 1861 omnino
1511 1826 1617 1869 potuit
1647 1837 1766 1860 errare.
1805 1828 1905 1862 Addo
1929 1837 2036 1863 tamen
2057 1839 2127 1863 non

1246 1879 1372 1912 erraffe.
1401 1876 1521 1910 Evenit
1543 1875 1716 1918 aequivocis
1737 1877 1801 1911 Ibae
1824 1878 1976 1922 Episcopi
1998 1877 2126 1919 verbis,

1245 1925 1334 1970 quod
1355 1926 1442 1969 supra
1466 1925 1592 1960 ostendi
1616 1926 1756 1960 evenisse
1778 1926 1855 1963 huic
1881 1927 2095 1972 propositioni
2113 1953 2125 1969 ,

1244 1981 1325 2010 Unus
1356 1978 1372 2009 ἑ
1394 1979 1544 2009 Trinitate
1567 1975 1606 2016 est
1635 1976 1809 2019 crucifixus.
1858 1977 1975 2013 Alium
2000 1979 2036 2013 in
2061 1977 2125 2012 illis

1244 2029 1369 2061 sensum
1382 2026 1440 2060 ista
1463 2025 1740 2060 Chalcedonensis
1760 2027 1998 2072 congregatio,
2021 2027 2126 2062 alium

1243 2076 1455 2120 apprehendit
1475 2077 1591 2120 quinta
1610 2075 1784 2118 Synodus,
1812 2075 1950 2120 ideowe
1975 2077 2059 2112 varie
2084 2077 2126 2111 de

1243 2127 1314 2170 ipfis
1326 2126 1522 2169 judicarunt.
1557 2125 1786 2170 congregatio
1800 2126 1926 2162 bonum
1940 2151 1950 2166 ,
1971 2127 2127 2170 Synodus

1244 2188 1376 2220 pravum
1387 2176 1428 2210 de
1439 2175 1622 2210 lbaeanimo
1643 2175 1678 2208 &
1705 2176 1798 2210 sensu
1819 2177 1999 2221 judicavit,
2025 2177 2125 2214 altera

1242 2226 1327 2261 haud
1351 2226 1450 2261 dubie
1480 2226 1719 2269 circumscripta
1745 2226 1814 2267 est,
1841 2228 2011 2271 placetque
2039 2225 2124 2261 mihi

1242 2276 1347 2311 Sancti
1363 2275 1541 2320 Augustini
1556 2275 1667 2319 regula
1681 2275 1715 2308 in
1727 2275 1813 2324 libro
1836 2277 1878 2311 de
1897 2277 2041 2312 utilitate
2060 2287 2126 2312 cre·

1242 2326 1357 2361 dendi:
1385 2325 1504 2368 ,Quibus
1524 2331 1705 2370 argumentis
1726 2333 1831 2360 mortui
1843 2327 1971 2360 bominis
1992 2327 2127 2362 volunta-

1243 2387 1301 2412 tem
1318 2378 1364 2410 itii
1375 2376 1558 2420 intelligam,
1584 2384 1617 2409 ut
1639 2375 1675 2408 de
1687 2375 1741 2408 illa
1755 2378 1866 2417 Jurare
1877 2377 1999 2418 pofflm?

1336 2573 1589 2623 CAPUT
1638 2578 1773 2643 QJI
1793 2577 2042 2625 NTUM.

1245 2693 1462 2762 Exponitur
1473 2691 1676 2756 Justim'ani
1698 2693 1855 2760 Augusti
1861 2689 2063 2762 progriffiis
2086 2697 2124 2750 in

1352 2763 1582 2811 damnatione
1595 2767 1709 2810 trium
1722 2769 1755 2810 C
1757 2762 1983 2831 apiculorum
1992 2799 2005 2812 .

1322 2906 1326 2908 .
1344 2872 1533 2909 Alamitatis
1546 2871 1640 2916 hujus
1656 2873 1854 2918 progressum
1870 2873 2008 2919 exponit
2028 2873 2127 2909 Libe-

1357 2935 1443 2959 ratus
1457 2923 1630 2957 Diaconus
1651 2922 1914 2968 carthaginensis
1925 2946 1936 2963 ‚
1961 2923 2002 2958 de
2014 2921 2129 2958 Theo·

1246 2974 1319 3009 dori
1336 2973 1559 3018 Cappadocis,
1586 2972 1643 3017 qui
1665 2973 1850 3016 Iustiniano
1870 2973 2024 3018 Augusto
2046 2974 2127 3007 Ace-

1247 3022 1419 3068 phalorum
1431 3047 1442 3064 ‚
1478 3021 1581 3057 imme>
1616 3023 1767 3057 omnium
1802 3023 2126 3067 Eutychianistarum

1247 3087 1325 3110 cum
1346 3074 1490 3109 Ecclefia
1510 3074 1780 3107 communionem
1802 3072 1820 3106 ὲ
1841 3075 1941 3107 trium
1961 3070 2127 3116 Capimloe

1248 3136 1320 3159 rum
1339 3124 1549 3159 damnatione
1570 3123 1783 3166 promiserat,
1810 3124 1951 3157 factione
1972 3132 2124 3165 pergens.

2146 2344 2217 2383 Cap.
2237 2351 2263 2379 5.

1248 3175 1366 3208 Rursus
1388 3175 1432 3207 illi
1460 3174 1571 3206 callida
1587 3171 1700 3214 fraude
1720 3182 1897 3217 rogaverunt
1919 3169 2126 3215 justinianum
2145 3185 2270 3229 Cap-²5.

1251 3228 1423 3266 Principem
1435 3248 1445 3264 ,
1455 3230 1488 3256 ut
1499 3222 1628 3256 dicilaret
1639 3223 1748 3256 librum
1755 3230 1788 3256 in
1799 3225 2015 3255 damnationem
2035 3226 2126 3253 trium

1251 3275 1471 3317 Capitulorum:
1499 3275 1568 3316 ,Quo
1585 3272 1659 3306 libro
1682 3275 1747 3313 ejus
1766 3275 1864 3311 edito,
1885 3272 1920 3303 ὦ·
1942 3275 1997 3302 toti
2016 3271 2128 3303 mundo

1250 3323 1420 3365 manifesto,
1447 3323 1519 3356 dum
1529 3323 1685 3357 emendare
1703 3325 1841 3362 Princeps
1864 3317 2003 3362 erubescit
2019 3344 2029 3360 ,
2055 3326 2128 3353 irre-

1255 3374 1395 3408 vocabilis
1405 3370 1491 3414 causa
1507 3372 1591 3414 fleret
1605 3396 1612 3404 .
1637 3371 1774 3405 sciebant
1799 3373 1879 3402 enim
1897 3371 2064 3410 Principem
2081 3369 2128 3413 fh·

1248 3426 1304 3459 lita
1324 3430 1464 3467 pietate,
1483 3421 1626 3467 scandalo
1645 3427 1826 3464 emergente,
1846 3416 2025 3464 fintenum
2037 3416 2129 3462 suam

1991 3466 2078 3513 posse
