2340 3736
132 871 219 912 Epist.
239 882 285 912 53.

379 180 406 211 2
409 179 476 218 22

962 166 1491 210 A1›1›1÷N1>1xv

313 261 396 285 num
422 249 599 285 secundum
625 273 637 290 ,
661 248 752 294 quod
775 248 888 285 omnia
914 248 974 284 fibi
1001 250 1193 283 consecrato
1249 245 1310 289 fius
1325 251 1487 290 Imperator
1495 247 1694 293 hujuscemodi
1703 256 1896 289 Ordinatiom·
1907 264 2075 300 cooperatus
2085 259 2137 300 est,

308 299 422 337 oblata
433 301 557 337 a-variis
567 300 676 335 xenia
686 312 765 336 mox
773 300 807 334 in
823 309 992 345 pauperem
1007 297 1136 342 plebem
1146 297 1198 337 di-

307 351 420 399 ]viserit
453 376 467 394 ,
501 349 700 387 Guilielmus
736 348 1010 386 Bibliothecarius
1050 347 1162 386 laudat
1186 372 1194 385 ,-

310 401 415 437 Erant
439 402 528 436 aurei
552 401 587 437 ὅ(
611 402 756 448 argentei
777 398 904 434 nummi
915 422 927 439 ,
953 397 1057 435 vestes
1067 399 1172 436 sericae
1182 420 1194 438 ,

307 453 394 488 cerei
407 476 419 492 ‚
443 462 554 488 cruces
566 475 579 493 ,
603 451 839 494 Thymiamata
851 474 862 489 ,
876 449 1056 495 'pigmenta
1077 472 1089 489 ,
1115 448 1194 483 deli·

308 502 433 537 catiora
444 503 651 539 commercia.
678 499 778 535 Talia
788 500 907 546 quippe
930 499 950 532 a
962 498 1079 533 Leone
1102 509 1197 542 quar·

306 560 344 586 to
354 550 466 587 urbem
475 552 643 589 leoninam
653 549 823 587 dedicante
834 573 846 591 ‚
871 549 914 584 ad
927 549 1066 594 singulas
1075 546 1193 585 Kalen-

305 599 363 635 das
371 601 391 634 a
401 603 517 638 Sancto
529 601 692 646 Gregorio
703 601 833 645 Magno
846 623 858 641 ‚
882 598 918 634 δε
928 610 994 643 ρετ,
1004 598 1082 634 festa
1103 599 1192 634 varia

307 649 327 685 *a
338 649 523 688 Patriarcha
536 650 911 696 Constantinopolitano
922 649 1016 684 fuisse
1025 647 1148 687 donata
1158 650 1193 690 ὃς

305 700 420 738 donari
430 703 584 738 consueta
599 725 611 743 ,
637 700 782 739 scribunt
802 699 890 735 idem
905 697 1092 739 Anastasius
1103 724 1115 741 ‚
1140 701 1190 745 Jo-

131 747 287 789 Lac-²6.
302 762 405 787 annes
424 753 618 793 Diaconus,
642 751 676 784 δε
701 751 852 787 Codinus
874 749 1105 795 Curopalatcs.
1134 750 1190 788 Ad

301 802 457 847 Episcopi
492 801 735 837 Aurelianensis
769 802 1049 841 consecrationem
1094 800 1190 836 fuisse

300 863 431 897 apertos
455 862 494 887 ac
507 852 636 888 emiffos
647 862 764 888 omnes
776 862 920 887 carceres
932 876 943 892 ‚
968 848 1066 887 habet
1078 850 1115 885 in
1131 850 1190 899 ¹lit-

300 903 378 938 teris
402 903 443 938 ad
469 903 660 939 santionem
687 901 808 941 ibidem
829 902 1030 948 Episcopum
1054 899 1189 936 Sanctus

300 953 363 988 lvo
388 953 612 989 carnutensis,
648 951 818 997 Ejusmodi
844 962 962 996 rogam
987 950 1128 986 faciebat
1152 948 1187 991 ὃς

300 1002 429 1038 Primas
442 1003 621 1047 Ephesinus
630 1028 642 1044 ,
667 1001 809 1047 ideoque
820 1002 940 1037 dicitur
950 1001 1183 1046 Salgamarius,

299 1055 356 1088 seu
369 1052 559 1087 distributor
567 1053 796 1098 Qamorum
809 1077 817 1085 .
845 1051 925 1095 Ejus
937 1051 1110 1099 populum,
1145 1052 1185 1087 de

298 1103 390 1138 illius
400 1101 487 1147 apud
497 1102 825 1146 Constantinopolim
845 1102 1090 1142 consecratione
1102 1102 1185 1137 indi-

297 1163 457 1197 gnantem
469 1178 481 1194 ,
507 1164 577 1188 non
602 1151 643 1191 ad
669 1153 817 1189 Ecclefiae
842 1151 1099 1197 autocephaliam
1126 1163 1182 1187 aut

297 1203 362 1237 alia
372 1203 545 1248 privilegia
553 1228 565 1245 ,
590 1202 645 1239 sed
657 1203 843 1248 cupiditatis
854 1203 953 1238 oculo
963 1203 1003 1238 ad
1022 1202 1081 1239 ista
1091 1200 1182 1239 dum-

297 1254 390 1290 taxat
414 1255 564 1300 Salgama
586 1254 742 1299 respicere
751 1279 763 1296 ,
788 1264 888 1301 atque
906 1251 984 1293 ideo
1006 1253 1182 1288 seditiones

295 1315 391 1350 agere
400 1304 484 1340 dixit
497 1305 671 1349 Diogenes
697 1304 906 1347 Cyzicenus,
931 1302 1131 1348 adjungens:
1151 1305 1181 1341 251

297 1355 484 1398 Ephelinus
496 1354 657 1398 Episcopus
669 1356 792 1399 semper
795 1354 898 1397 fabius
902 1354 1004 1397 fuisset
1015 1354 1182 1395 Constanti-

296 1406 395 1447 nopoli
408 1430 419 1446 ,
444 1417 503 1439 non
515 1404 578 1439 baec
586 1405 771 1448 accidiffent.
797 1405 932 1440 Fatetur
943 1404 1047 1448 ipsum
1061 1405 1181 1447 semper

294 1456 394 1500 usque
406 1453 471 1490 huc
483 1456 578 1490 fuisse
592 1454 707 1500 Ephesi
719 1454 907 1489 ordinatum
918 1480 928 1495 ,
954 1455 1007 1489 sed
1031 1452 1075 1491 ob
1086 1454 1180 1487 istam

293 1516 408 1550 rogam
420 1505 532 1549 populi
544 1506 776 1549 corruptricem
787 1516 855 1541 non
867 1504 1012 1543 debuisse
1022 1503 1179 1547 ordinari,

288 1567 355 1590 *nec
367 1554 519 1598 deinceps
529 1555 592 1589 effe
601 1554 837 1589 ordinandum.
862 1553 913 1588 At
936 1553 1097 1592 Leontius
1108 1553 1177 1587 Ma-

287 1604 467 1649 ·gnefianus
477 1604 657 1648 Episcopus
668 1604 824 1649 generose
842 1603 1035 1639 interceffit:
1062 1607 1086 1641 A
1106 1605 1178 1637 San-

290 1656 336 1688 elo
348 1655 497 1689 Timotheo
506 1653 592 1698 usque
602 1667 678 1688 nunc
689 1660 802 1699 viginti
809 1653 921 1699 septem
932 1651 1070 1696 Episcopi
1078 1653 1159 1695 fac‘lt
1167 1678 1178 1694 ,

290 1718 389 1740 omnes
401 1712 433 1739 in
444 1704 562 1753 Epheso
564 1703 588 1749 s
586 1715 640 1739 unt
651 1707 800 1741 ordinati.
827 1706 908 1741 Solus
922 1703 1048 1746 Bafilius
1070 1704 1179 1738 violen-

291 1766 338 1788 ter
350 1756 600 1799 Constantinopoli
606 1755 708 1798 sallus
719 1755 758 1798 est
767 1779 778 1795 ,
803 1757 837 1789 (5
861 1756 964 1789 multae
989 1755 1083 1788 caedes
1109 1753 1178 1788 binc

292 1804 444 1849 ortaesunt
458 1831 466 1838 .
492 1806 537 1841 Et
547 1804 616 1840 haec
626 1806 672 1840 est
686 1807 778 1840 causa
790 1830 801 1846 ,
823 1817 882 1840 cur
894 1804 1046 1839 defuusto
1060 1804 1176 1838 Basilio

293 1856 483 1890 Bassianum
496 1881 506 1896 ‚
534 1856 600 1899 jam
610 1857 833 1891 consecratum
854 1856 1055 1899 Episcopum
1067 1879 1078 1895 ,
1104 1856 1177 1889 arri·

287 1908 396 1951 puerit
408 1918 463 1950 per
475 1907 545 1939 vim
555 1904 737 1949 Ephefinus
749 1905 887 1950 populus
900 1930 909 1945 ,
935 1907 969 1940 δε
993 1917 1048 1948 per
1071 1904 1176 1939 solum

285 1957 487 2001 Olympium
496 1953 874 2000 Theodosiopolitanum
889 1956 1088 1999 Episcopum
1102 1967 1176 1988 coe-

288 2008 376 2052 gerit
389 2004 624 2043 inthronizari;
651 2007 721 2041 Cur
733 2007 814 2040 item
825 2006 930 2039 caeteri
942 2003 1077 2038 Asiatici
1100 2004 1176 2048 Epi-

293 2057 383 2100 scopi
412 2058 453 2090 ad
479 2055 565 2090 hanc
586 2067 659 2090 rem
684 2057 792 2090 vocati
821 2067 889 2088 non
911 2055 1174 2097 comparuerint.

288 2107 420 2150 Nempe
431 2106 631 2150 Episcopum
641 2107 732 2140 suum
744 2104 895 2147 deinceps
914 2104 1000 2147 apud
1014 2103 1136 2138 Consta
1142 2117 1175 2138 n-

284 2157 467 2201 tinopolim
478 2157 657 2191 consecrari
668 2180 678 2195 ‚
702 2157 736 2190 ἀ
747 2155 897 2189 Ecclesiae
910 2155 971 2189 suae
981 2152 1175 2198 autocepha-

286 2208 364 2242 liam
377 2207 506 2252 graaius
517 2205 586 2240 laedi
600 2206 735 2241 nolebat
751 2203 930 2250 Ephefinus
943 2204 1100 2248 populus:
1129 2204 1172 2238 Et

285 2259 364 2302 quia
377 2257 533 2301 Eligendi
543 2257 591 2291 sui
601 2257 882 2292 consecrationem
892 2253 1056 2294 metuebat
1080 2254 1172 2288 Sacra

285 2320 341 2352 per
395 2305 586 2342 atriarcham
623 2305 1034 2351 Constantinopolitanum
1071 2305 1171 2348 impe·

285 2307 400 2444 §judi
410 2357 548 2399 jussione
559 2356 815 2400 suspendendam
824 2379 835 2396 ‚
859 2355 925 2402 jam
949 2356 1172 2391 consectatum

295 2447 298 2450 Δ
319 2408 473 2442 assianum
484 2407 584 2451 elegit
596 2431 608 2447 ,
633 2407 666 2440 ὃ(
678 2407 784 2441 (latim
795 2417 886 2441 more
898 2407 1036 2450 antiquo
1048 2404 1173 2442 inthro-

282 2458 429 2505 ¹Q‘avit.
456 2457 592 2494 Dictum
615 2455 839 2491 patriarcham
866 2455 1054 2492 metuebant
1091 2457 1170 2492 item
1224 2470 1228 2474 ·

279 2506 594 2554 Eomprovinciales
604 2506 756 2550 Episcopi
770 2517 777 2537 :
789 2506 882 2542 Hinc
896 2505 982 2542 solus
994 2505 1171 2549 Olympius

285 2558 498 2602 comparuit,
520 2557 725 2600 &quoniam
737 2556 822 2589 solus
840 2554 1062 2592 inthronIzare
1084 2567 1172 2592 recu·
1207 2567 1210 2569 ’

284 2608 394 2650 sabat,
422 2608 484 2641 fuit
511 2618 567 2655 per
592 2607 706 2650 populi
732 2607 801 2643 vim
812 2604 1014 2649 compulsus.
1042 2604 1171 2639 Eodem

284 2670 326 2694 ex
336 2657 552 2694 fundamento
565 2655 891 2700 Constantinopolim
906 2654 1015 2698 postea
1042 2653 1171 2691 accede·

285 2721 320 2744 re
343 2708 457 2744 debuit
483 2707 670 2748 BaffianuS,
695 2707 814 2742 Sansto
832 2705 953 2740 Proclo
979 2703 1171 2742 Patriarchae

286 2759 427 2804 profiteri
438 2757 659 2795 obedientiam
675 2782 685 2798 ,
711 2757 745 2790 &
756 2754 1047 2792 inthronizationis
1055 2755 1170 2791 confir·

285 2811 468 2844 mationem
480 2809 528 2842 uti
542 2806 686 2843 subditus
696 2817 862 2851 acceptare
875 2820 887 2840 .·
914 2803 1124 2841 Patriarchici
1136 2804 1170 2839 in

287 2860 381 2894 istam
411 2859 591 2894 Ecclesiam
615 2869 653 2895 ac
665 2857 818 2892 dioecefin
837 2856 915 2903 juris
928 2856 1172 2900 posseffionem,

286 2920 328 2943 ex
357 2910 463 2943 Basilii
488 2908 734 2945 consecratione
759 2905 931 2943 obtentam
947 2930 957 2946 ,
984 2907 1088 2949 perire
1112 2904 1170 2939 fibi

287 2957 423 2993 Procius
435 2960 542 2994 noluit
567 2969 627 2996 aut
638 2956 707 2993 laedi
722 2983 729 2990 .
757 2958 801 2991 Et
827 2954 906 2993 hinc
923 2956 1069 2992 Leontio
1095 2956 1172 2999 Epi-

287 3009 387 3052 scopo
398 3010 534 3051 reposuit
545 3006 717 3053 Philippus
727 3006 898 3049 Presbyter
916 3006 1063 3039 Ecclesiae
1082 3006 1170 3039 Con·

287 3059 604 3101 stantinopolitanae:
631 3058 750 3095 Sanllae
760 3057 1051 3099 memoriaeJoannes
1065 3053 1169 3098 Chry*

1255 298 1290 331 (ν
1303 297 1398 332 beatae
1410 304 1559 334 memoriae
1578 302 1701 341 cyrillus
1717 304 1882 348 Episcopus
1896 308 2118 343 Alexandrinus
2129 333 2137 341 .

1255 347 1413 382 Violenta
1425 349 1656 395 &irregularia
1666 349 1795 387 fuerant
1804 355 1870 390 haec
1880 360 1995 394 omnia
2010 373 2017 391 :
2046 359 2137 395 Nam

1253 397 1338 435 inter
1349 398 1503 445 palmaria
1514 399 1659 444 capitula
1673 424 1684 441 ,
1710 402 1751 436 de
1762 403 1879 448 quibus
1888 406 1923 446 in
1941 410 2081 454 Synodo
2094 409 2137 443 ad

1253 447 1422 494 Qercum
1431 451 1597 490 accusatus
1608 451 1674 485 fuit
1683 453 1818 489 Sanetus
1828 454 1969 496 Ioannes
1981 459 2085 503 aChry
2092 459 2139 497 so,-

1251 496 1377 537 stomus
1387 524 1398 541 ,
1424 510 1492 535 erat
1502 499 1558 535 hic
1569 500 1655 545 apud
1667 499 1783 536 Phorii
1811 502 2050 546 Biblioeheeam
2062 510 2136 544 arti.

1252 548 1362 586 culus:
1390 552 1483 594 ,Quod
1491 551 1760 589 altorumtnvadat
1788 551 1985 598 Provinciae,
2003 559 2137 594 'ordinet-

1251 610 1306 641 que
1331 600 1441 634 ebidem
1461 599 1622 644 Epiftopos
1635 627 1643 634 .
1671 602 1716 637 Et
1742 600 1822 639 hinc
1849 604 2005 650 Episcopi
2033 609 2136 654 plures

1253 648 1412 694 Philippo
1437 650 1472 685 δε
1498 651 1600 690 AEtio
1623 651 1833 689 reddiderunt
1860 666 1867 686 :
1894 658 2031 693 canones
2066 658 2137 693 obti-

1251 708 1345 736 neant
1356 724 1365 734 .
1389 700 1567 751 Diogenes
1579 702 1767 750 Cyzicenus
1778 728 1789 745 ‚
1814 704 1927 742 dicens
1941 706 2136 751 autocephae

1250 748 1331 784 liam
1342 761 1383 785 ex
1393 751 1632 793 consuetudine
1642 754 1775 800 potius,
1800 766 1900 803 quam
1914 765 1969 800 per
1980 756 2135 794 Canones

1251 809 1435 844 competere
1453 800 1624 846 Ephefinae
1650 803 1797 842 Ecclefiae
1823 828 1836 847 ,
1861 805 1971 850 palam
1995 817 2133 844 errarat,

1251 849 1384 888 Etenim
1405 860 1522 890 omnes
1533 852 1691 897 ejufinodi
1711 855 1965 894 consuetudines
1989 857 2133 893 firmavit

1248 901 1354 936 sextus
1366 901 1484 937 Canon
1499 902 1674 942 Nicaenus:
1699 906 1840 940 Servetur
1850 912 1980 950 amiqua
1989 906 2134 952 consuetus

1248 951 1303 986 do.
1330 953 1395 990 Suis
1398 953 1565 998 privilegia
1569 952 1731 998 serventur
1744 954 1879 997 Ecclefits
1895 980 1903 989 .
1930 957 1975 994 Et
1997 950 2134 1005 quidem

1249 998 1387 1050 Ephesia
1413 1003 1619 1039 consuetudo
1646 1004 1796 1042 asanao
1806 1004 2019 1047 Tmotheo,
2044 1006 2133 1043 ideo-

1247 1061 1311 1094 que
1335 1051 1532 1090 &asanais
1543 1051 1649 1092 Paulo
1675 1054 1711 1089 δε
1737 1055 1864 1102 Jeanne
1884 1055 2056 1100 Apostolis
2076 1059 2131 1092 du-

1245 1101 1340 1137 cebat
1351 1103 1537 1147 originem,
1564 1113 1662 1147 atque
1687 1105 1734 1142 ita
1755 1115 1822 1144 erat
1834 1105 1955 1144 Canon
1966 1106 2134 1152 Apostoli-

1246 1162 1300 1185 cus
1327 1176 1336 1186 .
1371 1153 1434 1188 Uti
1454 1154 1546 1190 enim
1570 1153 1807 1199 Apostolorum
1829 1156 1970 1192 Decreta
1992 1180 2004 1200 ,
2029 1157 2075 1194 ita
2098 1157 2133 1193 δε

1245 1200 1344 1238 Gesta
1356 1204 1419 1240 effe
1430 1202 1508 1238 nobi
1533 1205 1656 1249 agendi
1676 1206 1806 1250 regulas
1825 1205 1977 1242 adfirmat
1997 1208 2132 1244 Sanctus

1244 1253 1385 1296 Joannes
1395 1215 1575 1298 Chrysgsto

1243 1302 1351 1337 &ione
1366 1328 1373 1336 .
1402 1304 1637 1343 Nihilominus
1650 1305 1800 1343 Ecclefiae
1821 1307 2133 1352 Constantinopoli,-

1240 1362 1325 1391 tanae
1348 1352 1468 1388 Clerici
1495 1355 1673 1392 noluerunt
1698 1354 1935 1400 adquiescere,
1961 1356 1997 1392 ἀ
2018 1357 2132 1393 denuo

1242 1402 1414 1444 dixerunt:
1453 1408 1528 1446 Ea,
1552 1417 1621 1450 quae
1638 1403 1810 1451 sanc‘lorum
1850 1410 1978 1441 Parrum
2014 1417 2130 1442 centum

1241 1456 1462 1496 quinquaginta
1476 1453 1551 1497 sunt
1577 1478 1588 1494 ‚
1612 1465 1757 1499 teneatur,
1779 1457 1943 1501 privilegia
1961 1457 2129 1498 Constanti·

1241 1503 1369 1544 nopoleos
1392 1514 1428 1536 ne
1448 1505 1610 1546 depereant
1622 1529 1630 1539 .
1657 1508 1816 1543 Ordinatio
1829 1506 1995 1554 ficundicm
2018 1517 2127 1541 morem

1241 1552 1279 1585 ab
1290 1552 1536 1598 Archi-Eptfiopo
1547 1554 1638 1596 nostro
1644 1555 1704 1597 fiat
1714 1579 1723 1587 .
1749 1555 1855 1598 Aiunt
1867 1557 1967 1592 etiam
1989 1558 2022 1592 se
2044 1556 2128 1592 velle

1241 1613 1276 1636 ut
1287 1603 1452 1638 serventur
1463 1605 1637 1640 Canones:
1665 1604 1803 1640 Tertius
1821 1606 1950 1650 Synodi
1966 1606 2129 1641 Constan-

1240 1652 1469 1696 ‹inopolitanae
1494 1654 1639 1696 Canon,
1667 1654 1780 1699 Regiae
1799 1655 1942 1691 civitatis
1960 1657 2127 1700 Episcopo

1240 1702 1386 1741 tribuens
1401 1703 1583 1743 *secundum
1603 1705 1640 1741 in
1654 1704 1798 1743 Ecclesia
1819 1706 1951 1744 locum.
1979 1706 2036 1742 Ad
2055 1717 2126 1743 rem

1240 1761 1307 1787 non
1321 1764 1390 1789 erat
1404 1779 1412 1787 .
1438 1753 1539 1792 Istum
1551 1755 1673 1800 quippe
1683 1755 1858 1794 Canonetn
1879 1758 2002 1801 semper
2019 1767 2128 1800 repro·

1238 1801 1325 1837 bavit
1337 1803 1490 1839 Romana
1514 1805 1658 1842 Ecclesia
1673 1830 1685 1846 ,
1708 1806 1742 1844 δε
1765 1806 1893 1844 nudum
1914 1806 1970 1843 ille
1989 1806 2124 1847 locum,

1239 1853 1364 1887 nullum
1378 1855 1411 1887 in
1423 1855 1530 1889 aliena
1543 1854 1717 1891 Provincia
1731 1856 1939 1892 consecrandi
1949 1857 1998 1899 jus
2007 1855 2105 1890 dabat
2116 1880 2124 1888 .

1238 1903 1327 1949 Qia
1346 1914 1455 1938 tamen
1477 1903 1653 1940 Canonem
1676 1903 1833 1947 probabat
1855 1905 2037 1942 orientalis
2060 1906 2121 1940 Ec-

1236 1953 1326 1989 clesia
1339 1977 1350 1993 ‚
1376 1953 1496 1998 &quia
1506 1953 1718 1991 Theodosius
1741 1953 1911 2000 Augustus
1931 1954 2124 1991 adfirmaba-

1234 2014 1286 2037 tur
1304 2002 1393 2039 hisce
1413 2004 1653 2048 Episcoporum
1673 2004 2123 2049 constantinopolitanorum

1235 2051 1453 2090 invasionibus
1465 2055 1588 2101 semper
1613 2054 1706 2091 fuisse
1724 2063 1916 2100 cooperatus
1929 2078 1940 2095 ,
1967 2054 2124 2091 har-serunt

1235 2102 1365 2147 gloriosi
1376 2101 1521 2145 judices,
1547 2103 1759 2140 interlocuti:
1786 2103 1983 2148 Prospiclmus
1995 2104 2123 2148 quiahtc
2170 2116 2173 2119 ’

1235 2152 1446 2189 deliberatione
1459 2154 1530 2196 opus
1540 2152 1770 2198 habetsantffum
1781 2157 1942 2193 Concilium
1952 2156 1989 2189 de
1999 2153 2121 2188 ordina-

1235 2208 1311 2236 tione
1331 2202 1530 2246 Epaefcopatus
1547 2199 1704 2246 prefinae
1718 2203 1866 2245 Ecclefiae.
1895 2206 1980 2240 Unde*
1993 2204 2022 2248 fi
2038 2206 2122 2240 vide-

1234 2262 1284 2291 tur
1299 2278 1310 2296 ‚
1335 2265 1401 2287 cras
1412 2252 1636 2300 hocperfec‘liics
1659 2252 1845 2303 disponetur.

1419 2532 1721 2584 Acrlo
1789 2522 1928 2585 XII.

1326 2703 1361 2737 D
1384 2700 1562 2738 Aaronem
1594 2703 1825 2739 duodecimam
1859 2729 1871 2747 ‚
1908 2706 2025 2741 fastam
2057 2715 2118 2741 ter·

1351 2751 1401 2787 tio
1422 2751 1585 2788 Kalendas
1608 2754 1814 2790 Novembres
1838 2779 1849 2795 ,
1874 2756 2007 2800 gloriosi
2033 2754 2117 2797 judi-

1232 2814 1283 2836 ces
1305 2804 1379 2836 sunt
1412 2802 1512 2837 locuti
1537 2815 1544 2834 :
1570 2805 1723 2839 solicitudo
1749 2805 1902 2848 neceffarIa
1934 2806 2118 2848 Reipublrcae,

1234 2855 1406 2898 negligitur,
1435 2852 1516 2886 nobis
1524 2862 1648 2896 propter
1663 2855 1756 2898 fidem
1771 2854 1878 2899 fando
1895 2856 2025 2892 Concilio
2033 2857 2106 2891 adeo

1226 2903 1402 2946 frequenter
1421 2904 1513 2946 adesse
1533 2905 1554 2938 ἃ
1576 2907 1690 2938 Divino
1711 2910 1799 2947 Apice
1810 2907 1894 2948 juffis
1906 2931 1913 2939 .
1940 2908 2027 2949 ,Quia
2047 2913 2115 2949 ergo

1232 2954 1284 2987 diu
1296 2965 1348 2987 nos
1369 2954 1390 2986 ἃ
1401 2954 1563 2997 nec-effariis
1585 2955 1764 2996 Reipublrcae
1775 2955 1882 2998 abduci
1902 2967 1962 2991 noa
1985 2956 2025 2996 est
2034 2956 2117 2998 pffa

1233 3003 1290 3037 bile
1302 3026 1313 3046 ,
1337 3004 1459 3038 velocem
1470 3004 1673 3047 quaestiombus
1691 3006 1785 3048 finem
1805 3012 1954 3048 imponere
1969 3004 2114 3047 festinan,-

1233 3063 1277 3085 tes
1291 3075 1302 3092 ‚
1323 3059 1422 3098 primo
1433 3054 1534 3088 ordine
1560 3056 1654 3089 dicere
1657 3054 1798 3098 sanciam
1809 3057 1950 3095 synodum
1957 3061 2114 3098 petimus,

288 3108 449 3144 sostomus
469 3132 481 3147 ‚
509 3107 670 3151 Episcopus
697 3108 1063 3149 constantinopolitanus,
1087 3111 1170 3148 quin·
1230 3101 1334 3145 fiqut'd
1342 3104 1471 3145 amplius
1496 3104 1679 3140 deliberavit
1688 3107 1727 3139 de
1733 3104 1911 3149 sanfflffima
1924 3104 2113 3149 Ephefiorum

288 3160 385 3194 decim
395 3155 554 3201 Episcopus
565 3156 697 3203 deposuit
706 3166 746 3200 pr
777 3157 857 3191 elius
881 3162 913 3189 in
924 3154 1018 3199 Afiam
1030 3181 1041 3199 2
1065 3158 1100 3194 (5
1114 3164 1172 3201 pro

288 3208 424 3242 eis‘altos
438 3209 610 3242 ordinavit.
637 3211 727 3242 EtM
773 3220 830 3241 non
853 3206 900 3240 bic
921 3205 1188 3250 Constantinopoli.

289 3260 446 3292 ordinatus
470 3256 525 3298 est.
546 3256 689 3291 Addidit
715 3258 832 3291 AEtius
855 3257 995 3299 ejusdem
1023 3257 1171 3293 Ecclefia’-

290 3306 607 3342 ArchiDiaconusn
628 3310 674 3340 Et
699 3307 835 3346 Castinus
862 3307 909 3340 hic
934 3307 1087 3340 ordinatus
1117 3305 1170 3347 est.

291 3358 461 3390 Heraclides
488 3359 522 3392 (5
534 3358 589 3390 alii
598 3367 665 3390 cum
676 3356 832 3391 voluntate
844 3355 945 3396 nostrae
967 3356 1049 3389 urbis
1069 3355 1170 3390 Archi-

290 3404 431 3449 :Episcopi
439 3405 509 3448 sunt
521 3408 652 3440 ordinati
665 3431 672 3438 .
700 3405 841 3448 Bafilium
852 3404 982 3447 fimilt’ter
998 3405 1094 3440 beatae
1113 3419 1170 3441 me-

291 3462 392 3490 moriae
403 3456 521 3489 Procius
533 3458 695 3491 ordinavit.
720 3460 767 3491 Et
781 3457 876 3491 beatae
888 3462 1033 3492 memoriae
1043 3455 1169 3491 Theodo-

1233 3150 1381 3198 Ecclefia,
1404 3154 1505 3186 utrum
1527 3156 1622 3188 alium
1636 3161 1663 3190 el
1684 3154 1865 3202 Episcopum
1882 3163 2015 3198 oporteat
2032 3148 2113 3185 orut-

1234 3209 1300 3236 nari
1316 3226 1327 3242 ‚
1341 3215 1382 3238 an
1393 3205 1471 3237 certe
1483 3205 1650 3247 Bafflanum
1657 3207 1924 3249 reverendrfflmum
1933 3201 2111 3245 Epist-opum

1234 3260 1362 3296 recipere
1376 3277 1387 3294 ‚
1411 3264 1446 3286 ac
1465 3253 1651 3295 Stephanum
1663 3256 1922 3296 reverendtffimum
1931 3249 2111 3294 Episcopum

1232 3304 1301 3347 effl’.
1329 3308 1440 3338 Omnia
1461 3308 1560 3343 enlm,
1586 3316 1652 3347 quae
1662 3308 1763 3342 adeos
1780 3309 1955 3347 pertinent,
1981 3300 2111 3342 hesterno

1233 3357 1281 3387 die
1299 3352 1477 3397 suffimnter
1507 3362 1683 3390 examinata
1710 3353 1865 3398 noscuntur
1888 3376 1895 3384 .
1923 3351 2111 3395 Respondit

1235 3404 1411 3439 Anatolius
1424 3403 1812 3448 Constantinopolitanus
1828 3402 2030 3446 Episcopus,
2056 3400 2112 3451 de·v

1235 3456 1303 3490 nuo
1326 3455 1501 3490 decernens
1525 3459 1675 3488 Neutrum
1695 3454 1795 3487 borum
1803 3451 1854 3495 effe
1872 3453 1953 3486 illius
1972 3457 2109 3485 civitatis

1939 3500 2061 3546 Episco-

1577 1266 1649 1290 mus
1659 1254 1693 1290 in
1704 1254 1794 1290 libris
1805 1256 1847 1292 de
1856 1257 1966 1296 cordis
1974 1268 2133 1302 compun-
2148 1261 2178 1291 Ι..
2194 1269 2222 1291 1.
