2340 3736
314 157 410 205 168

229 247 305 281 rat,
325 240 383 286 sub
404 252 440 274 ea
466 238 501 284 se
523 241 690 275 condicione
711 241 803 284 ceffiffe
817 265 827 282 ,
852 244 887 276 (π’
898 245 1041 283 juratum
1062 241 1130 284 fibi-

226 289 316 333 fuiffe
337 289 488 333 respondit
497 314 508 330 ,
535 293 613 334 quod
623 289 850 335 chyrographum
859 290 945 335 suum
957 297 1094 333 reciperet
1107 316 1116 331 ‚

223 339 326 387 sthaec
340 345 491 374 Romanus
505 340 670 384 Episcopus
682 353 739 374 non
749 342 892 383 probaret
905 366 911 372 .
940 345 977 374 1n
998 353 1054 383 quo
1068 340 1119 384 sa-

231 396 274 424 tis
287 390 408 431 ostendit
413 390 447 434 se
458 392 495 423 de
507 392 622 433 judicio
629 392 729 432 potitis
742 390 868 427 humano
878 416 888 431 ‚
914 391 1005 437 quam
1030 395 1118 424 Divi·

233 439 378 485 consuisse
384 440 528 484 solicitum
538 466 545 473 .
575 440 676 474 Zoilus
688 452 797 484 quoque
810 442 1017 482 alexandrine
1033 443 1116 473 urbis

234 491 360 532 antistes
374 513 384 529 ,
408 491 472 523 cum
492 494 657 523 Romanum
667 489 839 533 Episcopum
851 496 955 523 venere
975 490 1116 534 cognosce-

231 550 280 576 ret
291 566 301 582 ‚
322 541 443 574 obviam
456 541 500 573 illi
510 542 556 573 ad
564 542 693 574 siciliam
703 540 778 587 mifit
790 564 801 580 ,
826 551 1000 582 conquerens
1026 539 1116 583 neces-

227 589 314 632 fitate
321 589 355 634 se
364 592 410 623 ad
418 588 502 632 ipffus
522 592 631 624 decreti
640 592 862 633 affirmationem
876 589 976 633 fuisse
994 591 1116 633 compul-

224 634 297 685 ¹sum
314 653 321 672 :
349 641 441 684 ,Quod
450 640 497 674 bic
505 646 532 677 ei
539 644 690 673 Romanus
702 637 861 682 Episcopus
871 645 903 672 in
907 640 989 681 facie
995 642 1113 682 palam,

224 687 319 724 'nobis
340 701 449 735 quoque
470 696 549 724 inter
579 691 654 722 alios
675 687 894 731 praesentibus,
919 691 1116 731 exprobavit.

231 744 367 779 Necnon
389 742 424 774 Θ·
440 740 595 781 Esremius
615 738 811 779 Antiochenus
824 763 835 779 ,
854 740 918 772 ciam
935 742 1068 782 primum
1090 747 1117 774 ei

230 792 445 831 mandaretur,
475 799 509 823 ut
520 789 569 822 hoc
578 795 669 827 etiam
677 786 736 832 ipse
758 787 939 831 rescribendo
955 790 1115 833 firmaret,

225 840 392 885 consentire
413 841 524 873 noluitz
557 844 596 874 At
611 838 766 886 postquam
787 845 815 873 ei
837 841 1046 873 denunciatum
1058 841 1114 880 est,

230 892 311 938 quod
320 890 521 925 excludendus
533 888 607 933 esset
618 914 628 928 ,
654 886 710 929 nifi
706 888 825 930 faceret
836 911 847 928 ,
858 889 1016 932 suipotius
1032 890 1114 922 hono-

229 939 290 982 ris,
302 943 392 984 quam
404 938 545 974 veritatis
554 939 676 972 dilector
686 944 827 971 inventus
840 938 879 979 est
890 963 897 970 .
927 941 1017 983 ,Quid
1024 946 1114 973 etiam

194 1006 197 1010 ·
232 992 343 1026 Petrus
354 989 624 1033 Hierofirlymitanus
638 988 654 1019 ἒ
678 990 790 1021 Nonne*
798 988 920 1030 publica
941 996 1047 1023 notitia
1072 1002 1113 1023 re-

168 1043 181 1045 ⁴
229 1040 294 1084 fert
308 1065 318 1081 ,
343 1045 482 1084 quoniam
491 1043 680 1072 conveniente
695 1038 740 1069 ad
753 1036 788 1080 se
807 1039 996 1072 multitudine
1018 1052 1113 1073 mona—

231 1090 479 1131 cborumjuratus
489 1093 704 1130 pronunciavit
714 1108 725 1124 ,
751 1087 864 1130 quodsi
870 1094 935 1130 quis
946 1091 1041 1123 eidem
1065 1091 1109 1122 de-

227 1150 305 1175 creto
315 1145 426 1172 novitio
436 1136 610 1181 consentiret
624 1162 634 1178 ‚
659 1145 762 1170 contra
782 1137 1016 1183 chalcedonense
1036 1144 1114 1173 Con-

226 1192 323 1225 cilium
327 1188 444 1231 faceret
455 1190 468 1222 ἲ
495 1193 561 1221 Nec
570 1185 709 1230 tamense
720 1186 759 1219 ab
771 1189 834 1228 ejus
857 1186 1031 1231 consensione
1049 1188 1113 1233 fies-

220 1241 351 1284 pendit.
371 1242 456 1284 Jam
479 1239 516 1274 de
538 1237 666 1271 aliarum
687 1242 849 1271 civitatum
865 1238 1018 1282 Episcopi:
1040 1242 1115 1283 quid

223 1291 398 1333 loquamur?
426 1291 491 1332 ,Qui
502 1289 536 1327 ᾤ’
546 1299 611 1322 cum
615 1285 791 1331 subscribere
801 1290 1050 1330 compellerentur,
1065 1302 1111 1323 re-

223 1342 431 1374 clamaverunt
442 1347 545 1372 contra
556 1349 696 1381 magnam
719 1339 862 1376 synodum
879 1339 971 1381 fieri,
997 1341 1032 1373 (5
1049 1339 1111 1382 post

216 1389 461 1438 subscriptionem
475 1397 633 1422 memorato
652 1386 800 1429 stephano
825 1391 959 1422 Romano
982 1393 1110 1423 Diacono

222 1440 337 1477 libellos
355 1440 501 1473 dederunt
513 1463 524 1479 ‚
560 1438 626 1471 sedi
650 1437 814 1479 Apostolicae
839 1437 1085 1481 transmittendos
1099 1464 1109 1480 ‚

222 1490 392 1532 confitentes
406 1495 437 1522 in
447 1495 490 1522 ets
500 1510 510 1527 ‚
536 1489 617 1530 quod
627 1489 646 1518 ιί
658 1487 976 1528 Constantinopolitano
989 1488 1109 1531 Episco-

217 1548 260 1584 po
270 1540 357 1574 evacii·
369 1537 599 1582 ficbscriberent.
627 1535 734 1570 Addit
756 1537 790 1570 in
815 1537 900 1571 libro
911 1548 1026 1573 contra
1036 1539 1111 1573 Mo-

220 1586 353 1624 'cianum
368 1614 375 1621 .
413 1593 471 1624 cui
488 1587 667 1629 praejudicio
686 1592 760 1628 quia
776 1593 986 1622 communicare
1009 1594 1111 1622 timue-

219 1649 293 1674 runt
306 1639 402 1673 beatae
414 1642 561 1671 memoriae
574 1640 730 1669 Marianus
754 1638 922 1671 Doracenus
936 1662 947 1678 ‚
974 1639 1009 1673 (9
1029 1638 1111 1680 Basi-

218 1688 306 1733 liscus
328 1685 499 1729 serdicenfis
533 1685 692 1730 Episcopus
714 1711 725 1727 ,
758 1685 815 1730 fid
841 1689 876 1721 Co·
914 1690 1109 1730 Lampridius

219 1739 377 1779 Presbyter
399 1740 433 1773 (u
449 1736 544 1770 abbas
558 1735 809 1779 Hierosolymitani
829 1737 1021 1778 monasterii,
1048 1742 1110 1771 Mo-

217 1796 324 1824 cianus
334 1801 381 1823 eos
405 1787 656 1828 Constantinopoli
676 1791 709 1819 in
724 1787 893 1830 gehennam
917 1789 1015 1831 abiiffe
1037 1789 1110 1823 dice·

216 1839 287 1873 bat.
316 1839 420 1874 Porro
433 1836 675 1883 gioriofiffimus
699 1835 754 1870 ilie
778 1835 960 1881 Stephanus
985 1839 1105 1872 Roma-

217 1902 268 1923 nae
280 1890 427 1923 Ecclesia,
436 1888 609 1922 Diaconos
620 1887 683 1920 fuit
695 1885 822 1931 Pelagii
845 1888 880 1921 in
905 1887 1105 1932 Apocrisarii

216 1951 352 1974 munere
365 1938 542 1978 successor,
568 1948 644 1985 ante
655 1935 775 1979 vigilii
788 1937 964 1971 Pontificis
989 1939 1107 1972 adven-

31 1998 74 2032 «t.
84 2005 161 2028 cont.
216 2000 289 2024 tum
303 1987 606 2030 Constantinopoli
620 1986 809 2020 defundius.
838 1987 933 2021 Hinc
956 1988 1045 2021 enim
1066 1988 1105 2021 ad

40 2037 166 2072 Muciam,
216 2039 381 2074 Mennam
410 2035 632 2071 patriarcham
664 2034 785 2078 scripsit
808 2036 849 2070 de
874 2037 934 2070 ilio
956 2036 1106 2072 laudatus

215 2088 375 2125 Pontifex
396 2100 438 2122 ex
473 2088 612 2121 itinere:
638 2087 795 2128 ‚Quamdiu
814 2093 920 2127 vixit,
958 2090 979 2119 ἆ
1001 2096 1054 2120 tua
1072 2086 1107 2131 se

214 2145 414 2174 communione
443 2135 615 2181 suspendit.
654 2135 762 2179 Eique
785 2135 819 2168 in
841 2133 903 2170 hac
923 2136 1106 2172 constantia

215 2190 368 2235 adjunxit
391 2189 422 2223 se
451 2187 576 2223 Dacius
608 2183 712 2219 Archi
727 2185 909 2230 Episcopus
944 2186 1108 2222 Mediola-

216 2242 346 2278 nenfis.

269 2290 326 2324 Ab
337 2289 396 2325 illo
408 2288 523 2324 tertius
534 2286 735 2330 Iustinianus
750 2283 920 2330 Augustus
943 2284 1107 2331 Vigilium

217 2341 418 2377 Pontificem
431 2364 441 2379 ‚
467 2348 564 2383 quem
578 2334 733 2383 fibisoli'cm
745 2337 943 2370 contradicere
970 2337 1106 2379 quereba-

216 2401 265 2425 tur
276 2415 287 2431 ‚
314 2389 465 2425 evocavit
486 2385 814 2430 Constantinopolim
829 2410 839 2426 ,
854 2387 958 2420 immo
973 2386 1083 2429 potius
1095 2413 1103 2428 ‚

216 2442 268 2477 uti
279 2440 318 2475 ad
330 2441 531 2474 Francorum
542 2436 685 2481 Legatos
706 2435 816 2469 scribit
838 2436 938 2470 ltaiiae
965 2437 1082 2472 Clerus
1095 2462 1104 2478 ‚

218 2492 365 2527 Violenter
377 2491 480 2523 deduci
483 2487 585 2530 juffit,
612 2485 731 2520 additis
753 2484 888 2527 litteris,
913 2497 950 2520 ut
968 2497 1081 2529 pacem
1095 2511 1105 2527 ,

216 2552 316 2588 quam
329 2539 478 2579 Christus
489 2536 657 2571 Dominus
669 2536 762 2579 super
781 2537 893 2570 omnia
918 2535 1105 2571 holocausta

216 2591 351 2636 diligit,
377 2601 454 2625 cum
466 2587 593 2621 Menna
618 2584 806 2619 Patriarcha
826 2585 861 2619 &
884 2585 956 2619 aliis
979 2586 1107 2620 Graeco—

219 2653 292 2677 rum
309 2639 480 2684 Episcopis
490 2636 598 2672 stabili
617 2636 770 2669 firmitate
793 2636 945 2670 servaret:
974 2635 1105 2679 Utique

219 2692 238 2726 ὲ
261 2689 429 2733 Stephano
448 2688 604 2722 Diacono
625 2686 840 2728 interruptam
852 2711 860 2718 .
887 2686 982 2720 Hinc
1001 2686 1104 2720 excla-

38 2725 180 2761 {sti-⁶25·
219 2751 287 2778 mat
300 2739 494 2774 Facundus:
519 2740 598 2771 Ecce
619 2737 663 2768 ad
670 2737 744 2778 quid
753 2736 986 2777 confirmandum
1007 2737 1105 2769 addu-

219 2797 294 2825 citur
304 2794 455 2823 Romanus
468 2786 631 2831 Episcopus
649 2810 660 2826 ‚
686 2797 722 2819 ne
734 2787 808 2828 quid
825 2785 962 2829 inausum
987 2787 1105 2820 videre-

220 2848 271 2874 tur
284 2838 438 2883 ambitiosa
448 2838 648 2875 haereticorum
654 2834 807 2880 subreptio
827 2837 986 2879 reliquiffe.
1015 2835 1102 2870 Pon-

219 2889 319 2925 tificis
329 2901 371 2924 ex
387 2888 466 2922 urbe
486 2889 641 2922 Romana
663 2885 823 2930 egressum
846 2885 934 2930 large
952 2885 1102 2920 describit

36 2950 116 2995 ⁵13⁴·
139 2962 166 2986 c,
176 2938 305 2992 3,]ibet
328 2938 564 2973 ’pontificalia
600 2935 708 2975 Addit
739 2935 933 2977 facundus.
970 2939 1104 2968 Romana

222 2987 398 3030 univerfitas
430 2989 646 3031 egredientem,
679 2989 847 3019 venientem
877 2982 982 3028 Africa
1013 2992 1104 3018 etiam

221 3048 315 3082 atque
326 3039 488 3077 sardinia,
515 3048 695 3080 quamquam
714 3046 772 3069 non
787 3043 846 3077 per
857 3046 911 3069 eas
931 3033 1079 3076 transterit
1090 3059 1100 3075 ‚

218 3097 277 3134 per
287 3086 374 3131 ipfius
383 3096 483 3120 tamen
493 3086 692 3128 consiliarium
699 3085 821 3127 publica
842 3097 909 3118 eum
927 3084 1103 3125 contestatio-

172 3143 174 3145 ’
225 3150 264 3173 ne
272 3135 410 3182 pulsavit
421 3160 434 3178 ‚
452 3134 524 3177 ficut
535 3137 634 3175 Hellas
649 3139 684 3171 (a
694 3136 823 3174 Illyricas
837 3138 999 3169 Provincia
1010 3159 1021 3175 ‚
1046 3143 1103 3177 per

225 3199 301 3232 quas
312 3193 416 3227 venit,
445 3193 480 3219 ut
498 3186 663 3219 nullatenus
677 3190 826 3227 novitati,
850 3196 918 3229 quae
929 3185 1022 3230 facita
1043 3185 1081 3223 est
1091 3209 1102 3225 ‚

226 3235 431 3279 acquiesceret.
455 3234 556 3270 Tunc
567 3234 646 3269 item
669 3234 789 3268 fastum
800 3235 846 3269 est
857 3257 868 3274 ,
892 3234 983 3279 quod
993 3235 1102 3269 scribit

226 3285 345 3321 victor
354 3284 611 3321 Tonnonenfis.
636 3283 799 3322 libratam
809 3286 937 3322 synodus
962 3290 995 3317 in
1004 3285 1102 3328 defen-

220 3334 300 3381 §one
308 3339 398 3368 trium
410 3339 553 3377 Cupitum
567 3331 743 3379 Justiniano
762 3333 882 3377 Augusto
900 3332 1003 3376 scribit
1017 3348 1029 3369 .·
1055 3338 1102 3368 Et

226 3388 413 3426 ,Benenatum
431 3390 539 3424 primae
550 3384 737 3429 justinianae
746 3386 880 3418 civitatis
900 3382 1101 3426 Episcopum,

219 3434 446 3472 obtreclatorem
459 3436 623 3468 eorumdem
635 3439 724 3467 trium
735 3436 880 3474 Cupitum
891 3455 901 3471 ,
926 3435 1100 3467 condemna-

218 3490 296 3532 ἤθη.
323 3481 507 3530 illyriciana
518 3493 659 3531 namque
668 3482 948 3528 Dioecefisspeckat
969 3481 1010 3519 ad
1032 3483 1100 3520 Ro-

40 2307 73 2339 1..
84 2316 110 2346 q.
120 2313 144 2336 c·
151 2315 178 2341 4.

901 160 1555 206 Dlssenrarro'

1186 250 1318 274 manum
1343 240 1623 287 patriarchatum,
1649 245 1809 292 ideoque,
1837 250 1885 284 uti
1905 250 1947 285 ad
1975 246 2070 295 Joani

1181 301 1257 324 nem
1283 279 1507 326 variare-ham
1530 293 1780 332 Antiochenam
1805 301 1939 334 Sanctus
1959 301 2070 345 Cyrila'
2084 327 2149 357 con
2170 328 2190 356 Ε
2212 326 2229 356 h

1184 340 1251 380 lus,
1278 340 1366 374 &ad
1377 339 1568 376 Nestorium
1581 342 1683 378 dietus
1694 346 1833 388 Joannes
1855 350 1998 389 scribunt
2012 374 2022 391 ,
2048 347 2068 385 ἱ
2083 365 2104 396 1,
2118 376 2140 395 ,,
2157 335 2243 397 0521,

1184 388 1346 424 Romanae
1357 390 1660 435 Ecclesiaesententia
1671 405 1727 427 non
1731 395 1806 438 fhlet
1817 403 1946 434 recedere
1952 393 1963 432 ⁸.
1985 402 2068 435 Haec
2087 416 2131 442 25.

1181 438 1226 472 est
1240 440 1393 485 Synodus
1405 463 1415 479 ,
1441 442 1482 475 de
1494 452 1557 485 qua
1570 443 1700 477 Sanetus
1710 445 1844 482 Isidorus
1855 451 1887 483 in
1901 450 2069 495 catalogo

1184 488 1326 523 virorum
1348 490 1521 525 illustrium
1536 518 1543 525 .
1563 492 1761 540 Justinianus
1787 499 1951 537 Imperator
1972 503 2071 534 condi·
2086 486 2217 524 C³P·3¹-

1186 540 1233 571 dit
1255 538 1437 582 Rescriptum
1458 551 1560 574 contra
1584 544 1779 582 Illyricianam
1800 548 1957 583 synodum.
1982 550 2070 586 Ean-

1181 587 1255 622 dem
1266 588 1402 623 damnat
1415 590 1450 623 in
1473 592 1536 625 suae
1556 593 1632 626 fidei
1653 595 1867 636 profeffione.
1895 597 1981 645 Qae
1998 611 2071 635 om-

1183 638 1236 673 nia
1248 637 1267 671 ὲ
1280 639 1387 673 Dacio
1398 639 1687 684 Mediolanenfi,ac
1696 645 1770 677 aliis
1782 645 2022 690 Episcopis,fibi
2032 649 2071 692 isa

1183 688 1293 722 Sicilia
1308 690 1554 725 occurrentibus
1565 717 1575 732 ‚
1591 697 1752 738 cognovit
1764 694 1922 730 Pontifex
1933 721 1943 737 ,
1969 707 2072 740 atque

1184 737 1257 771 inde
1268 738 1309 773 ad
1335 738 1497 773 Mennam
1518 741 1739 777 patriarcham
1764 745 2072 791 Constantinopoli-

1184 796 1318 828 tanum,
1344 789 1485 832 primum
1520 790 1697 834 imperialis
1722 794 1828 828 Edisti
1863 796 2070 833 confirmato-

1183 849 1272 878 rem,
1299 839 1419 882 scripfit
1452 851 1540 873 acres
1561 842 1703 885 litteras,
1731 844 1847 879 relatas
1867 847 1885 878 a
1910 847 2070 882 Facundo

1183 890 1215 920 in
1231 887 1315 922 libro
1325 898 1440 922 contra
1452 889 1647 926 Mocianum
1658 917 1668 932 ,
1693 905 1832 938 arguens
1848 895 1890 930 de
1912 897 2040 931 excessu
2055 918 2068 938 ,

1181 938 1307 982 qualem
1321 938 1429 972 nullus
1440 938 1617 986 hucusque
1644 943 1758 988 Regiae
1771 946 1914 979 civitatis
1932 947 2068 992 Episco-

1182 999 1239 1030 pus
1251 988 1476 1022 commisisset.
1507 990 1545 1023 ln
1569 991 1755 1027 Dominicae
1783 996 1964 1030 nativitatis
1985 997 2070 1041 vigi-

1177 1038 1241 1076 lia,
1267 1049 1355 1071 anno
1368 1050 1459 1073 nono
1481 1041 1551 1083 post
1575 1041 1796 1077 Consulatum
1819 1045 1952 1087 Basilii,
1975 1047 2067 1082 Con-

1177 1087 1424 1131 stantinopolim
1442 1090 1620 1134 ingressus,
1646 1093 1678 1127 δε
1703 1092 1840 1138 grandi,
1870 1106 1924 1137 per
1943 1095 2064 1132 librum

1175 1138 1403 1172 Pontificalem
1430 1139 1556 1181 relato,
1582 1139 1711 1177 honore
1737 1144 1923 1186 susceptus,
1949 1147 2064 1180 omnia

1174 1185 1238 1222 huc
1249 1189 1348 1234 usque
1363 1200 1419 1232 per
1430 1189 1615 1234 Principem
1628 1192 1716 1236 gesta
1729 1193 1808 1226 caffi
1816 1196 1861 1227 vit
1875 1219 1884 1234 ,
1911 1207 1951 1229 ac
1966 1195 2065 1230 Men-

1176 1249 1272 1278 nam,
1298 1238 1443 1281 aliosque
1480 1239 1685 1276 patriarchas
1720 1244 1754 1278 &
1779 1245 1826 1277 eis
1862 1243 2062 1280 adhaerentes

1177 1287 1411 1332 Episcopos'ad
1434 1299 1576 1333 quatuor
1596 1293 1721 1327 menses
1742 1294 1977 1328 communione
1997 1295 2060 1339 pri-

1176 1339 1283 1376 vavit,
1307 1338 1355 1372 uti
1368 1338 1402 1372 in
1429 1338 1562 1373 historia
1576 1341 1793 1376 Ecciefiastica
1816 1356 1856 1377 ex
1878 1343 2061 1389 Theopha⁴

1177 1399 1217 1421 ne
1230 1386 1337 1422 scribit
1350 1388 1536 1426 Anastasius
1548 1390 1840 1427 Bibliothecarius.
1867 1394 2001 1428 Tamen
2025 1395 2063 1430 in

1175 1439 1313 1482 gratiam
1336 1440 1455 1481 recepit
1478 1440 1518 1474 ad
1542 1451 1649 1484 preces
1668 1442 1860 1477 'Theodorae
1882 1444 2064 1489 Augustae,

1175 1488 1214 1521 de
1235 1497 1298 1530 qua
1331 1488 1372 1522 ad
1398 1487 1488 1523 hunc
1507 1501 1633 1525 annum
1659 1491 1774 1526 Vistor
1805 1493 2064 1529 Tonnonenfisa

1176 1536 1324 1570 Theodora
1344 1539 1488 1582 Augusta,
1527 1539 1770 1584 Chalcedonenfis
1793 1545 1897 1582 synodi
1918 1549 2061 1586 inimica,

1174 1594 1305 1621 canceris
1313 1589 1410 1630 plaga
1420 1595 1476 1620 toto
1486 1597 1601 1631 corpore
1610 1591 1735 1635 perfusa
1746 1616 1756 1630 ,
1782 1598 1882 1626 vitam
1888 1596 2058 1638 prodigiose

1168 1636 1288 1678 finivit.
1318 1636 1429 1681 Atque
1459 1638 1505 1672 ita
1527 1639 1631 1674 nullas
1652 1641 1694 1674 de
1711 1640 1776 1676 fide
1805 1644 1999 1686 quaestiones
2024 1644 2061 1677 in
2078 1661 2165 1703 Epist,
2188 1672 2235 1694 „-

1173 1688 1311 1722 Oriente
1332 1687 1486 1732 deinceps
1506 1689 1605 1732 coepit
1627 1691 1801 1726 formidare
1824 1692 1987 1733 Ecclesia,
2011 1694 2063 1728 uti

1172 1736 1278 1771 scribit
1294 1737 1444 1782 Pelagius
1457 1739 1580 1782 primus
1590 1739 1745 1775 Pontifex
1755 1741 1796 1776 ad
1811 1742 2061 1778 Childebertum

1174 1788 1298 1830 Regem
1314 1789 1514 1821 Francorum
1528 1815 1535 1823 .

1223 1837 1332 1880 Pergis
1346 1837 1379 1870 in
1394 1838 1460 1871 suis
1471 1838 1588 1872 litteris
1600 1839 1698 1874 ltaliae
1707 1841 1822 1876 Clerus
1835 1865 1842 1873 .
1869 1843 1947 1875 Cimo
1971 1844 2059 1886 Papa

1173 1889 1297 1930 Vigilius
1310 1886 1350 1920 ad
1362 1886 1548 1922 damnanda
1563 1890 1622 1922 tria
1647 1890 1798 1934 Capitula
1823 1903 1880 1924 non
1900 1893 1991 1926 vellet
2000 1895 2059 1927 ad-

1172 1935 1272 1969 bibere
1283 1935 1448 1980 consensum
1461 1960 1471 1976 ,
1490 1940 1560 1980 jam
1571 1949 1641 1973 tunc
1651 1942 1722 1974 talis
1743 1942 1888 1974 violentia
1892 1941 2052 1985 f'at‘i‘aest,

1170 1994 1203 2018 ut
1218 1985 1374 2028 publicem
1385 1998 1529 2021 conventu
1539 1990 1692 2022 clamarit:
1724 1991 1788 2024 CO
1796 1991 2025 2028 NTESTOR
2039 2017 2054 2034 ‚

1171 2035 1299 2084 QJIA
1329 2036 1396 2070 ET
1441 2039 1479 2072 Sl
1515 2039 1586 2072 ME
1614 2040 1881 2075 CAPTIVUM
1908 2041 2059 2087 ΤΕΝΕ-

1172 2086 1245 2119 Τ18
1283 2110 1294 2126 ,
1340 2085 1557 2122 BEATUM
1594 2087 1810 2124 PETRUM
1846 2089 2053 2126 ΑΡΟδἹῸὁ

1171 2135 1284 2170 LUM
1311 2136 1579 2172 CAPTlVUM
1606 2137 1799 2173 FACERE
1835 2140 1942 2174 NON
1978 2140 2059 2177 Po*-

1172 2185 1354 2220 TESTlS.
1385 2185 1484 2225 Postea
1495 2197 1595 2221 tamen
1611 2189 1742 2222 trac‘latu
1754 2190 1869 2227 habito,
1883 2191 2059 2230 pra-dicius.

1171 2235 1295 2268 sandius
1323 2239 1411 2277 Papa
1433 2238 1559 2280 Vigtltus
1564 2235 1622 2280 sub
1632 2241 1734 2281 aliqua
1754 2239 2056 2283 dispensationeprae-

1171 2285 1287 2318 deciam
1298 2284 1413 2329 causam
1422 2288 1574 2321 ordinavit
1587 2312 1596 2327 ,
1620 2287 1731 2331 solicite
1753 2290 1916 2330 monendo,
1941 2302 1979 2323 ne
1997 2299 2060 2332 per*

1170 2334 1335 2376 occafionem
1353 2337 1485 2377 aliquam
1516 2336 1755 2380 Chalcedonensis
1778 2342 1907 2377 synodus
1933 2349 2055 2381 patere·

1171 2395 1219 2417 tur
1238 2387 1396 2425 injuriam.
1426 2387 1512 2419 Cum
1526 2388 1724 2431 septuaginta
1747 2389 1920 2431 Episcopis
1940 2391 2053 2426 tracta-

1170 2436 1256 2468 ctum
1278 2435 1329 2468 seu
1351 2436 1523 2477 Synodum
1551 2436 1840 2481 Constantinopoli
1876 2437 1954 2473 fecit
1973 2463 1983 2478 ‚
2009 2440 2051 2474 de

1170 2495 1230 2527 qua
1266 2484 1461 2523 Facundus,
1488 2485 1577 2519 testis
1599 2486 1767 2528 oculatus,
1805 2490 1839 2521 in
1865 2489 2052 2531 praefatione

1170 2534 1217 2567 sui
1230 2535 1353 2577 operis.
1382 2538 1459 2567 Cum
1476 2534 1563 2578 gestis
1579 2534 1670 2578 super
1690 2537 1746 2570 bac
1768 2537 1856 2581 causa
1876 2537 2054 2581 disceptare-

1170 2596 1258 2622 mus,
1284 2585 1433 2617 mediante
1465 2585 1597 2626 confliclu
1617 2594 1791 2628 interrumpi
1814 2589 1886 2621 aaa
1907 2595 2046 2631 praecipit

1169 2635 1293 2677 Vigilius
1305 2659 1316 2675 ,
1345 2635 1429 2667 &ab
1439 2634 1580 2675 universt's
1592 2636 1767 2678 Epist-opis,
1796 2645 1847 2679 qui
1867 2640 2051 2680 aderamus,

1168 2689 1315 2725 expetiit,
1340 2693 1373 2717 ut
1390 2682 1501 2727 scripto
1523 2684 1715 2732 unusquisque
1736 2686 1922 2729 responderet
1940 2712 1950 2729 ,
1976 2691 2054 2731 quid

1169 2739 1195 2766 oi
1211 2734 1247 2765 de
1268 2732 1316 2766 bis
1339 2733 1499 2777 Capitulis
1515 2737 1683 2769 videretur.
1712 2737 1786 2770 Istic
1811 2736 1891 2771 Aeta
1916 2738 2053 2782 exponit

1167 2783 1263 2817 latius
1276 2784 1311 2817 in
1329 2783 1413 2818 libro
1435 2795 1547 2819 contra
1570 2785 1784 2821 Mocianurn.
1813 2789 1869 2821 Ab
1887 2787 1949 2820 hoc
1974 2799 2052 2822 con-

1170 2843 1271 2867 ventu
1296 2834 1417 2876 prodiit
1452 2834 1487 2868 in
1519 2835 1658 2878 paschali
1693 2837 1803 2881 vigilia
1842 2838 2051 2880 judicatum,

1174 2883 1307 2917 Mennae
1319 2883 1512 2917 Patriarchae
1532 2885 1708 2926 directum,
1736 2888 1753 2920 ὲ
1776 2888 1912 2922 Rustico
1928 2888 2051 2923 Roma-

1169 2943 1216 2967 nae
1229 2933 1374 2967 Ecclefiae
1384 2934 1538 2968 Diacono
1548 2934 1713 2970 Cardinali
1726 2962 1736 2977 ‚
1759 2948 1942 2979 promotum
1954 2938 2049 2973 omni

1166 2991 1288 3018 conatu
1303 3007 1314 3023 ,
1339 2982 1506 3017 laudatum
1520 2983 1653 3019 mirifice
1665 3010 1675 3026 ,
1701 2997 1754 3029 per
1767 2999 1882 3021 omnes
1905 2988 2049 3022 Ecclefiae

1166 3031 1359 3067 Provincias
1371 3033 1596 3077 divulgatum,
1623 3036 1890 3079 &comparatum
1915 3037 2050 3081 dogma·

1166 3083 1239 3116 ticae
1259 3082 1367 3117 Sancti
1401 3083 1524 3118 Leonis
1546 3083 1719 3128 Epistolae,
1744 3087 1794 3121 uti
1821 3088 1915 3121 refert
1937 3086 2047 3121 multis

1167 3132 1314 3177 vigilius
1326 3132 1481 3168 Pontifex
1492 3134 1527 3167 in
1540 3136 1698 3170 sententia
1711 3160 1721 3176 ,
1743 3148 1805 3180 qua
1819 3135 1969 3171 eumdem
1983 3137 2046 3169 Ru-

1164 3182 1280 3216 sticum
1292 3182 1479 3217 damnavit.
1506 3183 1602 3219 Voce
1618 3186 1804 3228 judicatum
1826 3186 1925 3221 utitur
1943 3185 2044 3219 etiam

1163 3230 1337 3266 Facundus
1356 3232 1391 3266 in
1414 3232 1497 3267 libro
1523 3246 1637 3269 contra
1664 3236 1882 3274 Mocianum‚
1907 3245 1940 3268 at
1965 3234 2044 3267 ver&

1162 3282 1262 3318 ltaliae
1283 3282 1398 3316 Clerus
1421 3292 1516 3317 vocat
1541 3285 1759 3325 constitutum:
1785 3283 1937 3318 Pontifex
1958 3294 2043 3317 utra-

1162 3343 1225 3376 que
1235 3342 1318 3366 voce
1328 3332 1373 3365 est
1386 3334 1477 3367 usus.
1504 3332 1627 3376 Periit,
1650 3346 1705 3369 aut
1726 3335 1801 3367 latet
1813 3332 1911 3366 hocce
1934 3333 2041 3368 decre-

1161 3392 1252 3423 tum,
1278 3381 1378 3426 longe
1406 3383 1567 3418 diversum
1586 3384 1629 3418 ab
1660 3384 1717 3417 illo
1747 3381 1854 3416 adhuc
1873 3382 2040 3423 exstante,

1161 3432 1249 3475 quod
1271 3433 1311 3466 ad
1322 3433 1505 3476 praesentem
1528 3433 1699 3476 Synodum
1722 3432 1841 3466 direxit
1863 3431 2037 3474 PontifeX,

1162 3480 1298 3528 ideoque
1314 3482 1453 3520 vitanda·
1473 3483 1671 3519 confusionis
1691 3482 1903 3528 gratiayprius
1926 3482 2039 3527 passim

1932 3533 1990 3578 Ju-
