2340 3736
72 484 99 511 F.
123 486 186 515 728·

71 744 134 777 Λᾶ·
160 756 185 784 3.

55 1504 124 1542 ‚·1..1.
134 1513 159 1536 c.
170 1514 198 1541 4·

65 2302 102 2332 C.
118 2312 162 2332 ιο.

64 2943 183 2984 Epist-3.

221 1740 315 1770 'trem
342 1739 396 1768 Dei
419 1735 547 1780 negabat
560 1760 570 1776 ‚
596 1736 718 1778 debuiffit
741 1736 883 1768 damnari
907 1760 914 1767 .
940 1737 986 1769 Et
1006 1736 1118 1768 audent

489 166 704 209 CAP1ruLA
739 173 918 203 CONTRA
951 157 1289 214 Nrsroumrios,
1330 170 1383 200 Ac
1421 158 1803 206 EuchmANisrAs.
1895 179 1983 224 143

243 250 281 291 est
292 251 336 282 ad
342 248 510 291 negandam
520 243 752 280 DEIPARAE
765 255 864 277 vocem
881 268 890 283 ‚
917 254 973 276 non
987 242 1115 276 CHRI-
1183 242 1351 289 Senatores
1363 239 1507 283 Epistola
1530 240 1573 273 itti
1604 239 1700 276 habet
1717 267 1727 282 ,
1747 245 1776 286 J
1781 240 1941 281 ustinianus
1961 247 2053 285 Impe-

243 295 491 334 STIPARAM
504 321 515 337 ‚
536 294 594 339 sed
603 298 623 327 ἃ
632 299 737 337 potiori
748 290 1002 328 DEIPARAM
1015 293 1115 334 appel·
1181 289 1350 332 ratorfilius
1361 289 1449 330 noster
1461 299 1526 322 orta
1543 299 1704 324 certamina
1707 292 1793 333 sitisse
1799 289 1931 335 fignavit
1944 318 1953 332 ,
1983 295 2048 327 AN

241 351 337 383 lamus
350 372 357 379 .
385 344 440 380 Ad
454 357 524 389 quae
545 345 638 379 verba
659 343 740 379 rec‘te
762 343 796 377 in
810 343 1004 377 Florentinae
1014 343 1118 385 Syno-
1182 340 1390 374 PROPRIE
1411 339 1476 373 ET
1488 338 1770 375 VERAC1TER
1783 342 1957 374 MATER
1973 343 2052 375 Do.

241 397 275 432 di
302 395 451 431 adversus
486 395 639 430 Marcum
665 393 904 438 Ephefiorum.
918 392 1116 434 Episcopum
1182 391 1290 424 MlNl
1303 387 1745 424 DElNOSTRIMARIA
1756 390 1941 425 SEMPER
1955 390 2052 425 VIR-

242 446 412 491 Apologia
432 445 478 480 ait
493 444 670 491 Gregorius
692 440 977 484 Proto-syncellus
989 455 1000 474 .-
1027 442 1116 474 Vides
1182 441 1249 476 Go
1262 440 1460 475 DEBEAT
1473 438 1754 474 APPELLARI.
1785 441 1978 474 Proba-vimus
1991 446 2051 474 Ca-

241 494 360 542 agnosci*
375 497 494 540 quidem
506 493 556 528 ab'
568 497 617 529 illo
637 486 739 527 nomen
751 489 1095 526 CHRISTIPARAE
1109 514 1119 530 ,
1181 490 1318 524 tholicam
1342 495 1530 532 Imperatoris
1546 489 1639 532 fidem
1653 512 1663 529 ,
1689 490 1777 522 &niz
1798 491 1848 532 effe
1867 491 2050 533 PropheticIs

237 545 293 590 sed
312 557 368 579 non
393 545 553 589 usurpari,
579 557 636 578 non
659 544 737 586 quod
750 546 836 584 Virgo
848 539 1119 574 CHRISTIPA-
1182 543 1216 576 (θ’
1236 540 1398 582 apostolicis
1419 541 1471 573 vel
1481 543 1608 573 Parrum
1630 539 1774 580 exemplis
1792 542 1945 574 evidenter
1964 542 2050 582 ostm-

242 596 309 630 RA
335 608 391 629 non
394 595 455 638 fit,
475 594 535 638 sed
548 596 628 638 quod
647 604 708 627 non
722 600 862 627 vocetur.
889 590 989 635 Qod
1003 590 1119 624 Nesto·
1161 589 1295 633 ¹Na'imus.
1324 589 1494 625 Acaemetae
1515 587 1670 624 monachi
1695 600 1762 622 non
1783 589 1826 622 ita
1849 601 1960 624 vocem
1985 597 2050 624 Dei-

240 642 306 679 rius
318 657 398 680 voce
409 645 595 690 christipara
605 644 727 688 primus
747 641 836 675 aburi
849 641 979 683 coeperit
991 665 1002 681 ,
1028 640 1120 674 testa·
1176 648 1257 681 para
1281 664 1290 679 ‚
1317 639 1368 674 sed
1390 640 1497 683 potius
1517 639 1618 674 hocce
1639 638 1799 682 Principis
1817 638 1908 672 suasu
1930 642 2050 676 fastum

241 706 293 729 tur
314 696 413 730 etiarn
440 694 640 730 Theodorus
665 691 903 735 Hierosolymae
929 689 1116 724 Patriarcha
1180 689 1462 730 additamentum,
1488 692 1562 724 Vere
1583 690 1616 723 (Ὗ
1624 691 1763 731 proprie,
1787 689 1918 722 fuerunt
1935 693 2051 724 aversa-

242 745 402 781 inlitteris
424 743 464 780 ad
478 744 648 787 septimam
658 741 829 784 Synodurn
845 763 857 781 ‚
882 739 1005 774 ibidem
1030 740 1119 775 leeris
1181 740 1205 773 ti
1220 763 1231 780 ‚
1256 737 1393 783 proinde
1403 739 1561 774 malentes
1572 751 1682 773 vocem
1696 764 1707 780 ‚
1734 738 1939 780 christipara,
1961 740 2052 773 indu-

241 793 503 839 &comprobatis
515 806 525 826 .·
553 791 705 833 Nestorius
726 803 827 826 vocem
839 815 850 831 ‚
876 802 943 833 quae
950 789 1039 833 sacra
1054 794 1118 823 Vir·
1180 790 1211 825 ci
1224 790 1257 823 in
1271 790 1460 835 popularem
1480 790 1662 823 sermonem
1678 814 1684 820 .
1713 790 1754 822 Et
1770 788 1841 821 vere
1855 789 2052 832 Justinianus

236 857 276 891 go
288 843 369 879 DEI
392 842 631 877 GENlTRIX
656 843 846 883 appellatur,
873 840 1045 873 malediHus
1067 840 1119 872 ab·
1180 839 1330 873 retulerat
1351 840 1444 874 fuiffe
1466 850 1535 872 orta
1558 839 1733 873 certamina
1749 853 1758 871 :
1785 839 1950 882 Populum
1964 851 2054 877 nam-

235 898 346 936 jurans
360 917 371 932 ,
397 891 785 929 CHRISTOTOCON
810 891 887 923 hanc
897 896 995 924 vocari
1009 888 1119 932 nequis-
1179 900 1241 932 que
1253 889 1664 932 Constantinopolitanum
1675 889 1767 922 fuisse
1783 890 1814 921 in
1838 889 1994 923 fastiones
2005 889 2052 923 di·

235 943 307 987 sime
323 941 434 986 sanxit
460 966 468 974 .
495 942 541 976 Et
565 942 695 977 sanetus
720 940 864 984 Cyrillus
885 941 918 973 in
943 939 1056 974 litteris
1076 939 1117 974 ad
1180 940 1282 973 visum
1296 964 1305 979 ,
1330 940 1363 973 δε
1385 938 1520 973 adverfis
1542 939 1576 973 in
1598 938 1741 973 Ecclesia
1762 937 2054 973 acclamationibus

241 992 453 1026 Valerianum
465 991 716 1035 Metropolitam
729 990 932 1024 Iconiensem
945 1002 952 1021 :
979 993 1117 1022 Orienta-
1181 990 1333 1032 pugnasse
1346 990 1378 1023 in
1394 990 1535 1023 invicem
1548 1012 1558 1028 ‚
1582 989 1683 1030 liquet
1696 1000 1734 1022 ex
1746 988 1882 1031 Synodo
1893 988 1950 1022 sub
1962 990 2055 1023 Men-

237 1043 280 1075 {es
294 1040 434 1085 Episcopi
455 1041 565 1083 confi’ffi
585 1040 680 1085 sunt,
705 1046 774 1084 quia
789 1042 844 1075 Dei
850 1044 986 1083 genitrix
990 1038 1028 1081 fit
1047 1037 1119 1082 san·
1182 1050 1222 1071 na
1245 1039 1431 1073 Patriarcha
1455 1064 1462 1071 .
1490 1038 1705 1083 Tangebatur
1734 1039 1909 1072 audioritas
1928 1039 2055 1082 Synodi

236 1094 289 1126 dia
313 1096 400 1136 Virgo
423 1116 434 1133 ‚
460 1093 495 1127 (5
519 1102 575 1124 non
596 1092 778 1133 addiderunt
794 1115 806 1131 ,
831 1094 903 1132 quia
924 1088 1118 1123 CHRISTl
1163 1124 1165 1128 ,
1182 1087 1351 1130 Ephefinae
1371 1090 1403 1122 &
1416 1087 1707 1128 Chalcedonensis,
1734 1086 1872 1131 ideoque
1891 1089 2055 1123 refflffime*

239 1140 480 1176 GENITRIX
497 1140 560 1185 fit,
580 1139 650 1182 ficut
672 1146 834 1183 inquiunt,
859 1144 911 1181 qui
927 1138 1054 1179 Nestorii
1077 1144 1120 1170 in·
1180 1137 1256 1171 dicti
1279 1138 1435 1170 monachi
1462 1139 1536 1171 sunt
1563 1140 1662 1171 secuti
1684 1139 1853 1180 antiquam
1882 1138 2025 1183 regulam
2040 1165 2050 1179 ‚

1180 1185 1221 1220 de
1242 1198 1303 1230 qua
1324 1187 1364 1220 ad
1381 1186 1591 1221 Valerianum
1613 1186 1790 1220 Patricium
1815 1188 1924 1222 scribit
1947 1190 1981 1222 in
2005 1189 2055 1223 lit-

1179 1236 1255 1270 teris
1276 1248 1331 1280 per
1349 1236 1393 1270 D.
1408 1237 1531 1271 Lucam
1552 1236 1766 1270 Holstenium
1788 1237 1884 1271 editis
1904 1238 2057 1283 Pelagius

1182 1285 1270 1329 Papa
1293 1287 1414 1329 primus
1434 1297 1441 1318 τ
1475 1292 1539 1319 Nec
1563 1289 1645 1319 licuit
1670 1288 1831 1328 aliquando
1850 1313 1860 1328 ‚
1888 1299 1939 1321 nec
1960 1288 2056 1322 licebit

1181 1336 1397 1377 particularem
1417 1338 1562 1375 synodum
1585 1338 1630 1368 ad
1644 1337 1872 1376 dijudicandam
1889 1341 2055 1380 generalem

1183 1386 1323 1424 synodum
1342 1392 1533 1429 congregari3
1549 1385 1728 1429 sedquoties
1750 1388 1853 1429 aliqua
1876 1388 1913 1420 de
1937 1394 2056 1421 univer-

1177 1433 1237 1478 sali
1250 1437 1356 1474 synodo
1369 1435 1516 1478 aliquibus
1531 1437 1677 1469 dubitatio
1690 1433 1820 1478 nascitur
1829 1460 1840 1475 ‚
1865 1438 1909 1468 ad
1917 1443 2057 1479 recipien-

1183 1487 1252 1517 dam
1276 1487 1312 1518 de
1332 1497 1361 1518 eo
1383 1511 1393 1526 ‚
1422 1487 1501 1528 quod
1525 1498 1581 1518 non
1602 1486 1771 1529 intelligunt
1795 1510 1805 1525 ,
1832 1492 1976 1520 rationem
2003 1498 2058 1520 aut

234 1191 338 1237 felices
364 1193 398 1226 ό·
426 1189 604 1234 respuendas
625 1190 873 1232 opiniatiunculas
894 1198 1018 1222 curant.

289 1242 451 1274 Attamen
467 1238 627 1282 Ephesina
639 1240 794 1283 Synodus
806 1249 919 1273 vocem
932 1236 1119 1280 christipara

230 1287 311 1324 'non
335 1289 502 1323 damnavit
517 1313 524 1320 .
542 1288 596 1322 .Et
607 1288 686 1323 hinc
700 1286 911 1332 Eutychiana
931 1288 1031 1320 sastio
1052 1296 1120 1319 tam

237 1339 305 1382 ejus
330 1363 342 1379 ‚
368 1339 464 1383 quarn
491 1336 766 1374 Chalcedonensis
789 1337 915 1379 Synodi
936 1347 994 1380 pro
1017 1347 1119 1375 voce,

237 1393 395 1431 Deipara,
420 1388 649 1423 definitionem
671 1385 812 1422 titubare
828 1387 904 1421 fecit
927 1387 1024 1420 etiam
1036 1385 1120 1429 apud

235 1439 360 1475 multos
383 1439 416 1472 in
444 1438 583 1474 Oriente
604 1435 832 1477 orthodoxos,
859 1436 900 1471 de
923 1436 1042 1479 quibus
1062 1437 1118 1471 Fa·

236 1488 365 1523 cundus
393 1487 573 1531 Episcopus
599 1486 843 1521 Hermianenfis
867 1512 874 1519 .
911 1485 1119 1528 Infinuandum

233 1538 295 1578 est,
321 1539 401 1581 quod
424 1537 500 1571 hanc
523 1535 715 1579 confcffionem
729 1562 739 1577 ,
764 1548 824 1579 qua
845 1536 966 1571 beatam
986 1539 1119 1569 Mariam

233 1590 307 1622 ver?
328 1590 489 1630 &proprie
503 1588 628 1620 dicimus
648 1591 777 1620 Matrem
791 1590 849 1620 Dei
861 1610 872 1626 ‚
897 1588 1018 1628 quidam
1030 1590 1120 1618 etiam

236 1644 484 1671 communicantes
502 1635 636 1677 Ecclefiae
656 1645 769 1678 putant
790 1648 848 1669 non
869 1636 973 1670 debere
989 1634 1122 1678 ficscipi,

236 1689 302 1720 cum
323 1686 491 1727 Nestorium
511 1685 676 1729 fateantur
698 1711 709 1726 ,
731 1693 852 1729 propter
877 1687 957 1727 quod
973 1696 1037 1718 eam
1058 1697 1120 1717 ma·

1179 1533 1283 1577 sponte
1306 1536 1351 1568 ad
1361 1535 1528 1577 apostolicas
1543 1537 1631 1568 Sedes
1653 1541 1851 1576 conveniant,
1870 1545 1925 1569 aut
1945 1537 2059 1580 adeas-

1182 1586 1248 1617 dem
1268 1584 1431 1618 trahantur
1444 1610 1451 1617 .
1479 1585 1532 1618 Ex
1556 1587 1652 1619 variis
1678 1586 1801 1619 sanetis
1822 1586 2059 1630 GregoriiMa-

1183 1635 1242 1678 gni
1255 1635 1337 1669 locis
1347 1636 1509 1677 persuasus
1532 1635 1704 1679 legendum
1725 1636 1898 1670 existimo.-
1926 1638 1976 1668 Ad
1988 1641 2059 1678 Apo-

1176 1684 1305 1725 stolicam
1315 1687 1433 1718 Sedem.
1461 1683 1509 1718 At
1524 1685 1652 1728 pellime
1672 1684 1780 1719 eidem
1801 1684 2059 1730 monachiApo-

236 1784 356 1829 insuper
377 1785 430 1818 hoc
450 1785 636 1824 Eutychiana
660 1786 793 1828 dogmati
817 1786 959 1826 deputare
980 1810 987 1816 .
1016 1785 1119 1827 Euty·
1159 1398 1305 1818 idrffime
1317 1784 1472 1825 defens0,
1496 1784 1626 1820 decreto
1646 1785 1890 1821 recalcitrarunt
1904 1811 1914 1826 ‚
1941 1787 1981 1821 de
1993 1797 2057 1831 qua

233 1833 390 1870 chianum
401 1833 521 1880 dogma
534 1846 602 1868 non
614 1833 816 1877 adsumptam
832 1833 1040 1870 solummodo
1062 1832 1120 1868 hu·
1181 1845 1214 1868 re
1236 1834 1386 1869 laudatus
1407 1834 1578 1871 Liberatus
1598 1861 1605 1868 .
1637 1839 1662 1868 A
1685 1835 1836 1877 Pontificis
1862 1843 2057 1871 communione

236 1885 432 1920 manitatem
446 1908 458 1925 ,
486 1884 538 1918 sed
557 1885 591 1918 δε
611 1884 712 1928 ipsam
722 1884 865 1918 Domini
878 1885 1046 1918 Deitatem
1068 1884 1120 1917 de·
1182 1882 1362 1927 discedente:
1386 1886 1510 1928 quidam
1531 1889 1659 1919 Romani
1685 1885 1819 1919 monachi
1843 1890 2057 1920 Acaemetarum

235 1935 308 1969 litat
333 1934 646 1978 natameVirgine:
674 1934 768 1968 Hinc
793 1933 842 1968 illi
863 1932 1044 1968 orthodoxi
1066 1945 1119 1968 vo·
1181 1936 1306 1977 Legatos
1314 1933 1406 1977 secuti
1414 1933 1510 1978 sunt,
1537 1934 1670 1978 &usque
1683 1946 1761 1968 nunc
1780 1935 1856 1968 banc
1867 1935 2058 1978 confefflonem

234 1995 331 2026 cem,
358 1987 509 2027 Deipara,
537 1984 646 2019 eidem
660 1982 865 2028 blasphemia:
888 1983 1119 2019 existimabant
1180 1995 1238 2016 non
1253 1982 1438 2028 suscipiunt.
1467 1984 1654 2020 Adversum
1675 1984 1773 2019 hosce
1784 1985 1916 2020 rebelles
1928 1987 1967 2020 ad
1991 1998 2059 2030 pre-

237 2033 422 2068 obnoxiam
437 2058 448 2074 ,
474 2043 530 2068 aut
541 2032 626 2068 certe
638 2033 706 2076 ejus
717 2034 867 2068 fotricem
878 2035 911 2068 &
923 2035 1096 2077 suspestam
1108 2059 1118 2075 ,
1181 2045 1234 2068 ces
1246 2033 1354 2069 Princi
1359 2036 1408 2078 pis
1418 2034 1649 2079 Apostolicum
1659 2034 1827 2070 decretum
1851 2037 2058 2071 confirmavit

238 2083 460 2118 scandalosam
475 2108 484 2123 ,
511 2083 635 2125 piarum
647 2083 774 2117 aurium
793 2083 980 2118 offenfivam
994 2108 1004 2122 ‚
1031 2083 1119 2117 ideo-

236 2144 302 2177 que
314 2132 355 2167 ab
365 2134 459 2167 omni
480 2145 537 2167 ore
548 2134 700 2168 veraciter
721 2130 910 2167 orthodoxo
922 2133 1119 2176 proscriben-

236 2182 312 2216 dam
335 2207 342 2214 .
370 2182 433 2217 Rei
456 2183 632 2217 successum
651 2180 791 2218 edisserit
823 2181 992 2217 Liberatus
1014 2205 1026 2221 ‚
1053 2183 1114 2216 Ec-

1182 2084 1290 2118 nostra
1314 2084 1490 2127 synodus,
1518 2096 1643 2129 unaque
1663 2096 1778 2119 vocem
1802 2085 1987 2127 christipara
1999 2086 2058 2120 cir-

1179 2133 1374 2177 cumscripfit
1389 2135 1422 2168 &
1446 2133 1607 2169 abolevit.
1636 2136 1713 2170 Scio
1723 2135 1868 2169 eameffe
1892 2137 2057 2176 sanctam,

239 2222 242 2226 ,
1180 2182 1349 2217 innoxiam
1363 2206 1373 2222 ‚
1384 2182 1622 2219 orthodoxam:
1650 2183 1780 2219 Aream
1795 2185 1930 2228 peffimae
1942 2186 2055 2229 viperae

237 2231 336 2266 clefiae
362 2230 627 2277 Carthaginenfis
662 2230 952 2266 Archi-Diaconus
977 2257 987 2273 ‚
1027 2231 1117 2266 testis

236 2281 407 2322 oculatus,
434 2282 547 2325 utpote
570 2292 650 2316 tunc
663 2282 779 2316 Romae
799 2282 941 2326 Legatus
962 2281 1116 2325 Reparati

236 2330 286 2367 sui
309 2329 579 2375 Archi-Episcopi
593 2357 600 2364 .
631 2333 682 2364 Ad
691 2335 850 2377 Joannem
866 2329 1027 2374 secundum
1042 2335 1118 2365 Pon-

239 2376 344 2425 tificem
365 2381 435 2422 missi
451 2380 525 2424 sunt
547 2384 567 2413 ἃ
579 2380 754 2426 justiniano
773 2386 950 2423 Imperatore
971 2386 1117 2423 Hypatius

1179 2232 1214 2265 in
1226 2232 1377 2267 dolosum
1388 2234 1502 2268 erroris
1513 2234 1682 2269 latibulum
1707 2235 1914 2269 demutarant
1926 2260 1936 2275 ,
1963 2246 2059 2279 atque

1178 2293 1219 2316 ex
1243 2282 1320 2324 illa,
1346 2293 1514 2327 tamquam
1527 2286 1648 2319 melleo
1672 2285 1813 2328 poculo,
1839 2296 1962 2319 venena
1989 2296 2064 2329 pro-

1177 2331 1326 2375 pinantes
1349 2332 1486 2377 fimplici
1518 2335 1603 2377 plebi
1625 2334 1859 2369 insidiabantur
1882 2360 1889 2367 .
1926 2336 2060 2370 Eversas

1177 2383 1323 2424 oportuit
1346 2382 1421 2418 istas
1449 2383 1607 2419 scabiosas
1633 2384 1770 2419 latebras
1789 2410 1796 2417 .
1834 2383 1928 2418 Hinc
1953 2386 2059 2430 pergit

1177 2431 1326 2466 laudatus
1351 2432 1581 2467 Theorianus.
1610 2435 1705 2468 Debes
1727 2459 1737 2474 ,
1761 2433 1931 2478 sanc‘liffane
1952 2439 2060 2468 Domi-

1177 2492 1236 2522 ne,
1261 2482 1346 2515 illam
1368 2494 1480 2526 quoque
1501 2496 1621 2524 vocem,
1640 2486 1811 2524 judicatam
1831 2485 1982 2518 asanllts
2006 2488 2062 2518 Sa-

1176 2532 1334 2574 crilegum,
1361 2542 1394 2565 ut
1410 2531 1589 2578 sacrilegam
1612 2534 1726 2575 missam
1740 2533 1843 2575 facere
1864 2559 1873 2573 ,
1902 2546 1953 2567 nec
1970 2536 2057 2575 judi‘

238 2431 425 2474 Ephefiorum
447 2430 631 2474 Episcopus,
658 2433 692 2466 εἰ*
717 2433 918 2464 Demetrius&
942 2428 1093 2473 Philippis
1107 2456 1117 2472 ,

237 2479 381 2524 consulere
403 2482 504 2514 Sedem
527 2480 715 2522 Apostolicam
737 2489 839 2514 contra
859 2482 970 2524 legatos
994 2485 1115 2515 Acaeme-

239 2541 340 2564 rarum
361 2556 370 2571 ,
396 2534 502 2568 Cyrum
524 2532 558 2564 (9⁶
579 2531 735 2573 Eulogium
760 2554 771 2569 ,
796 2539 939 2573 negantes
962 2531 1012 2574 effe
1037 2530 1118 2573 confi-

238 2583 365 2614 tendum
387 2580 504 2613 beatam
515 2581 642 2611 Mariam
653 2581 724 2613 vere
745 2581 906 2621 &proprie
920 2584 974 2612 Dei
991 2586 1116 2624 genitri-
1176 2586 1252 2613 cium
1261 2589 1345 2614 tuum
1368 2583 1484 2616 illorum
1488 2585 1604 2624 judicio
1623 2583 1740 2625 firmius
1751 2584 1855 2618 ducere
1868 2608 1878 2623 ,
1905 2595 1955 2616 nec
1964 2591 2032 2625 pati
2044 2608 2057 2624 ‚

238 2636 300 2662 cem
316 2654 323 2660 .
349 2630 410 2661 Sed
432 2631 516 2670 Papa
530 2633 673 2674 Joannes
698 2627 748 2661 hoc
769 2629 963 2671 confitendum
983 2630 1118 2672 Epistola
1175 2639 1207 2663 ut
1215 2629 1459 2673 suumJudicium
1468 2634 1604 2674 pluribus
1618 2632 1781 2674 occafionem
1803 2632 1970 2673 offendiculi
1977 2642 2058 2675 prae-

238 2677 296 2723 sua
317 2676 454 2719 firmavit
481 2680 515 2712 (a
540 2683 716 2720 Imperatori
740 2679 854 2712 direxit
884 2704 892 2711 .
929 2677 1115 2714 Addiderat
1175 2680 1261 2713 beat.
1292 2681 1463 2724 Ejusmodi
1486 2693 1594 2717 tamen
1618 2683 1812 2723 offenfivas‚
1839 2684 1872 2717 &
1894 2683 2060 2717 scandalo-

239 2728 395 2771 Princeps
414 2727 453 2760 ad
475 2726 671 2762 Pontificem
690 2728 789 2762 etiam
814 2729 934 2762 litteras
957 2727 1053 2770 hujus
1071 2739 1116 2763 te·
1176 2730 1244 2769 sas,
1269 2729 1369 2774 idque
1392 2730 1432 2765 ad
1448 2733 1555 2767 folum
1577 2732 1773 2777 quandoque
1787 2742 1934 2776 tempus,
1963 2744 2059 2766 voces

239 2778 349 2811 noris:
375 2777 512 2810 Sanc‘lam
531 2780 679 2822 Virginem
701 2781 831 2810 Mariam
849 2780 970 2819 proprie
995 2781 1028 2813 (τ’
1042 2780 1116 2812 vere*
1177 2778 1281 2812 nolim
1304 2792 1368 2825 ego
1392 2781 1499 2815 dicere
1524 2783 1694 2827 sacrilegas
1720 2807 1727 2814 .
1755 2782 1843 2816 Dico
1860 2807 1870 2822 ,
1899 2783 1948 2814 Ad
1960 2780 2059 2825 solum

239 2831 295 2860 Dei
315 2834 439 2860 matrem
458 2828 580 2860 dicimus
603 2851 614 2867 ,
639 2839 696 2860 non
720 2833 790 2869 quia
811 2832 893 2861 Deus
921 2828 1052 2861 Verlmm
1077 2840 1115 2861 ex
1174 2830 1349 2873 quandoque
1364 2839 1498 2873 tempus.
1521 2831 1655 2867 Etenim
1681 2844 1796 2866 vocem
1811 2856 1822 2872 ,
1848 2831 2035 2874 christipara
2048 2857 2060 2872 ,

239 2883 249 2909 i
267 2875 489 2919 saprincipium
502 2875 643 2920 sumpsit,
665 2875 725 2921 Jed
733 2883 804 2923 qula
813 2883 845 2910 in
868 2879 982 2911 ultimis
1006 2878 1111 2911 diebus
1177 2877 1275 2912 hodie
1287 2881 1476 2925 usurpamus
1496 2880 1681 2917 liberrime.-
1708 2881 1809 2928 Qod
1834 2880 1968 2916 liberata
1993 2882 2060 2917 fita

237 2924 274 2967 est
285 2939 322 2960 ex
333 2925 400 2970 ipsa
420 2932 593 2961 incarnatus
605 2953 612 2959 .
639 2926 768 2972 Papalis
789 2928 830 2962 ad
846 2928 959 2973 Regiae
969 2927 1114 2962 civitatis
1173 2927 1292 2965 doloso
1306 2930 1496 2967 Nestoriani
1510 2933 1626 2967 veneni
1647 2932 1791 2977 periculo
1803 2956 1810 2963 .

537 3150 1419 3282 CA‘PITULUM
1521 3193 1758 3284 vn⁴

240 3392 329 3513 SI
361 3393 460 3457 quis
495 3393 541 3440 in
576 3390 741 3441 duabus
776 3396 938 3441 naturis
973 3393 1122 3441 dicens
1156 3431 1169 3454 ,
1224 3412 1314 3444 non
1350 3410 1398 3443 ut
1436 3396 1481 3442 in
1516 3396 1699 3443 Deitate
1735 3399 1779 3445 δε
1815 3395 2061 3444 humanit&

343 3474 387 3510 te
419 3498 434 3523 ,
472 3478 604 3510 unum
640 3464 884 3512 Dominum
919 3462 1109 3512 nostrum
1135 3462 1288 3530 Jesum
1322 3464 1544 3514 Christum
1578 3463 1782 3527 cognosci
1815 3465 2061 3526 confitetur,

1903 3543 1940 3570 ut
1958 3545 2013 3578 per

1182 1733 1297 1768 stolico
1320 1759 1331 1775 ,
1358 1746 1412 1778 per
1435 1735 1628 1770 Facundum
1652 1735 1926 1770 Hermianensem
1948 1738 2059 1771 facun-
2112 1757 2113 1760 =
