2340 3736
679 116 1035 178 (RERUM,
1108 136 1187 181 cfr

277 211 501 260 loramentum
512 213 549 248 in
561 212 653 246 causa
663 210 793 245 fideiab
821 209 992 255 Episcopis
1013 209 1078 256 jam
1102 209 1162 254 pri
1192 241 1194 245 .

281 256 291 270 ⁴
325 263 402 298 dem
413 265 584 300 exaaum
1030 268 1108 296 202.
1124 270 1160 297 2

275 310 412 356 iurandi
433 309 640 347 consuetudo
668 310 687 345 ὲ
708 311 747 346 ·:s
760 308 940 353 Chrysosto
943 320 998 344 no
1021 308 1160 356 mirifice

324 363 490 402 extinsta,
518 361 651 404 aliisque
661 359 818 395 Patribus
828 359 1050 418 summopere
1041 371 1086 394 rm
1090 372 1160 404 pro

279 408 419 447 bata.
451 421 532 459 290.
552 420 585 448 2.
623 410 733 447 nume>
759 411 884 455 peccati
917 410 1063 445 mortalis
1085 422 1162 451 con-

276 470 278 475 ·
323 460 498 499 demnata.
1081 458 1159 494 ibid.

274 511 409 556 jurandi
427 511 578 548 formulae
599 522 670 547 non
693 519 788 547 erant
807 535 819 552 ‚
851 514 934 545 Deus
951 509 1041 554 fiir,
1066 521 1162 545 coram

269 565 275 611 γ’
323 565 402 596 Deo.
434 563 438 567 ’
1043 570 1122 608 2210.
1139 570 1154 596 1

273 611 407 657 Iurandi
421 611 589 653 formulae,
617 614 677 645 Per
688 615 832 645 orationes
842 622 911 646 tuas
925 635 936 652 ‚
962 612 1021 644 Per
1027 607 1162 652 salutem

324 663 359 696 ἐι·
371 662 525 697 villariam
535 666 746 704 Imperatoris.
1048 670 1126 707 214.
1139 670 1162 695 2

274 714 383 758 Jurare
403 723 457 757 per
470 710 632 755 Principis
651 710 789 755 genium
811 720 867 744 aut
880 712 1047 745 fortunam
1068 710 1162 745 illici-

323 773 415 797 tum.
441 771 520 799 211
534 773 566 800 2.
579 762 662 813 cur?
687 760 770 795 Ibid.
807 761 892 796 Item
913 772 970 805 per
981 771 1159 795 creaturas

323 811 406 847 Ibid.

273 862 384 907 Jurare
406 871 461 905 per
481 860 646 906 Principis
669 860 805 896 salutem
828 886 840 903 ,
864 860 996 896 licitum
1021 861 1056 895 ὅ(
1080 860 1162 895 anti-

323 923 427 955 quum
440 936 449 943 .

274 962 385 1007 Jurare
409 973 465 1007 per
490 962 655 1007 Principis
679 960 815 997 salutem
848 961 932 1007 olim
958 961 1058 995 moris
1088 960 1160 995 fuit.

323 1023 406 1060 244.
423 1022 452 1047 1.
586 1010 591 1016 ⁷

273 1061 427 1107 Jurarunt
447 1061 599 1098 rariffime
619 1062 741 1098 Clerici
762 1085 774 1102 ‚
798 1062 832 1096 &
852 1060 1018 1096 Monachi
1042 1085 1052 1102 ‚
1079 1062 1155 1095 cur?

321 1123 403 1151 220.
429 1125 458 1150 1.
480 1115 521 1149 In
544 1111 740 1159 purgatione
763 1110 805 1146 ab
826 1111 962 1146 infamia
988 1110 1022 1145 id
1047 1111 1161 1145 licuit.

273 1215 434 1259 Juffiones
444 1215 538 1250 sacrae
547 1213 588 1249 ab
599 1213 740 1248 Ecclefia
751 1211 895 1246 toleratae
910 1236 918 1244 .
1044 1220 1163 1257 2042

272 1264 434 1308 Juffiones
446 1266 539 1299 sacrae
550 1289 560 1304 ,
587 1262 785 1298 Canonibus
800 1274 870 1297 non
890 1261 1077 1296 conformes
1089 1284 1100 1301 ‚
1127 1260 1164 1293 li-

325 1313 401 1348 bere
410 1312 616 1357 respuendae-
906 1321 988 1357 219.
1005 1319 1032 1344 1.
1045 1319 1122 1355 249-
1141 1318 1155 1343 1

272 1363 498 1407 Iustinianus‚
523 1359 711 1396 absentibus
724 1359 852 1394 Latinis
863 1360 1056 1403 Episcopis,
1079 1358 1165 1402 juffit

322 1415 368 1458 Sy
371 1414 497 1448 nodum
512 1410 681 1447 inchoari
1051 1418 1065 1443 1
1074 1418 1130 1454 71
1143 1420 1164 1444 2

273 1426 476 1507 Justiynianus
495 1459 671 1506 Augustus
695 1459 770 1494 fidei
790 1458 995 1493 defensorem
1018 1458 1052 1491 ὅ(
1072 1457 1166 1491 haere-

323 1514 402 1550 seon
415 1512 594 1547 eversorem
605 1512 669 1546 sese
682 1506 1166 1553 profitetur-182.2.1nTheo-

324 1564 401 1598 dori
429 1560 696 1607 Mopsuestienfis
722 1559 927 1603 personam,
954 1557 1166 1592 Theodoreti

322 1613 439 1657 scripta
452 1636 464 1654 ,
489 1623 527 1647 ac
550 1610 615 1646 lbae.
629 1608 812 1655 Epistolam
831 1619 973 1655 graviter
982 1607 1166 1643 invehitur

327 1665 368 1701 18
419 1674 448 1698 ι

274 1674 477 1757 Ῑιιίὶὶῃςιαηιιε
491 1709 687 1757 Augustus'
679 1722 713 1743 m
728 1708 1044 1744 condemnationem
1066 1707 1166 1742 trium

322 1762 546 1807 capitulorum
568 1761 747 1795 consensit
777 1758 853 1796 166.
866 1769 898 1794 2.
922 1758 1115 1803 protestatus
1134 1759 1166 1793 se

323 1813 464 1855 Synodo
499 1809 762 1847 Chalcedonenfi
807 1807 898 1844 nolle
936 1808 1159 1855 praejudicare

274 1860 500 1958 Ῑιιίῖὶὸῐιζιιιιιιιε
489 1923 507 1944 2
518 1909 652 1955 Vigilio
673 1907 858 1944 absolutam
880 1908 986 1943 voluit
1006 1909 1106 1943 trium
1117 1920 1167 1942 ca-

327 1960 511 2006 pitulorum
521 1955 854 1995 condemnationem.
884 1970 956 2004 170
971 1966 1000 1995 1.
1011 1959 1088 2002 Ejus
1097 1959 1166 1992 vio-

328 2010 432 2046 lentia
455 2021 644 2045 enarratur.
1085 2008 1164 2042 ibid.

274 2058 496 2126 Justinianus
488 2071 639 2105 ingentes
650 2059 759 2094 turbas
768 2058 808 2094 de
820 2057 1061 2106 incorruptibili
1071 2057 1167 2093 Chri-

325 2112 363 2146 sti
374 2122 511 2156 corpore
521 2110 697 2161 excitavit,
723 2120 820 2154 atque
835 2102 910 2143 ideo
922 2109 964 2144 ad
978 2109 1101 2143 inferos
1114 2108 1168 2142 de·

325 2162 496 2196 turbatus.
1049 2169 1062 2193 1
1070 2169 1090 2204 7
1097 2169 1125 2206 3
1142 2167 1158 2193 1

274 2208 494 2257 Justinianus'
486 2224 520 2246 in
532 2223 560 2245 v.
571 2206 710 2255 Synodo
721 2222 781 2254 pro
793 2208 968 2253 Acephalis
985 2207 1167 2254 vigilabat,

324 2263 395 2306 post
410 2273 468 2306 pro
478 2261 706 2296 Phantafiastis
718 2271 864 2305 pugnare
874 2259 994 2303 coepit‚
1021 2260 1054 2292 in
1067 2269 1164 2301 quam

324 2312 468 2348 haerefim
482 2303 610 2355 lapsus,
621 2310 731 2347 subito
743 2307 788 2345 est
799 2311 977 2356 extinctus.
1013 2317 1134 2355 179.1
1144 2317 1166 2342 2

274 2363 476 2408 Iustinianus
510 2363 616 2396 secum
636 2368 795 2419 pugnat.
823 2351 1039 2394 Theodoreti
1070 2366 1167 2402 atque

324 2413 389 2447 lbae
400 2411 513 2456 scripta
523 2411 563 2446 de
578 2412 673 2445 variis
691 2412 839 2445 accusat.
872 2407 984 2456 1832
963 2409 1166 2456 2-Qatuor

326 2462 538 2505 Synodorurn
549 2461 674 2495 zelosus
687 2460 795 2494 custos
805 2459 1047 2502 depraedicatur.
1063 2454 1104 2497 18
1109 2469 1138 2504 5
1132 2469 1164 2494 2

275 2510 441 2557 Iuvenalis
464 2509 644 2553 Episcopus
664 2509 992 2552 Hierosolymitanus
1015 2519 1056 2542 ex
1067 2509 1159 2551 pasto
1190 2536 1193 2538 ,

323 2573 400 2597 cum
411 2559 566 2594 Maximo
579 2555 794 2593 Antiocheno
805 2568 868 2593 tres
877 2558 1063 2593 Palaestinas
1072 2559 1163 2601 cupit
1193 2582 1199 2585 »

325 2611 394 2647 sedi
414 2613 474 2644 suae
494 2608 596 2644 subdi
608 2609 687 2657 278
702 2620 730 2646 1
753 2607 921 2653 Iuvenalis
947 2607 1077 2643 affertur
1087 2607 1160 2642 fun·

324 2662 539 2697 damentum.
566 2656 645 2695 280
660 2668 691 2693 2..
714 2658 907 2692 Frivolum.
933 2655 1013 2694 281
1033 2658 1161 2694 1-Alte-

324 2723 397 2747 rum
410 2711 675 2745 fundamentum.
704 2707 786 2743 Ibid.
800 2707 938 2742 Pactum
962 2706 1161 2742 istudtuma

324 2760 486 2805 Synodo,
496 2768 567 2794 tum
578 2769 596 2792 a
607 2759 741 2804 Legatis
751 2757 952 2802 Apostolicis
966 2755 1159 2804 probatum,

323 2810 407 2846 seda
427 2809 457 2844 S.
477 2809 589 2843 Leone
610 2810 786 2843 cassatum.
812 2809 893 2856 Qo
917 2819 985 2842 non
1011 2801 1159 2842 obstante

324 2863 367 2896 ab
379 2859 551 2905 Episcopis
568 2858 880 2902 Hierosolymitanis
906 2868 969 2896 tres
984 2855 1159 2891 Palaestinae

322 2913 481 2946 detentae.
504 2908 583 2943 lbid.
594 2906 704 2943 Prima
717 2908 849 2943 tandem
863 2903 1032 2941 Phaenicia
1044 2906 1084 2941 ab
1097 2907 1159 2942 Ec-

323 2961 418 2996 clefia
434 2959 587 2994 Romana
596 2955 831 2995 patriarchatui
842 2957 1151 3000 Hierosolymitano

324 3022 514 3056 perpetuum
516 3004 689 3052 subjecta
677 3034 684 3042 .
1071 3006 1152 3042 lbid.

274 3061 439 3104 Iuvenalis
449 3071 510 3095 tres
522 3058 703 3095 Palaestinas
711 3057 828 3105 injuste
837 3058 952 3095 invasit
960 3082 971 3100 ,
987 3067 1020 3095 at
1032 3057 1157 3102 dispen-

325 3111 442 3147 satorie
453 3110 604 3147 toleratus
616 3131 623 3142 .
1065 3119 1120 3156 24.
1133 3119 1154 3144 2

1240 118 1767 187 yigitnouum.

1307 409 1406 452 Aici
1395 423 1430 445 m
1444 409 1606 451 Conciliis
1616 413 1820 459 generalibus
1833 413 2011 459 Episcopos
2033 427 2103 462 non

1329 461 1536 506 judicabant
1992 474 2099 514 1231

1222 512 1339 547 Laici'
1331 524 1365 546 in
1379 511 1445 547 sola
1457 513 1552 546 causa
1574 510 1681 546 fidei
1671 524 1707 546 in
1719 513 1880 550 conciliis
1899 512 2103 561 generalibus

1272 560 1416 597 admiffi
1466 597 1469 600 ,
1988 564 2067 602 216
2081 576 2104 601 2

1229 612 1324 647 Laici
1334 604 1502 655 Principes
1524 611 1566 646 ab
1578 622 1643 646 una
1655 610 1773 646 sedem
1785 614 1882 647 aliam
1895 613 2105 649 Provinciam

1273 662 1434 706 judicium
1445 661 1580 725 subinde
1590 660 1800 710 transtulere,
1827 675 1859 698 at
1870 675 1983 698 contra
1994 665 2042 699 Ca
2048 677 2105 700 no-

1928 138 2026 199 ³77.

1224 723 1351 807 Lagleiss
1351 761 1545 804 Episcopis,
1572 761 1789 805 presbyteris,
1818 773 1855 796 ac
1867 726 2029 796 Diaclssiis
2038 711 2105 799 xlxi?

1272 823 1334 847 nus
1359 811 1592 855 poenitentialis
1628 812 1712 846 olim
1744 823 1912 857 nunquam
1935 812 2106 857 imposita,

1274 864 1355 898 cur?
1990 873 2067 908 241.
2083 875 2106 899 2

1047 922 1126 949 212.-
1144 922 1159 948 1
1224 912 1456 948 Latrocinium
1476 909 1590 955 Ephes
1592 923 1674 946 num
1705 923 1795 947 anno
1818 922 1897 959 449.
1921 915 2104 955 peractum.

1274 962 1406 997 Praefuit
1415 962 1595 996 Dioscorus
1606 960 1873 1003 Alexandrinus,
1893 961 2027 1006 Legatis
2039 963 2107 997 Ro-

1273 1013 1380 1047 manis
1407 1011 1657 1047 reclamantibus
1683 1037 1690 1045 .
1718 1022 1797 1060 230.
1826 1026 1859 1052 2,-
1885 1012 1957 1060 Qi
1988 1011 2108 1046 litteras

1271 1058 1474 1108 dogmaticas
1497 1062 1561 1108 legi
1575 1063 1796 1106 postularunt
1828 1072 1906 1110 231.
1923 1074 1949 1098 1
1963 1072 1995 1097 at
2016 1062 2109 1096 irrito

1274 1124 1416 1149 conatu
1445 1112 1529 1147 Ibid.
1541 1114 1662 1161 ἀ234.
1676 1124 1709 1152 2,.
1721 1109 1795 1160 238-
1814 1124 1842 1150 1
1857 1112 1991 1159 Legati
1986 1113 2110 1147 Roma

1276 1164 1390 1197 ninon
1408 1161 1577 1206 abJerunt.
1605 1174 1681 1209 232
1693 1174 1730 1200 2
1742 1162 1937 1205 Symbolum
1950 1155 2111 1197 Constan-

1276 1212 1534 1257 tinopolitanum
1553 1212 1884 1247 anathematizatum
1911 1211 1993 1247 lbid
2007 1209 2111 1247 Varia

1276 1264 1375 1298 lesta.
1998 1272 2074 1310 237-
2087 1272 2113 1298 2

1226 1313 1376 1348 Lestores
1388 1313 1472 1348 solos
1483 1311 1647 1349 habebant
1660 1312 1766 1347 Graeci
1789 1312 1935 1348 minores
1944 1311 2109 1347 Clericos.

1276 1363 1400 1398 226.2.

1227 1412 1345 1456 Legati
1369 1410 1586 1454 Apostolici'
1578 1423 1613 1444 in
1628 1410 1765 1453 Synodo
1777 1411 2039 1446 Chalcedonenfi
2051 1411 2114 1454 pri-

1273 1462 1318 1494 mi
1332 1460 1597 1503 subscripserunt.
2000 1460 2077 1506 276.
2094 1472 2111 1497 1

1228 1511 1345 1556 Legati
1359 1510 1504 1544 Romani
1519 1534 1530 1549 ‚
1541 1510 1664 1544 etiamsi
1679 1509 1792 1544 Graece
1805 1511 1959 1545 noverint
1970 1534 1981 1551 ,
2009 1512 2044 1545 in
2057 1512 2115 1554 Sy-

1277 1560 1374 1603 nodis
1385 1558 1502 1594 Latine
1513 1559 1616 1593 locuti
1627 1584 1638 1600 ‚
1663 1560 1745 1594 cur?
1992 1571 2072 1608 243.
2090 1573 2115 1598 2

1229 1611 1347 1656 Legati
1361 1609 1507 1644 Romani
1530 1609 1566 1643 in
1578 1609 1716 1652 Synodo
1726 1610 1869 1657 generali
1895 1610 2001 1645 solent
2013 1611 2113 1653 praefi-

1278 1662 1354 1696 dere
1376 1678 1394 1707 ·j
1413 1659 1469 1694 Ad
1493 1670 1550 1693 eos
1573 1660 1713 1702 pertinet
1733 1661 1888 1694 omnium
1913 1660 2115 1702 synodaliter

1279 1710 1519 1746 trablandorum
1532 1709 1709 1753 propositio
1724 1734 1731 1741 .
1998 1721 2077 1756 257,
2091 1721 2114 1744 2

1229 1761 1363 1807 Legatis
1375 1759 1578 1804 Apostolicis
1599 1759 1635 1793 in
1647 1758 1786 1807 Synodo
1795 1760 1941 1805 generali
1953 1759 2115 1803 praefiden-

1276 1811 1322 1846 tia
1334 1808 1488 1844 debetur.
1991 1820 2068 1858 243.
2087 1822 2112 1846 2

1230 1861 1363 1907 Legatis
1385 1859 1550 1906 Romanis
1562 1859 1704 1903 primum
1724 1859 1757 1894 δε
1771 1859 1947 1902 principale
1961 1859 1995 1893 in
2009 1860 2121 1903 Syno-

1278 1912 1323 1946 do
1334 1910 1476 1955 generali
1490 1910 1650 1952 competit
1661 1909 1847 1954 suffragium
1858 1933 1866 1940 .
1993 1909 2073 1949 252.
2089 1921 2106 1947 ι

1231 1963 1432 2006 Legatorurn
1453 1959 1490 1993 in
1524 1958 1663 2001 Synodo
1690 1957 1873 1994 authoritas
1898 1959 1932 1994 δε
1952 1959 2110 2005 potestas.

1280 2020 1304 2045 2
1357 2021 1385 2046 1·

1229 2063 1259 2098 S.
1271 2023 1575 2096 Lgonisencomia.
1974 2059 2029 2107 65-
2046 2072 2072 2097 1
2090 2073 2113 2098 z-

1229 2113 1259 2147 S.
1272 2110 1396 2146 Leonis
1418 2108 1563 2152 Epistola
1585 2106 1773 2154 dogmatica
1797 2120 1872 2143 cum
1898 2111 1950 2144 SS.
1964 2110 2115 2145 Patribus

1279 2159 1476 2196 cohaerebat
1503 2168 1627 2206 2531.
1652 2157 1837 2202 Asynodo
1851 2157 2112 2194 Chalcedonenfi

1278 2220 1463 2254 acceptata.
1490 2208 1568 2243 ibid.
1594 2221 1627 2246 2·
1653 2207 1683 2242 A
1704 2208 1922 2244 Theodoreto
1943 2211 2112 2255 insigniter

1280 2261 1407 2296 laudata
1419 2284 1430 2300 ,
1456 2259 1549 2304 eique
1562 2258 1604 2294 ab
1617 2259 1771 2294 omnibus
1784 2259 1954 2303 Episcopis
1965 2261 2115 2303 Orienta-

1280 2310 1365 2358 libus
1402 2308 1611 2352 subscriptum
1632 2334 1639 2342 .
1682 2309 1763 2343 lbid.
1796 2309 1888 2343 Ante
1921 2309 2113 2344 miraculose

1277 2360 1469 2396 emendata.
1494 2369 1577 2406 255-
1601 2360 1701 2406 29Ei
1722 2359 1957 2394 acclamatum.
1983 2359 2063 2406 256.
2085 2372 2109 2398 2

1277 2411 1441 2457 Qamvis
1453 2421 1520 2444 non
1533 2409 1574 2444 ab
1585 2409 1758 2444 omnibus.
1788 2408 1871 2444 Ibid.
1891 2409 2106 2445 Confirmata.

1275 2462 1320 2500 26
1349 2472 1400 2503 -1·

1224 2512 1253 2546 S-
1274 2472 1398 2547 Legnis
1432 2508 1579 2554 Epistola
1605 2509 1734 2543 summo
1770 2507 1924 2552 applausu
1961 2519 2107 2554 recepta.

1280 2573 1325 2598 12
1350 2568 1402 2595 .1.

1223 2612 1253 2647 S.
1265 2571 1389 2645 Leosnis
1404 2607 1558 2653 Epistolae
1567 2634 1579 2650 ‚
1604 2608 1762 2643 damnato
1774 2607 1942 2642 Dioscoro
1958 2632 1970 2648 ,
1981 2608 2025 2642 est
2038 2608 2110 2643 sub-

1271 2660 1413 2705 criptum
1427 2683 1434 2691 .
1466 2658 1541 2696 116.
1560 2668 1589 2694 1.
1607 2658 1784 2704 AEgyptiis
1796 2657 1968 2704 Episcopis
1978 2659 2011 2693 id
2022 2670 2110 2693 recu-

1272 2710 1436 2750 rantibus,
1463 2721 1520 2743 cur
1536 2709 1553 2742 ‚2
1992 2710 2103 2747 ¹164

1222 2761 1251 2795 S.
1267 2761 1374 2796 Leoni
1388 2759 1525 2800 tituluS,
1552 2757 1817 2803 Archi-Episcopus
1826 2756 2027 2802 universalis,
2055 2759 2095 2793 de

1272 2812 1388 2847 fertur.
1725 2807 1935 2858 238.1.259›
1952 2821 1981 2845 2·
1994 2809 2071 2857 276.
2088 2819 2105 2845 1

1221 2860 1391 2896 Liberatus
1402 2859 1574 2895 Diaconus
1601 2870 1637 2895 ac
1654 2859 1828 2895 Facundus
1857 2858 2033 2903 Theodori
2056 2860 2111 2893 de-

1269 2908 1412 2946 fensores
1427 2934 1435 2942 .
1857 2907 1932 2955 189.
1950 2919 1978 2944 1.
1994 2919 2070 2957 190-
2087 2917 2109 2946 ι,

1221 2961 1350 2996 Litterae
1365 2959 1527 3003 pacificae,
1546 2959 1691 3004 fhrmatae
1708 2985 1720 3003 ,
1743 2972 1838 3006 quae,
1863 2958 1980 3005 quibus
1998 2981 2008 2998 ‚
2033 2960 2065 2993 δε
2087 2959 2107 2993 ὲ

1270 3009 1388 3056 quibus
1401 3011 1502 3046 datae?
1857 3007 1911 3051 80.
1927 3022 1955 3046 1.
1973 3009 2006 3043 &
2019 3010 2104 3052 seqq.

1219 3061 1350 3098 Lucifer
1366 3059 1577 3095 Calaritanus
1589 3060 1739 3096 defensor
1752 3061 1879 3100 Latinae
1892 3059 2038 3094 Ecclefiae
2070 3059 2107 3100 in

1267 3111 1482 3147 controversia
1502 3109 1544 3146 de
1561 3110 1671 3152 Usu,
1697 3111 1731 3145 δε
1753 3109 1933 3155 hypostafi.
1965 3108 2043 3157 336·
2072 3119 2105 3145 2.-

1268 3164 1436 3207 Legatus,
1462 3171 1500 3195 ac
1525 3160 1678 3198 Vicarius
1699 3160 1862 3198 Romanae
1889 3160 2038 3196 Ecclefiae
2051 3169 2108 3201 per

1263 3213 1445 3253 Orientem
1454 3235 1462 3245 .
2024 3207 2104 3244 ibid.
