2340 3736
379 144 443 192 88
789 151 1079 200 CANONEs
1116 160 1667 198 CHALCBDONENSES

302 250 346 279 m
352 261 367 278 ,
391 234 508 281 quibus
525 233 722 270 horrendam
733 234 830 270 Decii
842 234 985 280 Augusti
997 232 1188 277 persecutio·
1251 230 1339 265 idem
1353 234 1532 274 periculum
1541 260 1552 277 ‚
1579 238 1700 272 fatetur
1709 236 1818 273 omn-is
1828 236 1970 274 Ecclesia
1982 265 1989 272 .
2017 238 2062 275 Et
2072 239 2138 275 cer:

301 281 380 324 nem
396 286 532 322 immisit
549 285 664 325 Deus,
690 284 867 319 adducitin
882 287 1029 319 sermone
1039 284 1080 317 de
1093 282 1186 325 lapsis
1251 279 1283 315 te
1302 282 1458 325 antiqua,
1485 295 1556 326 quae
1576 286 1725 329 ipfiffuna
1748 299 1867 324 naturae
1891 315 1902 330 ,
1929 290 1983 324 lex
2004 290 2135 335 utrique

301 340 437 383 Sanctus
447 336 630 380 Cyprianus
643 348 651 368 ε
670 338 810 380 Jungere
826 346 890 369 cum
902 334 1074 376 Inftdelibus
1087 338 1187 366 vincu—
1250 332 1340 365 sexui
1354 332 1750 375 pariformiter-interdixit
1759 364 1767 372 .
1799 340 1931 374 Sant‘lus
1940 340 2055 375 Petrus
2067 341 2134 376 Da-

303 393 365 425 tum
374 391 567 422 matrimonii
578 410 590 427 ‚
611 385 781 428 prostituere
786 384 947 430 gentilibus
959 384 1089 417 membra
1099 382 1187 415 Chri·
1239 382 1353 425 'miani
1373 384 1408 416 in
1432 383 1547 418 litteris
1569 384 1610 419 ad
1632 386 1842 432 Damianum
1857 389 2025 435 Nepotem
2036 393 2135 427 refert
2153 392 2304 432 L.6.Ep.=a

253 683 260 690 ⁵
295 688 520 738 Agemchiam
559 687 692 721 Sanetus
729 685 958 729 Hieronymus
994 697 1001 717 ε

295 441 353 483 fti.
380 436 483 488 Qod
505 437 539 470 in
560 433 662 471 tertio*
679 436 944 480 testimoniorum
966 434 1052 468 libro
1072 432 1187 482 confirj

299 500 370 533 mat
393 487 506 524 multis
527 487 690 530 utriusque
712 485 896 520 testamenti
922 483 1187 519 auctoritatibus.-

255 563 262 571 -
298 541 338 575 Id
360 540 466 584 ipsum
485 538 565 573 facit
587 537 719 572 Sanetus
741 534 931 570 Ambrofius
953 535 988 568 in
1011 533 1127 568 litteris
1143 532 1184 566 ad

298 590 465 635 vigilium
487 588 687 632 Episcopum
708 585 945 620 Tridentinum
958 609 965 616 .
993 584 1037 618 Et
1058 583 1185 618 deloco

298 635 474 685 Apostoli,
500 638 608 672 Nubat
628 638 747 671 tantum
771 641 803 669 in
825 638 950 668 Domino
971 659 982 675 ‚
1008 633 1119 669 scribit
1140 634 1181 667 ad

1040 688 1183 727 Amputat

296 741 492 776 Ethnicorum
512 739 666 781 conjugia.
691 735 741 770 Ea
750 735 926 780 improbari
936 734 1080 770 ostendit
1091 735 1125 768 δε
1142 733 1183 768 ab

294 792 368 828 aliis
383 788 537 835 Apostoli
547 787 628 822 locis
640 811 651 828 ,
678 797 740 821 nec
752 797 821 820 non
834 785 853 819 ὲ
869 785 943 831 lege
953 795 1083 819 vetante
1100 785 1182 818 arari

293 844 331 879 in
341 838 589 878 boventafino,
613 847 651 870 ac
663 835 759 883 indui
773 836 1028 870 vestemtextam
1039 846 1079 868 ex
1102 835 1180 868 duo-

292 891 372 928 bus.
398 890 483 936 Quae
507 887 621 924 omnia
644 887 760 931 repetit
781 884 921 921 inlibris
931 884 1081 920 adversus
1094 884 1182 928 jovi-

293 945 450 986 nianum.
477 939 644 983 Hispanos
664 937 762 978 item,
790 936 880 981 quod
904 936 988 969 filias
1010 935 1081 968 suas
1091 934 1181 969 Sara-

234 995 258 1014 ·'
291 993 384 1030 cenis
405 992 599 1044 jungerent,
624 987 765 1044 ‘graviter
782 986 891 1036 culpat
914 985 1079 1023 Adrianus
1092 983 1179 1029 Papa

292 1054 454 1134 pngblisici
476 1089 570 1134 poffit
591 1088 724 1122 Sanetus
735 1087 965 1134 Augustinus,
991 1084 1127 1120 inlibris
1138 1084 1178 1120 de

291 1141 498 1179 Adulterinis
523 1138 688 1185 conjugiis
714 1138 845 1173 laudata
872 1137 1026 1182 Apostoli
1060 1135 1178 1176 verba,

289 1194 422 1231 Tantum
445 1197 479 1224 in
501 1193 647 1230 Domino,
673 1188 719 1223 ita
740 1197 928 1232 exponens.
954 1188 1047 1232 ,Quod
1066 1186 1176 1220 duobus

290 1245 386 1284 modis
407 1246 497 1283 accipi
509 1239 620 1282 potest:
649 1242 708 1272 Aut
718 1237 889 1280 christiana
893 1246 1097 1281 permanens,
1123 1246 1176 1270 aut

292 1293 459 1335 Christiano
468 1290 580 1325 nubens
596 1315 603 1321 .
630 1292 704 1322 Non
713 1291 793 1323 enim
804 1297 935 1331 tempore
946 1290 1073 1322 revelati
1093 1286 1176 1326 testa-

293 1349 386 1380 menti
397 1347 469 1376 novi
479 1348 512 1376 in
531 1340 702 1383 Evangelio
711 1340 762 1372 vel
769 1340 836 1373 ullis
848 1339 1011 1382 apostolicis
1022 1340 1133 1372 litteris
1139 1336 1176 1378 fi-

291 1407 329 1431 ne
349 1394 546 1438 ambiguitate
569 1391 748 1423 declaratum
757 1393 808 1434 effe
827 1391 933 1432 recolo,
959 1388 1058 1422 utrum
1076 1392 1177 1421 Domi-

291 1457 349 1486 nus
356 1443 541 1489 prohibuerit
546 1440 650 1484 fideles
666 1440 931 1484 infidelibusJungi
941 1464 949 1472 .
979 1439 1022 1474 Et
1041 1437 1177 1472 Tertul-

1237 494 1322 533 3cum
1334 506 1346 523 ,
1371 495 1441 528 quae
1467 485 1551 518 mori
1574 509 1585 525 ,
1611 486 1709 529 quam
1735 487 1899 524 Saracenis
1926 492 2050 526 misceri
2075 492 2133 527 eli-

1246 542 1360 577 gentes
1370 556 1380 572 ,
1390 545 1432 568 ex
1452 535 1676 571 meretricibus
1699 537 1734 572 in
1747 543 1903 580 martyres
1911 542 2049 577 feliciter
2059 553 2132 585 pro-

1245 584 1409 619 fecerunt.
1490 596 1494 599 ·
1900 603 1903 607 ·
1922 604 1923 607 ¹

1296 632 1421 668 Eadem
1431 635 1477 669 est
1488 636 1573 671 ratio
1583 638 1732 683 conjugii
1745 637 1851 674 fidelis
1861 650 1939 674 cum
1951 641 2061 684 Judaeo
2071 642 2131 683 ,de

1244 694 1311 727 quo
1324 685 1478 727 Synodus
1491 685 1657 723 Eliberina
1671 701 1678 720 ε
1706 690 1875 724 Catholicas
1883 692 2002 732 puellas
2015 696 2132 737 necJu·

1245 734 1321 766 daeis
1342 735 1462 767 dandas
1478 738 1611 778 placuit.
1641 740 1685 773 Et
1707 740 1847 775 secunda
1859 740 2016 783 synodus
2027 740 2132 777 Aure·

1246 784 1416 818 lianenfis:
1442 787 1556 819 Nullus
1568 787 1919 834 ChristianusJudaeam
1934 815 1944 831 ,
1971 795 2131 837 nequeJu-

1244 835 1329 867 daeus
1339 834 1541 876 Christianam
1551 842 1584 870 in
1594 845 1781 874 matrimonio
1794 843 1884 875 ducat
1894 852 2013 874 uxorem
2024 866 2035 882 ‚
2057 847 2131 884 quia

1243 890 1322 918 inter
1343 884 1510 928 hujusmodi
1529 886 1670 930 personas
1686 890 1813 924 illicitas
1829 898 1954 934 nuptias
1967 892 2018 935 effe
2034 890 2130 935 cense-

1241 945 1307 968 mus
1318 960 1325 967 .
1353 935 1454 982 Qod
1467 937 1568 980 ipsum
1580 937 1636 972 sub
1648 941 1750 983 poenis
1759 942 1967 984 gravioribus
1978 942 2127 977 statuunt

1242 985 1397 1027 Synodus
1423 986 1630 1026 Arvernenfis
1650 1011 1661 1027 ‚
1684 990 1719 1023 δε
1744 991 1837 1025 tertia
1864 992 2107 1027 Aurelianensis
2118 1015 2129 1031 ‚

1243 1035 1397 1080 additque
1406 1047 1517 1081 quarta
1530 1038 1630 1072 etiam
1640 1038 1770 1074 fidelem
1783 1041 1937 1076 ancillam
1948 1041 2128 1085 taliconju-

1243 1085 1300 1130 gio
1319 1097 1389 1120 non
1412 1089 1501 1131 posse
1523 1088 1649 1123 faedari.
1678 1088 1931 1134 Adstipulantur
1951 1093 2052 1126 etiam
2064 1091 2128 1126 Ca-

1244 1147 1346 1170 nones
1365 1135 1498 1172 Arabici
1513 1162 1524 1178 ,
1549 1139 1708 1183 tertiaque
1720 1141 1754 1174 &
1765 1151 1875 1184 quarta
1889 1141 2043 1183 synodus
2058 1141 2128 1176 To.

1242 1186 1369 1228 letana,
1397 1188 1590 1224 mandantes
1608 1189 1769 1233 ejusmodi
1781 1191 2015 1236 conjugiorum
2026 1192 2130 1235 proles

1240 1236 1382 1271 omnino
1394 1237 1571 1281 baptizari.
1845 1253 1847 1255 ’

1293 1287 1460 1322 Eliberina
1470 1289 1624 1332 synodus
1635 1291 1726 1326 addit
1737 1292 1778 1328 de
1788 1291 1948 1338 conjugio
1959 1291 2129 1327 Catholici

1239 1348 1315 1371 cum
1338 1336 1503 1373 haeretica.
1532 1344 1694 1382 Haeretici,
1712 1342 1778 1386 fise
1789 1342 1961 1384 transferre
1983 1344 2128 1376 noluerint

1238 1388 1284 1420 ad
1301 1388 1459 1431 Ecclesiam
1481 1390 1667 1424 Catholicam
1679 1415 1689 1430 ,
1715 1404 1766 1426 nec
1788 1392 1858 1435 ipfis
1869 1393 2038 1426 catholicas
2050 1395 2127 1427 dan-

1238 429 1372 482 jinfigne
1393 434 1581 477 exemplum
1599 433 1738 470 duarum
1756 440 1792 472 in
1814 440 1978 484 Hispania
1992 441 2135 476 meretri-

2147 704 2218 741 Cap.
2235 708 2275 733 16.

2146 745 2218 781 Cap.
2233 753 2276 780 19·

2147 933 2218 970 Cap.
2232 936 2276 963 16.

2147 974 2220 1010 Cap.
2232 981 2276 1009 ¹3-

2145 1013 2241 1050 Cap.3
2252 1022 2274 1042 ι.

2146 1277 2220 1317 Cap.
2233 1282 2277 1309 ιε.

1237 1438 1293 1470 das
1315 1438 1367 1482 effe
1382 1440 1521 1481 puellas.
1548 1441 1594 1475 Et
1618 1442 1773 1485 synodus
1797 1443 2009 1478 Laodicena:
2036 1444 2130 1487 ,Quod
2143 1440 2266 1473 cap-¹0·

115 1479 152 1514 C.-
165 1488 209 1514 112
288 1497 397 1535 nanus
418 1494 459 1528 de
478 1485 597 1527 eodem
615 1491 692 1525 loco
704 1501 804 1535 agens
814 1490 849 1525 in
861 1490 948 1525 libro
959 1490 1000 1523 de
1019 1498 1177 1532 monoga-
1237 1498 1294 1521 non
1305 1496 1434 1530 oporteat
1446 1489 1650 1531 indifferenter
1664 1492 1868 1537 Ecclefiasticos
1874 1494 1995 1536 faedere
2006 1499 2125 1536 nuptia-

296 1547 384 1587 mia.
413 1544 498 1577 Licet
516 1552 569 1576 nec
588 1539 660 1578 hoc,
684 1541 798 1583 utique
817 1538 939 1574 nubere
952 1539 986 1572 in
1002 1539 1153 1573 Domino
1166 1559 1176 1575 ‚
1236 1549 1301 1570 rum
1312 1538 1460 1573 haereticis
1473 1538 1540 1582 suos
1551 1541 1630 1583 filios
1641 1565 1651 1580 ,
1670 1541 1804 1586 filiasque
1813 1547 1986 1590 conjungere
1999 1570 2006 1576 .
2036 1544 2126 1579 Con-

295 1594 425 1642 Pficbici
437 1619 447 1635 ‚
474 1591 506 1627 id
521 1590 585 1632 est,
598 1588 790 1627 Orthodoxi
802 1612 813 1629 ‚
825 1597 943 1626 curent.
971 1588 1073 1635 Qod
1088 1599 1178 1622 nem·
1236 1589 1343 1622 firmat
1366 1589 1486 1623 Canon
1498 1591 1680 1635 trigesimus
1693 1594 1815 1635 primus
1828 1619 1838 1634 ‚
1867 1595 1901 1628 δε
1912 1593 2023 1629 addit:
2051 1598 2125 1628 Non

288 1647 330 1692 pe
352 1644 518 1680 crederent
541 1640 742 1685 Evangelica
762 1639 833 1683 lege
855 1651 923 1674 non
949 1638 1174 1673 interdietum.
1236 1646 1352 1680 oportet
1371 1651 1419 1672 eo:
1433 1639 1513 1681 filios
1525 1641 1598 1673 dare
1609 1642 1661 1675 vel
1665 1640 1748 1683 filias
1760 1667 1770 1682 ,
1791 1643 1851 1687 scd
1863 1650 1957 1687 magis
1970 1652 2102 1686 accipere
2115 1668 2126 1684 ,

289 1694 399 1732 Unde
417 1696 450 1729 &
473 1693 594 1727 Canon
616 1689 723 1723 noster
743 1700 810 1724 non
824 1689 988 1731 quibusvis
997 1687 1148 1724 fidelibus
1165 1713 1175 1729 ‚
1237 1686 1325 1731 quise
1337 1687 1644 1731 Christianorfuturos
1655 1693 1850 1733 polliceantur
1861 1718 1868 1725 .
1897 1694 1940 1726 Et
1960 1694 2054 1727 tertia
2067 1693 2129 1736 Sy«
2143 1707 2206 1738 cap.
2221 1708 2263 1728 η.

287 1746 342 1782 sed
360 1746 435 1779 solis
458 1740 626 1780 foeminis,
654 1740 793 1784 solisque
817 1739 906 1774 inter
926 1740 1014 1773 viros
1027 1740 1176 1774 Ecclesia:
1238 1738 1344 1772 nodus
1368 1736 1635 1784 carthaginensis
1650 1765 1657 1772 .
1685 1742 1780 1781 Filii,
1806 1744 1858 1776 vel
1871 1742 1946 1784 filiae
1966 1743 2127 1787 Epist-opo-

288 1795 481 1832 Lestoribus
497 1793 531 1827 ὅ(
552 1788 730 1829 psalmistis
751 1790 857 1835 ipsum
880 1790 1047 1824 interdicit
1059 1815 1066 1822 .
1093 1789 1174 1824 Ter·
1236 1800 1303 1823 rum
1317 1790 1369 1822 vel
1375 1790 1567 1833 quorumlibet
1578 1792 1756 1825 clericorum
1765 1791 1915 1826 baeretict‘s
1928 1791 2126 1837 velschisma-

286 1848 333 1883 tia
356 1843 510 1889 Synodus
528 1838 796 1884 carthaginensis
817 1840 892 1874 solis
914 1839 1034 1876 filiis&
1048 1837 1175 1877 filiabus
1235 1845 1301 1874 ticis
1324 1846 1510 1874 matrimonio
1531 1853 1587 1874 non
1605 1843 1780 1885 ‚iungantur
1800 1867 1807 1873 .
1835 1842 1957 1876 Statuit
1983 1842 2025 1877 de
2046 1843 2124 1878 solis

287 1896 529 1940 Episeoporum
567 1891 600 1926 δε
637 1889 842 1928 Clericorum
869 1903 881 1930 ς
918 1889 995 1931 solis
1029 1891 1175 1928 foeminis
1239 1890 1473 1936 Episcoporum
1490 1892 1525 1925 δε
1548 1891 1753 1928 Clericorum
1776 1891 1852 1926 filiis
1873 1892 1908 1926 δε
1930 1891 2059 1926 filiabus
2078 1892 2124 1927 ob

287 1948 388 1983 etiam
400 1942 569 1982 Eliberina
579 1964 592 1983 ‚
609 1938 805 1977 Arelatensis
815 1963 826 1981 ,
854 1940 1010 1980 canones
1024 1938 1173 1982 Arabici,
1239 1941 1374 1976 nimiam
1396 1951 1475 1977 tunc
1497 1941 1747 1976 Donatistarum
1770 1943 1803 1977 in
1817 1942 1930 1977 Africa
1942 1942 2124 1978 multitudi-

286 1998 404 2041 acipse
420 1993 666 2031 Tertullianus.
1236 2002 1311 2027 nem
1333 1992 1367 2027 δε
1386 1994 1588 2036 potentiam:
1615 1992 1816 2028 Generaliter
1838 1992 2123 2028 autem&affidue

337 2045 537 2090 Respondeo
556 2042 734 2089 legendum
755 2043 920 2089 integrum
934 2043 1040 2080 Sancti
1059 2042 1174 2089 Augu·
1235 2042 1352 2077 clamat
1363 2044 1499 2079 Sanetus
1511 2042 1952 2088 Augustinusindigniffime
1962 2053 2038 2083 eos,
2064 2043 2124 2086 qui

283 2097 322 2136 ni
343 2104 537 2131 contextum
549 2119 556 2126 .
583 2096 739 2137 ,Quamvis
759 2093 930 2134 beatiffimus
950 2099 1117 2136 Cyprianus
1130 2101 1176 2128 in·
1235 2093 1359 2134 domo,
1386 2090 1521 2133 mensa,
1548 2094 1632 2127 leste
1643 2093 1807 2127 sociantur
1818 2117 1829 2133 ‚
1857 2092 2018 2127 dissociari
2036 2092 2123 2130 fide,

282 2148 323 2181 de
335 2158 392 2181 non
404 2146 539 2184 dubitet,
567 2154 617 2176 nec
625 2149 658 2175 in
667 2141 782 2176 levibus
786 2150 920 2184 peccatis
930 2144 1086 2183 constituat
1099 2146 1172 2184 jun·
1237 2143 1378 2177 Ecclefia
1397 2167 1408 2183 ‚
1431 2143 1466 2176 &
1489 2141 1596 2176 Altari
1619 2167 1626 2175 .
1645 2141 1876 2188 >Trigesimum
1900 2142 2042 2186 primum
2062 2140 2126 2177 Ca-

278 2203 350 2243 g‘ere
370 2209 435 2231 cum
453 2193 623 2238 infidelibus
634 2194 787 2226 vineulum
807 2199 1010 2234 matrimonii,
1036 2203 1127 2237 atque
1138 2196 1174 2227 id
1237 2204 1360 2227 nonem
1385 2191 1624 2227 Laodicensem
1647 2192 1804 2235 Synodus
1825 2191 2025 2236 Agathensis
2044 2192 2125 2227 facit

283 2243 1170 2336 {rattarrantis„&mastratis
1236 2240 2122 2334 {turritanum‡²;3{2;J?³m‘ffi22{¹5522
2140 2272 2175 2302 c·

284 2354 377 2383 etiam
399 2346 474 2379 illud
495 2356 554 2378 non
574 2351 652 2377 tacet
664 2366 675 2382 ‚
701 2344 735 2376 (9⁴
757 2343 803 2374 ad
819 2343 911 2376 malos
923 2354 1016 2376 mores
1024 2349 1173 2385 pertinere

285 2398 573 2441 confimatJungere
582 2405 648 2427 cum
659 2391 825 2433 infidelibus
836 2394 955 2426 vincula
964 2398 1146 2426 matrimonii
1160 2418 1170 2434 ‚

285 2447 364 2484 nibil
382 2446 467 2480 aliud
488 2445 541 2487 effe
561 2444 683 2487 afferens
695 2466 706 2482 ,
732 2454 824 2484 quam
830 2442 999 2484 prostituere
1006 2443 1169 2488 gentilibus

287 2497 421 2532 membra
433 2493 541 2535 christi
551 2518 562 2535 ,
588 2488 656 2536 quae
668 2490 771 2531 nostris
783 2492 962 2534 temporibus
966 2494 1038 2534 jam
1050 2505 1108 2526 non
1115 2500 1171 2534 pu-

287 2557 396 2582 tantur
422 2547 474 2590 effe
490 2551 631 2587 peccata,
657 2548 795 2585 quoniam
815 2544 923 2576 reveni
948 2547 981 2575 in
1004 2554 1079 2576 novo
1089 2542 1172 2582 testa-

287 2608 386 2633 mento
406 2597 484 2629 nihil
503 2594 574 2627 inde*
591 2600 774 2635 praeceptum
797 2593 856 2633 est,
882 2593 916 2626 (δ’
936 2593 1000 2625 ideo
1013 2603 1067 2626 aut
1086 2594 1170 2626 licere

288 2649 430 2684 creditum
439 2645 476 2688 est
491 2669 502 2685 ,
527 2653 579 2677 aut
590 2643 685 2677 veluti
695 2643 817 2676 dubium
833 2641 998 2675 derelictum
1010 2667 1017 2674 .
1046 2643 1094 2677 Ea
1107 2655 1171 2677 ma-

287 2697 445 2733 trimonia
469 2693 611 2729 omnino
631 2691 793 2727 existimat
812 2693 874 2726 ess‘e
894 2692 1010 2727 illicita.
1031 2716 1042 2732 ‚
1080 2692 1169 2726 aliud

289 2747 373 2781 male
390 2743 603 2790 opinantibus
624 2742 795 2777 dumtaxat
809 2743 929 2776 fatetur
940 2742 1069 2776 nullum
1081 2743 1122 2777 de
1134 2742 1170 2775 il-

290 2797 331 2830 lis
347 2798 408 2830 esse
428 2803 574 2840 apertum
595 2804 633 2827 ac
655 2791 876 2837 irrefragabile
892 2793 972 2826 novi
984 2792 1168 2827 testamenti

288 2846 463 2891 positivum
478 2853 668 2889 praeceptum
678 2867 685 2873 -
713 2842 891 2877 Adversam
901 2842 1097 2886 opinionem
1113 2843 1171 2876 im-

288 2895 403 2940 probat
424 2919 434 2935 ,
458 2892 666 2929 solummodo
677 2904 744 2925 non
757 2891 855 2926 audet
871 2892 1028 2926 damnare
1040 2917 1047 2923 .
1075 2892 1170 2926 Hinc

289 2947 370 2980 item
382 2944 487 2979 noster
497 2946 531 2979 ὃς
543 2943 598 2978 alii
609 2941 738 2976 adducti
750 2942 909 2976 Canones
918 2942 994 2975 solis
1004 2941 1149 2976 foeminis
1160 2965 1170 2981 ,

287 3005 456 3038 tamquam
479 2993 587 3028 seduci
607 2991 810 3027 facilioribus
832 3016 843 3032 ‚
870 2992 1071 3025 interdicunt
1090 3017 1100 3032 ,
1126 3003 1171 3025 re-

278 3044 457 3088 'spicientes
477 3040 586 3087 potius
606 3041 647 3077 ad
660 3051 782 3076 naturae
795 3066 806 3082 ,
831 3053 931 3085 quam
943 3040 983 3075 ad
998 3042 1170 3086 Evangelii

286 3095 394 3138 legem
409 3119 415 3126 .
445 3094 487 3127 Et
504 3094 555 3127 vir
566 3093 670 3128 fidelis
681 3092 852 3126 mulierem
864 3091 1031 3126 infidelem
1044 3092 1102 3126 sub
1114 3103 1169 3135 po-

287 3143 400 3179 testate
423 3141 543 3183 habet,
562 3141 711 3190 *ideoque
733 3142 800 3185 ejus
820 3141 896 3176 solis
917 3140 1169 3182 blandimentis,

268 3234 271 3237 Α
287 3205 358 3228 non
371 3192 511 3236 irnperio
523 3191 626 3234 potest
637 3192 671 3225 in
686 3192 864 3235 periculum
887 3191 1009 3235 impelli
1023 3217 1029 3224 .
1059 3192 1103 3225 Et
1116 3203 1170 3227 an-

287 3239 634 3286 tiquus‘Synodorum
671 3243 706 3274 ὃς
733 3241 866 3275 Parrum
892 3254 964 3276 mos
999 3241 1045 3276 est
1083 3242 1170 3276 solos

289 3290 442 3326 damnare
460 3290 651 3326 manifestos
673 3301 813 3330 errores,
840 3292 1023 3326 Dostorurn
1043 3292 1171 3335 opinio-

290 3352 368 3381 nes,
396 3340 470 3374 licet
498 3341 656 3384 suspestas
678 3364 689 3381 ,
716 3339 785 3373 vere
821 3351 929 3374 tamen
965 3341 1171 3384 probabiles,

289 3391 355 3430 suis
380 3391 526 3425 terminis
548 3387 748 3433 relinquere,
773 3388 880 3423 donec
901 3390 971 3424 dies
981 3391 1169 3426 veritatisil-

289 3441 430 3483 lucescat
441 3464 448 3471 .
474 3439 573 3472 unde
591 3439 692 3474 hodie
704 3449 813 3482 parem
824 3439 887 3473 esse
898 3441 1065 3486 utriusque
1075 3443 1169 3476 sexus

288 3489 519 3533 penditionem
544 3489 578 3522 δε
612 3489 720 3534 legem
741 3513 753 3531 ‚
786 3487 899 3524 eadem
935 3490 1168 3533 incommoda,

1234 2354 1318 2376 ovem
1340 2353 1406 2376 cum
1429 2342 1519 2383 lupo,
1546 2352 1598 2374 nec
1604 2349 1789 2383 peccatorum
1805 2339 1915 2383 sortem
1935 2352 1999 2374 cum
2010 2341 2123 2377 Christi

1230 2400 1320 2435 parte
1330 2394 1465 2436 conjungi
1474 2400 1603 2434 oportet.
1632 2390 1826 2425 Haereticam
1851 2390 2120 2434 conjunctionem

1233 2442 1396 2486 :equaliter
1417 2451 1504 2475 vetat
1524 2442 1654 2483 utrique
1677 2440 1765 2474 sexui
1792 2453 1799 2473 :
1827 2439 1871 2474 Et
1893 2440 1960 2483 jure
1980 2441 2117 2476 merito.

1234 2492 1367 2526 Etenim
1400 2490 1576 2525 Valentem
1599 2489 1786 2535 Augustum
1813 2489 1907 2524 fuisse
1926 2489 1967 2525 ab
1993 2490 2120 2527 Ariana

1234 2553 1337 2576 uxore
1357 2539 1522 2575 sedunum
1541 2540 1675 2575 testatur
1686 2539 1719 2574 in
1735 2539 1956 2585 Ecclefiastica
1966 2540 2119 2577 Historia
2138 2541 2199 2578 L-4·
2212 2548 2289 2573 cdx·

1234 2589 1468 2626 Theodoretus
1479 2616 1486 2623 .

1281 2640 1382 2675 Recte
1406 2652 1482 2675 cum
1505 2640 1693 2683 Eliberina,
1720 2641 1914 2677 Laodicenfi
1935 2667 1946 2683 ‚
1972 2643 2006 2676 δε
2029 2642 2117 2688 Aga-

1232 2690 1334 2725 thenfi
1347 2691 1486 2734 Synodo
1495 2691 1588 2726 addit
1600 2691 1707 2727 noster
1719 2692 1838 2727 Canon
1856 2705 1863 2724 :
1889 2691 2116 2735 Nififortbper-

1227 2740 1301 2785 sona
1323 2740 1492 2775 orthodoxae
1512 2743 1678 2783 copulanda
1693 2747 1854 2783 promittat
1867 2741 1900 2785 J?
1920 2743 1966 2775 ad
1982 2742 2117 2776 'orthodo-

1233 2804 1306 2825 xam
1312 2792 1402 2833 fidem
1414 2791 1580 2832 transferre
1597 2816 1604 2823 .
1632 2793 1683 2825 Ex
1695 2790 1790 2835 hujus
1801 2792 1891 2826 enim
1908 2792 2039 2827 vetustae
2051 2792 2116 2827 Re-

1233 2842 1316 2887 gulae
1338 2841 1521 2884 praescripto
1542 2840 1752 2876 Theodosius
1775 2841 1945 2886 Augustus
1958 2840 2116 2889 Athenai-

1233 2892 1307 2926 dem
1327 2890 1461 2924 Leontii
1485 2890 1643 2934 Sophistae
1666 2889 1872 2926 Atheniensis
1896 2892 2066 2936 Paganam
2080 2892 2115 2924 fi-

1233 2942 1310 2976 liam
1348 2941 1499 2975 ducturus
1534 2939 1575 2974 ab
1601 2939 1717 2975 Attico
1744 2941 2116 2985 Constantinopolitano
2134 2961 2243 2991 Socra<

1234 2993 1397 3036 Episcopo
1421 2990 1507 3034 prius
1529 2990 1606 3025 fecit
1624 2990 1775 3034 baptizari
1788 3017 1797 3032 ‚
1825 2991 2041 3036 appellarique
2053 2992 2117 3025 Eu·
2134 3002 2195 3034 ιη.
2209 3008 2287 3030 car·

1232 3042 1368 3076 doxiam
1380 3066 1387 3073 .
1416 3041 1461 3074 Et
1482 3039 1641 3075 Crotildis
1652 3040 1830 3085 Chilperici
1841 3042 2116 3087 Burgundionum

1233 3092 1336 3136 Regis
1347 3091 1414 3125 filia
1427 3087 1611 3125 Christiana
1624 3116 1634 3132 ‚
1653 3091 1829 3127 Clodoveo
1842 3093 2042 3126 Francorum
2054 3091 2117 3124 Re.

1233 3143 1267 3186 gi
1289 3141 1427 3184 Pagano
1450 3141 1573 3175 nubere
1598 3143 1730 3182 coa-sta,
1757 3143 1932 3186 protestata
1943 3141 2025 3174 fuit:
2052 3144 2116 3173 Ne-

1231 3197 1297 3233 quit
1319 3189 1470 3231 Cristiana
1494 3190 1618 3234 Pagano
1640 3191 1747 3225 nubere
1766 3205 1776 3234 ;
1797 3192 1859 3235 fiat
1877 3198 1976 3223 tamen
1995 3191 2117 3223 Domini

1232 3291 1402 3336 Sigeberto
1426 3290 1673 3333 Gemblacensi,
1701 3291 1824 3325 Wilam
1841 3288 1993 3323 Lotharii
2013 3289 2116 3334 Regis

1230 3352 1273 3375 ex
1296 3338 1472 3375 Waldrada
1493 3341 1593 3375 filiam
1618 3339 1806 3376 Godefredo
1828 3338 2115 3374 Nortmannorum

1231 3390 1367 3436 Pagano
1379 3390 1465 3436 Regi
1475 3391 1553 3425 dare
1563 3391 1693 3430 noluit,
1712 3389 1768 3422 nisi
1781 3387 1868 3431 prius
1879 3388 2010 3422 initiato
2021 3387 2118 3423 Chri-

1231 3441 1342 3475 stianis
1368 3440 1584 3476 sacramentis
1610 3464 1617 3471 .
1643 3440 1688 3472 Et
1713 3436 1754 3471 de
1780 3438 1925 3472 Soldano
1952 3437 2114 3474 Iconiensi

1232 3490 1375 3533 scribunt
1398 3493 1486 3526 Otto
1505 3491 1546 3528 de
1569 3489 1686 3524 Sansto
1715 3487 1821 3522 Blasio
1844 3489 1879 3522 ὅ(
1904 3487 2113 3523 Godofredus

1989 3537 2066 3575 Mo·

1204 3239 1207 3241 ’
1230 3243 1375 3275 voluntas
1401 3266 1408 3274 .
1437 3241 1482 3274 Et
1504 3240 1644 3275 Carolus
1666 3242 1798 3276 Crassus
1819 3239 2011 3284 Augustus,
2037 3240 2116 3275 teste
2131 3263 2245 3296 Augu·
