2340 3736
64 1073 96 1111 1³·
116 1084 183 1113 379·

651 134 718 166 De
754 129 978 180 QuaNTA
1012 121 1626 170 Sruonooene'aam,

243 206 275 241 ti
301 206 343 240 in·
361 207 435 240 suos
459 203 589 239 ordines
606 226 617 243 ,
642 213 740 247 atque
768 212 847 237 tunc
872 204 1036 246 praesentes
1055 203 1134 247 Epi-

244 255 336 297 scopi
360 253 474 289 dixere
508 267 519 287 .·
568 254 830 299 Reverendiffimus
862 252 1015 296 sacrorum
1040 253 1130 295 custos

252 302 392 346 vasorum
427 303 512 344 istius
541 302 724 347 fhnlltffimae
759 303 895 346 Ecclesiae
933 304 1059 345 adferas
1087 305 1134 337 ad

244 351 500 394 ,considerationem
510 352 591 388 nobis
610 354 856 390 &recitationem
860 352 953 400 sacra
972 353 1131 397 dypticha,

242 403 395 445 exquibus
413 401 529 447 sanda
537 409 685 439 memoriae
702 401 985 445 Sacerdotumipfius
1012 409 1131 446 optimae

242 457 381 490 civitatis
400 458 588 490 continentur
612 453 755 489 vocabula
774 476 784 487 ,
810 451 860 488 Ea
881 464 962 487 mox
990 453 1126 496 protulit

239 503 386 549 §oannes
404 503 547 546 ejusdem
571 504 718 541 Eccleliae
740 501 914 546 Presbyter
929 526 945 543 ,
970 502 1103 537 &dixit
1115 517 1128 539 ,-

238 553 559 597 secundumjuffion'em
568 553 674 595 vestrae
689 551 865 588 sanemus
876 550 1049 596 inter-saera
1073 564 1130 586 va-

235 599 277 646 121
295 627 307 644 ,
331 615 402 646 quae
420 606 443 638 ἢ
461 615 508 637 me
521 602 688 648 servantur
709 626 722 644 ,
744 601 891 637 habentes
914 602 1053 645 dypticha
1076 604 1129 636 illa

231 649 348 699 'protuli
359 678 370 694 ‚
395 655 429 688 ό·
449 655 494 686 ad
510 658 711 688 recitationem
724 658 842 697 porrigo
858 677 865 685 .
905 653 1007 688 Habeo
1030 662 1131 686 autem

240 702 277 735 ό*
298 703 372 736 duos
389 703 464 737 alios
483 702 718 736 membranaceos
735 707 944 747 quaterniones
969 709 1130 737 veteriores

236 750 301 790 „ssis
311 777 322 794 ‚
343 764 414 795 quae
425 764 503 786 nunc
506 751 578 794 sunt
590 754 625 786 ,θ
633 758 798 786 recitantur
810 777 821 793 ,
847 765 918 796 quos
930 751 1051 796 &ipsos
1059 761 1129 795 pro·

238 801 296 834 tuli
310 826 321 842 ‚
339 801 413 844 ficut
432 803 561 836 videtis,
587 802 640 837 Ex
650 813 718 846 quo
739 802 842 845 liquet
854 803 955 839 sacras
979 802 1072 837 hasce
1084 813 1128 837 ta-

235 848 331 889 bulas
340 852 381 885 ad
403 851 487 888 sacra
508 853 581 887 vasa
601 851 765 898 spectasse,
790 853 826 890 i&
839 852 932 889 fuiffe
951 852 1132 895 quaternio·

237 910 297 935 nes
306 900 588 943 membranaceos,
614 902 724 948 quales
733 901 915 939 etiamnum
927 902 1074 938 videmus
1093 903 1128 936 in

234 950 394 985 Sacristiis
413 949 696 996 disciplinatorum
722 952 991 987 monasteriorum
1004 977 1011 985 .
1039 952 1129 986 Con-

235 998 606 1044 stantinopolitanorum
625 1003 766 1039 formam
786 1002 938 1037 describit
965 1014 1124 1047 magnum

233 1047 345 1095 Belgii
376 1049 573 1087 Chronicon
594 1066 602 1086 :
640 1057 676 1090 ln
696 1051 821 1095 Ecclefia
839 1052 942 1086 Sancfli
968 1056 1126 1089 Laurentii

235 1100 397 1142 praediciae
406 1107 542 1138 civitatis
552 1110 621 1140 erat
628 1103 762 1139 columna
771 1112 835 1138 iota
859 1114 1023 1137 marmorea
1034 1126 1044 1143 ‚
1071 1114 1125 1137 coo-

236 1157 329 1191 perta
346 1153 391 1185 ad
397 1153 515 1188 modam
523 1155 675 1190 scacorum
687 1177 697 1193 ,
715 1151 756 1194 fic
766 1154 908 1190 ordinata
917 1162 951 1187 ut
958 1154 1127 1195 incipiendo

238 1200 262 1232 ἃ
266 1205 415 1243 principio
430 1210 464 1236 in
475 1214 533 1236 uno
552 1205 638 1237 scaea
654 1211 814 1245 poneretur
831 1214 938 1239 nomen
964 1207 1122 1245 Imperato-

240 1254 303 1291 ris,
331 1252 406 1285 &in
421 1249 558 1293 sequenti
584 1264 688 1287 nomen
713 1252 924 1292 Patriarchae,
949 1258 1003 1298 qui
1023 1252 1126 1294 praefi-

239 1299 331 1334 debat
350 1325 359 1332 .
386 1302 539 1337 Praedixit
559 1305 629 1336 vero
648 1301 842 1345 Philosophus
863 1303 987 1345 quidam
1005 1308 1124 1339 nomine

240 1352 322 1389 Leo,
344 1351 482 1385 columnae
501 1353 600 1387 scacis
617 1351 753 1385 omnibus
762 1353 892 1394 expletis
910 1353 1065 1394 perditum
1085 1358 1124 1386 iri

239 1405 394 1435 civitatem
402 1400 754 1443 constantinopolitanam
766 1426 776 1443 ,
801 1404 838 1439 ila·
844 1401 885 1445 fic
898 1403 937 1438 de
945 1401 1029 1443 fac‘lo
1053 1408 1125 1436 acci-

239 1451 289 1483 dit
309 1475 317 1482 .
344 1453 430 1495 ,Quia
445 1450 672 1494 praefidentibus
690 1456 873 1494 Imperatore
910 1451 1101 1493 Constantino
1115 1477 1127 1493 ,

241 1501 276 1534 Θ
287 1501 470 1537 Patriorcha
492 1505 649 1546 Gregorio,
677 1513 799 1545 quorum
810 1511 940 1545 tempore
962 1511 1053 1545 capta
1057 1503 1123 1544 fuit

238 1555 351 1585 civitas
362 1551 380 1585 ὲ
392 1551 516 1587 Turcis
528 1576 539 1593 ,
558 1551 721 1595 fac‘lafuit
731 1556 862 1594 impletio
871 1554 1040 1588 ultimorum
1058 1556 1124 1586 sca,

240 1610 338 1634 eorum
356 1603 513 1638 columnae.
541 1601 720 1646 imperator
731 1602 787 1639 ille
799 1602 861 1636 fuit
885 1602 1125 1639 Constantinus

240 1648 446 1698 Palaeologus
459 1676 470 1692 ‚
491 1652 626 1696 Ioannis
637 1674 648 1692 ‚
671 1652 775 1694 quiin
788 1654 815 1687 F
818 1653 978 1691 lorentina
986 1652 1125 1696 Synodo

240 1700 373 1746 adfuit,
399 1701 485 1745 filius
506 1714 516 1744 3
542 1699 730 1738 patriarcha
755 1711 823 1737 erat
847 1703 1026 1747 Gregorius
1046 1727 1058 1744 ,
1082 1702 1126 1736 ei-

240 1749 319 1786 dem
335 1752 474 1795 Synodo
496 1751 653 1795 praesens,
679 1751 991 1795 Proto-Syncellus,
1018 1752 1126 1796 appel.-

239 1801 326 1836 latus
345 1801 539 1837 Gennadius
560 1799 737 1835 secundus:
765 1801 854 1834 Nam
875 1801 907 1835 δε
930 1800 1125 1836 Patriarchae

238 1850 602 1898 coustantinopolitani
615 1874 627 1892 ,
654 1850 773 1886 imitati
794 1849 967 1887 Romanos
986 1851 1124 1886 Pontifi-

239 1913 293 1937 ces
310 1903 346 1937 in
368 1903 422 1937 sua
442 1901 651 1947 promotione
673 1912 795 1935 nomen
817 1909 946 1935 mutant
967 1924 976 1940 ‚
1002 1902 1124 1945 semper

239 1963 350 1987 tamen
373 1951 550 1988 retinentes
570 1949 729 1987 initialem
749 1950 894 1987 litteram
906 1951 1051 1987 nominis
1074 1952 1123 1989 sui

239 2001 447 2046 Baptismalis
456 2025 464 2034 .

291 2051 524 2095 Mopsuestena
554 2050 779 2086 defunaorum
802 2050 1037 2095 Episcoporum
1065 2051 1121 2095 dy·

242 2100 354 2146 pricha
372 2102 418 2135 ita
441 2099 604 2136 habebant
618 2114 629 2134 .·
655 2103 715 2134 Pro
737 2100 980 2147 requiescentibus
1004 2100 1126 2144 Episco-

238 2158 292 2195 pis
307 2174 318 2191 ,
346 2153 504 2197 Protogene
517 2174 528 2190 ,
553 2153 693 2192 zozimo,
720 2151 851 2192 Olympio
867 2175 878 2191 ,
904 2151 1029 2192 cyrillo,
1054 2151 1125 2184 Tho.

236 2214 292 2235 ma
315 2224 326 2241 ‚
364 2200 507 2243 Bastiano
526 2226 539 2244 ‚
568 2205 714 2234 Auxentio
733 2224 746 2242 ,
783 2203 924 2235 Palatino
946 2225 957 2241 ,
986 2201 1125 2247 jacobo,

241 2254 367 2284 Zozimo
391 2275 402 2291 ,
437 2249 583 2284 Theodoro
607 2273 617 2289 ,
651 2253 784 2289 symeone
802 2276 810 2284 .
849 2250 995 2298 Qaestio
1022 2261 1090 2286 erat
1113 2276 1124 2293 ,

238 2301 388 2344 quisnam
399 2311 490 2334 erant
501 2300 647 2343 Cyrillus
670 2299 745 2339 ille,
769 2299 876 2334 acille
901 2299 1124 2339 Theodorus?

240 2350 428 2396 Respondit
452 2349 529 2384 vero
553 2350 736 2392 Martyrius
753 2349 905 2385 Ecclefiae
924 2350 1124 2394 Mopsueste-

239 2412 290 2437 π
300 2399 471 2445 Presbyter
481 2423 493 2440 ,
518 2400 619 2434 a-tatis
629 2400 815 2444 octuaginta
826 2423 838 2440 ,
864 2400 898 2435 in
911 2400 1002 2436 istius
1011 2411 1121 2437 autem

238 2451 384 2486 civitatis
396 2449 497 2484 Clero
517 2449 641 2484 habens
652 2460 758 2484 annos
780 2449 948 2494 plusquam
975 2451 1120 2496 sexagin-

240 2512 275 2536 ta
289 2515 300 2535 :
326 2505 434 2542 Neque
444 2498 525 2543 scie,
551 2510 643 2541 neque
661 2500 789 2541 audivi,
816 2501 897 2542 quod
920 2506 1060 2535 recitatus
1084 2500 1121 2540 est

240 2550 408 2585 rheodorus
431 2573 443 2589 ,
468 2550 536 2582 olim
554 2548 656 2592 sallus
677 2548 757 2589 istius
778 2554 914 2584 civitam
936 2549 1098 2593 Episcopus
1110 2576 1120 2592 ,

239 2605 274 2634 in
278 2599 373 2644 sacris
386 2598 530 2640 dyptichis
541 2622 552 2639 ,
573 2596 632 2641 sed
642 2599 771 2641 audiv13
798 2601 878 2641 quod
886 2600 1010 2634 SanHus
1031 2602 1122 2642 cyril-

237 2650 288 2683 lus
300 2671 312 2689 ,
336 2649 548 2683 Alexandrinae
568 2658 687 2694 magnae
695 2653 831 2684 civitatis
855 2648 1019 2694 Episcopus
1032 2673 1044 2690 ,
1063 2659 1121 2693 pro

237 2698 386 2733 Theodoro
395 2707 521 2731 taxatus
543 2697 625 2739 estin
646 2696 745 2741 sacris
763 2698 908 2740 dyptichis
923 2723 934 2739 ,
962 2700 1121 2743 quibusin-

233 2747 341 2794 scripti
359 2746 431 2792 sunt
444 2747 578 2790 defun&
590 2745 759 2793 sanc‘iffmi
781 2747 920 2792 Episcopi
941 2773 951 2789 ,
976 2750 1011 2783 Θ
1030 2749 1119 2793 usque

237 2797 296 2832 huc
308 2797 369 2841 ipse
380 2796 586 2841 inscriptusest
598 2821 610 2837 ,
634 2799 670 2832 ὁ·
676 2799 860 2841 praedicatur
870 2810 934 2833 cum
943 2800 1017 2832 aliis
1043 2804 1119 2842 Epi-

233 2847 339 2893 Jcopi!
355 2860 368 2890 ;
394 2845 570 2890 Episcopum
590 2853 669 2882 enim
689 2853 724 2881 in
744 2848 839 2889 nostra
859 2855 983 2883 civitate
1005 2855 1120 2885 nomine

236 2898 381 2938 cyrillum
403 2907 494 2940 neque
511 2895 569 2942 scio
591 2921 603 2938 ,
630 2909 722 2940 neque
742 2900 851 2934 audivi
862 2898 984 2942 fac‘lum
1003 2925 1011 2932 .
1053 2902 1119 2943 ,Qui

236 2958 337 2982 autem
349 2958 425 2981 nunc
450 2943 577 2991 insertus
587 2945 626 2989 est
647 2948 836 2988 Theodorus,
859 2958 930 2983 ante
940 2957 1003 2983 tres
1023 2961 1118 2983 annos

239 2998 321 3032 obiit.
348 3001 396 3030 Et
408 2998 446 3030 de
456 2998 583 3031 Galatia
609 3005 690 3033 erat.
719 2997 866 3043 AEgypti
880 2998 1118 3034 Alexandriam

238 3057 338 3083 vocat
359 3047 527 3081 civitatem
551 3057 706 3092 magnam
730 3071 742 3089 ,
776 3048 981 3094 distinguens
1005 3060 1118 3086 contra

240 3096 481 3134 Alexandriam
503 3094 645 3131 secundae
669 3097 796 3133 Ciliciae
820 3099 1002 3144 oppidum,
1027 3099 1119 3143 cujus

241 3147 423 3193 Episcopus
453 3147 589 3181 nomine
614 3145 776 3183 Urbicius
805 3150 950 3194 praesenti
982 3148 1118 3193 synodo

238 3195 423 3233 adficiebat.
452 3197 555 3244 Qod
578 3197 683 3240 ipsum
703 3196 745 3235 de
764 3199 836 3233 raso
859 3197 1057 3242 Theodori,
1085 3200 1118 3234 ἃ

239 3247 373 3283 suffecto
394 3247 429 3282 in
449 3247 517 3292 ejus
540 3248 651 3281 locum
683 3247 805 3292 Cyrilli
826 3249 963 3284 nomine
982 3249 1040 3283 alii
1067 3247 1116 3283 de-

240 3307 315 3331 cem
336 3295 543 3342 Presbyteri,
568 3297 711 3341 quinque
733 3297 877 3332 Diaconi
896 3322 908 3339 ,
933 3299 968 3332 δε
990 3299 1118 3342 septem-

241 3344 350 3380 decim
373 3344 529 3382 honorati
539 3347 680 3383 seniores
703 3346 779 3381 laici
791 3348 862 3381 sunt
883 3348 1024 3385 attestati
1041 3372 1053 3389 ,
1074 3349 1108 3383 di

241 3405 353 3431 centes
369 3396 418 3432 ita
431 3398 464 3431 se
485 3396 636 3433 audiffea
657 3396 721 3432 suis
745 3396 944 3440 majoribus,
972 3398 1121 3442 primam·

241 3454 310 3492 que
328 3445 492 3492 originem
513 3446 548 3483 δι
569 3448 700 3484 causatu
726 3447 894 3494 ignorare.
929 3447 983 3482 Ex
1005 3447 1123 3493 quibus

1916 126 2007 174 181

1200 199 1258 236 fibi
1270 201 1362 236 ieritis
1377 200 1535 237 conciunt
1551 204 1669 248 quinta
1680 203 1787 240 nostra
1807 205 1986 248 Synodus.-
2007 208 2077 251 suff·

1196 250 1260 294 ficit
1268 275 1281 293 ‚
1306 264 1373 294 quae
1378 253 1499 294 prolata
1511 253 1544 285 ὀ·
1557 253 1642 288 dida
1652 253 1727 297 fient
1735 254 1959 296 Ecclefiasticam
1982 259 2077 291 tradi-

1199 309 1310 337 tionem
1319 301 1514 345 demonstrare
1523 325 1535 341 ‚
1555 305 1592 334 eb
1602 305 1679 347 quod
1688 313 1800 349 oportet
1810 303 1962 341 haereticos
1971 308 2006 342 ge
2014 307 2076 351 pff

1198 360 1321 388 mortem
1333 352 1585 390 anathematizari
1597 376 1605 383 .

1251 401 1378 438 Verum
1397 403 1462 439 fuit
1482 401 1653 439 conclufio
1678 402 1825 441 infirma.
1849 405 1994 441 Causam
2019 406 2077 441 dat

1200 452 1354 497 synodus
1371 452 1561 487 Eliberina:
1584 454 1787 496 Energumeni
1797 467 1901 490 nomen
1922 458 1968 490 ad
1979 457 2077 490 altare

1200 513 1263 535 cum
1285 503 1426 537 oblatione
1443 514 1503 539 non
1520 503 1660 538 recitetur
1679 527 1687 534 .
1718 502 1764 537 Et
1786 505 1823 537 de
1838 506 1888 538 his
1902 530 1913 546 ‚
1939 513 1990 549 qui
2011 512 2080 539 ani-

1196 564 1245 587 ,mo
1259 554 1329 594 jam
1349 553 1516 595 deficientes
1532 557 1744 595 poenitemiam
1759 559 1905 594 accipiunt
1917 580 1929 595 ,
1952 558 1988 591 ,(9
2003 565 2076 589 ante

1197 608 1447 644 communionem,
1473 602 1507 637 id
1527 603 1575 637 est
1598 628 1611 644 ,
1636 604 1909 638 Sacramentaletn
1933 606 2078 640 reconci-

1199 652 1370 688 liationem
1379 659 1547 689 moriuntur
1561 677 1573 694 ‚
1598 651 1756 689 scribitad
1769 650 1987 688 Theodorum
2011 657 2078 691 Fo-
2095 660 2251 697 Ep.91.c.3.

1198 701 1424 744 ro-Juliensem
1448 726 1459 743 ,
1486 704 1520 737 δε
1539 703 1580 737 ad
1609 702 1787 740 Rusticum
1818 700 2078 740 Narbonemsem
2092 699 2252 737 *EF-9²5⁸*

1198 752 1395 796 Episcopum
1402 754 1539 790 Sansius
1550 753 1620 789 Leo
1630 753 1789 797 Magnus.-
1801 759 1914 788 Horum
1922 751 2013 798 causa
2024 757 2078 787 Dei

1189 802 1304 842 judicio
1325 801 1508 845 reservanda
1525 802 1567 842 est
1577 826 1591 842 ,
1612 807 1647 836 in
1656 812 1741 843 cujus
1760 814 1856 835 manu
1870 802 1939 844 fuit
1951 827 1962 843 ‚
1987 811 2022 836 ut
2034 812 2078 836 ta-

1196 851 1268 885 lium
1279 852 1374 886 obitur
1390 852 1483 896 ⁴usque
1495 853 1542 885 ad
1557 857 1769 888 communionis
1789 854 1952 885 remedium
1964 854 1997 885 di
2021 864 2078 887 ere-

1198 911 1265 935 tur.
1290 907 1358 939 Nos
1378 913 1495 943 autem,
1519 902 1629 945 quibus
1652 901 1827 939 viventibus
1847 913 1906 935 non
1921 909 2080 937 commum·-

1193 963 1318 991 camus,
1342 958 1465 988 mortuis
1483 958 1697 989 communicare
1705 964 1766 988 non
1786 955 1951 996 poffumus.
1981 952 2032 987 Eo
2046 953 2079 987 in

1175 1022 1177 1024 —
1199 1003 1267 1044 ipso
1279 1003 1330 1036 seu
1342 1002 1584 1036 communionis
1606 1002 1659 1036 seu
1671 1002 1871 1046 poenitentiae
1892 1001 2019 1048 gradu,
2043 1002 2080 1036 in

1194 1062 1262 1094 quo
1282 1052 1373 1086 vivus
1391 1052 1493 1087 fuerat
1515 1052 1579 1087 &a
1601 1050 1697 1086 nobis
1726 1051 1918 1094 det-efferat,
1944 1052 2080 1096 quisque

1194 1100 1276 1135 olim
1288 1101 1388 1138 etiam
1403 1112 1550 1138 mortuus
1573 1100 1774 1144 habebatur,
1801 1111 1900 1146 atque
1912 1102 1958 1137 itt
1968 1103 2026 1146 qui
2037 1103 2081 1136 vi-

1197 1150 1253 1185 v'us
1277 1151 1383 1187 fuerat
1403 1152 1503 1189 Flens
1527 1176 1539 1192 ‚
1564 1150 1716 1187 Audiens
1738 1177 1750 1192 ,
1777 1152 1961 1187 Substratus
1986 1176 1997 1193 ,
2023 1162 2081 1188 aut

1195 1200 1379 1235 Confistens
1389 1226 1402 1243 ‚
1421 1202 1523 1236 etiam
1537 1200 1710 1238 defunctus
1721 1203 1768 1237 uti
1782 1203 1855 1237 talis
1868 1202 2077 1237 tractabatur.

1195 1249 1244 1285 At
1254 1250 1331 1285 vero
1354 1251 1569 1288 Confistentis
1599 1274 1611 1292 ,
1635 1253 1798 1295 quoniam
1821 1253 1890 1287 fine
1909 1252 2079 1288 oblatione

1193 1300 1460 1338 communicabat
1482 1326 1494 1342 ,
1520 1312 1643 1336 nornen
1665 1301 1707 1336 ad
1729 1302 1829 1336 altare
1859 1303 1987 1337 recitari
2011 1314 2080 1336 non

1195 1361 1339 1394 poterat:
1366 1350 1544 1386 Recitandi
1559 1351 1705 1387 nominis
1718 1353 1751 1387 ἀ
1764 1352 1921 1386 faciendae
1941 1351 2082 1385 oblatio·

1194 1401 1246 1435 nis
1256 1401 1312 1444 Jus
1337 1401 1460 1445 semper
1471 1402 1563 1438 fuere
1587 1412 1759 1437 connexa.
1786 1400 1870 1436 Non
1885 1401 1971 1437 solus
1982 1401 2081 1435 addu-

1194 1452 1262 1486 stus
1280 1450 1468 1486 Eliberinus
1492 1451 1612 1486 Canon
1625 1477 1638 1493 ‚
1664 1450 1717 1487 sed
1738 1452 1918 1486 &Sanetus
1947 1451 2080 1494 Cypria-

1195 1511 1255 1535 nus
1268 1501 1303 1535 in
1315 1502 1412 1535 variis
1433 1501 1589 1545 Epistolis
1601 1525 1611 1541 ,
1637 1503 1671 1535 in
1687 1501 1815 1536 litteris'
1827 1502 1867 1535 ad
1882 1501 2079 1535 Decentium

1195 1550 1410 1596 Eugubinurn
1432 1551 1631 1595 Episcopum
1650 1552 1783 1586 Sanetus
1810 1551 1970 1586 Pontifex
1982 1552 2081 1585 inno-

1193 1601 1320 1637 centius
1341 1602 1462 1645 primus
1487 1624 1497 1640 ,
1523 1601 1643 1644 aliique
1664 1602 1792 1646 antiqui
1827 1601 1937 1635 Patres
1958 1602 2081 1645 semper

1194 1652 1394 1686 connestunt
1418 1676 1426 1683 .
1465 1650 1634 1686 Recitatio
1659 1652 1805 1686 nominis
1826 1675 1838 1691 ‚
1876 1662 1945 1685 non
1972 1651 2080 1685 minus

1194 1712 1292 1745 quam
1314 1700 1440 1740 oblatio
1453 1726 1464 1741 ,
1488 1711 1557 1735 erat
1570 1712 1641 1744 pars
1663 1700 1765 1746 plenae
1785 1701 1820 1734 ὅ(
1841 1702 1979 1744 ρετῑεᾶε
1991 1713 2080 1735 com-

1193 1751 1361 1785 munionis
1383 1776 1390 1783 .
1423 1750 1588 1797 roirca
1614 1762 1655 1785 ex
1678 1752 1748 1786 raso
1769 1750 1787 1785 ὲ
1810 1751 1903 1786 sacris
1931 1751 2080 1785 Ecclesiae

1193 1799 1359 1848 dyptichis
1375 1800 1512 1844 alicujus
1524 1801 1662 1835 nomine
1683 1812 1889 1846 nequaquam
1916 1800 1983 1843 ejus
2004 1813 2080 1835 ana-

1193 1849 1420 1888 thematizatio
1441 1861 1498 1885 aut
1522 1849 1733 1895 degradatio,
1757 1851 1812 1887 sed
1825 1849 1891 1886 sola
1904 1851 1945 1885 ad
1967 1851 2079 1884 Conli-

1193 1900 1342 1935 stentiam
1364 1900 1497 1944 dejectio
1518 1924 1529 1941 ,
1564 1903 1582 1934 a
1605 1900 1836 1943 mysteriorum
1859 1899 2079 1935 celebratione

1193 1951 1373 1994 suspenfio‚
1398 1959 1456 1985 aut
1468 1949 1625 1995 quaepiam
1636 1950 1699 1984 alia
1712 1949 1800 1984 laicae
1827 1952 1882 1985 seu
1908 1950 2079 1985 Clericalis

1191 2000 1439 2038 communionis
1448 2001 1616 2039 mutilatio
1638 1998 1721 2035 reste
1739 2000 1954 2036 inferebatur.

1241 2051 1335 2088 Dura
1345 2050 1409 2086 fuit
1432 2048 1499 2086 haec
1520 2051 1556 2087 in
1580 2059 1730 2086 mortuos
1755 2049 1963 2093 Disciplina,
1989 2050 2079 2084 ideo-

1191 2112 1252 2144 que
1263 2099 1474 2144 postmodum
1494 2100 1666 2144 mitigata.
1692 2099 1828 2135 Etenim
1853 2099 1965 2134 statuit
1989 2111 2081 2143 quar-

1192 2160 1224 2184 ta
1237 2149 1390 2193 Synodus
1403 2147 1700 2197 *Carthaginenliae
1727 2151 1911 2185 Pet-nitentes
1923 2173 1934 2189 ,
1952 2156 2011 2192 -qui
2033 2159 2081 2184 at·
2094 2137 2169 2178 0²9·
2185 2147 2236 2174 79·

1189 2202 1269 2235 iente*
1278 2200 1355 2243 leges
1371 2198 1558 2242 pcenitennae
1580 2208 1785 2241 exequuntur,
1803 2197 1908 2242 ficafic
1928 2205 1960 2231 in
1971 2206 2079 2235 itinere

1189 2253 1241 2285 vel
1247 2255 1279 2283 in
1299 2256 1378 2283 mari
1404 2254 1509 2282 mortui
1523 2248 1652 2291 suerunt
1667 2273 1678 2289 ,
1703 2248 1754 2283 ubi
1772 2257 1816 2282 eis
1836 2247 1874 2292 su
1896 2255 1995 2283 veniri
2020 2263 2078 2284 non

1183 2301 1267 2345 pqffit
1276 2324 1288 2343 ‚
1313 2305 1454 2335 memoria
1465 2311 1562 2334 eorum
1587 2301 1621 2334 δ’
1634 2298 1813 2333 orationibus
1825 2301 1859 2333 6·
1876 2249 2077 2355 ῖὸΙατὶοηὶόω

1187 2352 1422 2386 commendetur.
1450 2350 1531 2386 Hoc
1555 2350 1601 2384 est
1615 2372 1626 2389 ,
1650 2350 1822 2395 recipiatur
1847 2350 1995 2384 vivorum
2017 2361 2076 2394 pro

1190 2401 1260 2444 ipfis
1279 2399 1408 2435 oblatio
1431 2423 1443 2440 ,
1478 2399 1658 2435 celebretur
1676 2410 1736 2446 pro
1758 2400 1832 2446 ipsis
1851 2399 2041 2435 sacrificium
2063 2424 2076 2441 ,

1187 2451 1345 2486 &eorum
1366 2460 1486 2485 nomen
1501 2450 1541 2484 ad
1565 2450 1669 2494 ipsum
1693 2450 1867 2487 recitetur.
1894 2451 1985 2486 Nota
2005 2461 2075 2484 non

1187 2500 1332 2542 cunffis,
1359 2500 1413 2535 sed
1440 2499 1561 2535 solisin
1585 2500 1666 2535 mari
1677 2512 1735 2535 aut
1757 2500 1824 2534 alio
1849 2499 1990 2540 itinere,
2016 2500 2075 2534 ubi

1186 2550 1233 2584 eis
1254 2548 1413 2585 subveniri
1447 2562 1514 2584 non
1542 2559 1669 2595 poterat
1692 2573 1704 2590 ,
1740 2549 1902 2583 defunctis
1935 2549 2073 2593 gratiam

1185 2599 1272 2636 hanc
1283 2600 1377 2636 fuiffe
1398 2600 1596 2643 impensam3
1624 2599 1802 2643 &quidem
1832 2599 1907 2633 solis
1917 2599 2074 2642 poeniten-

1186 2651 1238 2685 tiae
1261 2651 1348 2695 leges
1371 2649 1498 2684 strenue
1517 2650 1660 2683 executis
1682 2673 1694 2691 ,
1729 2649 1819 2692 cujus
1840 2648 1884 2683 rei
1905 2647 2071 2691 judicium·

1187 2701 1351 2744 Episcopo
1364 2698 1583 2735 deferebatur.
1611 2699 1665 2735 De
1685 2699 1811 2734 cunciis
1831 2698 1865 2733 in
1879 2699 2072 2743 poenitentia

1185 2759 1262 2784 ante
1271 2760 1436 2793 acceptam
1459 2747 1701 2784 absolutionem
1720 2748 1880 2784 defunctis
1899 2748 2010 2783 statuit
2035 2748 2071 2783 in

1185 2800 1242 2833 suo
1267 2799 1449 2843 capitulari
1473 2811 1515 2833 ex
1541 2797 1714 2835 undecima
1736 2798 1905 2833 Toletana
1932 2798 2071 2842 Synodo

1184 2848 1272 2884 Isaac
1294 2849 1475 2895 Episcopus
1488 2849 1727 2895 Lingonenlis:
1754 2851 1949 2892 ,Quamquam
1971 2850 2070 2882 diver-
2089 2861 2118 2892 1„
2131 2871 2155 2892 ι,
2169 2869 2195 2893 c,
2207 2871 2243 2898 14

1178 2899 1253 2942 fitas
1268 2907 1484 2942 praeceptorum
1504 2900 1541 2933 de
1563 2899 1614 2932 hoc
1628 2899 1754 2942 capitulo
1778 2898 1946 2939 habeatur,
1971 2909 2070 2932 eorum

1183 2959 1284 2983 tamen
1295 2950 1379 2983 nobis
1386 2948 1540 2994 sententia
1545 2951 1682 2994 placuit,
1707 2954 1759 2991 qui
1768 2949 1927 2992 multiplici
1949 2959 2067 2982 numero

1184 3001 1221 3032 de
1231 2998 1398 3043 hujusmodi
1411 2998 1571 3033 humanius
1591 3001 1803 3037 decreverunt,
1827 3000 1907 3034 ut&
1928 3005 2070 3032 memoria

1184 3053 1293 3084 talium
1310 3054 1343 3082 in
1365 3047 1497 3091 Ecclefiis
1521 3049 1755 3087 commendetur,
1779 3049 1931 3085 &oblatio
1951 3057 2008 3091 pro
2027 3059 2069 3081 eo-

1183 3096 1250 3133 rum
1269 3100 1406 3132 dedicata
1422 3096 1580 3142 spiritibus
1602 3103 1767 3141 accipiatur
1786 3123 1794 3131 .
1835 3097 1941 3133 Unde
1960 3098 2066 3132 eidem

1183 3151 1241 3185 suo
1252 3147 1487 3183 Poenitentium
1511 3148 1694 3194 Capitulari
1711 3148 1843 3184 inseruit
1868 3159 1935 3182 non
1948 3148 2065 3181 solum·

1183 3197 1286 3233 modo
1304 3197 1370 3243 jam
1391 3196 1566 3232 addnstum
1600 3196 1892 3243 Carthaginensem
1917 3221 1928 3237 ‚
1955 3196 2010 3231 sed
2029 3197 2066 3231 δε

1182 3247 1270 3283 hunc
1290 3259 1333 3282 ex
1351 3248 1471 3293 quinto
1493 3247 1579 3283 libro
1599 3248 1830 3292 capitulorum
1856 3245 1968 3281 Caroli
1993 3246 2067 3281 Ma-

1183 3299 1241 3344 gni
1263 3297 1468 3341 desumptum
1491 3297 1665 3333 Canonem
1679 3313 1690 3334 :
1717 3301 1834 3332 Placuit
1856 3296 1925 3337 his,
1949 3301 2000 3339 qui
2018 3307 2066 3329 ac-

1184 3356 1268 3391 cepta
1282 3352 1458 3390 penitentia
1482 3356 1552 3382 ante
1580 3350 1839 3383 reconciliationem
1859 3352 1990 3391 migrant
2022 3347 2068 3380 ad

1188 3401 1302 3439 Deum,
1325 3403 1550 3438 communicari,
1571 3406 1629 3441 pro
1639 3409 1671 3431 eo
1690 3397 1771 3440 quod
1779 3396 1991 3431 honoraverint
2005 3404 2066 3437 ρω-

1184 3453 1363 3483 nitentiam.
1389 3448 1446 3483 Est
1468 3447 1703 3489 duodecimus,
1729 3456 1764 3482 at
1774 3446 1878 3482 verbis
1896 3456 2064 3492 parumper

1955 3505 2015 3530 rm·
