2340 3736
336 63 437 108 23⁴4

240 135 290 169 fle
301 142 428 178 pugnas
441 130 477 165 &
487 127 675 174 triumphos
685 140 754 165 non
774 127 931 166 reveritus
940 130 1117 165 Flavianus
1126 156 1136 173 ,

244 184 337 229 quasi
360 181 554 227 potestatem
573 180 698 215 habens
722 206 732 223 ,
768 182 854 216 solus
874 181 990 216 cunsta
1012 182 1136 225 egerit,

246 231 515 277 sprevitquefejus
524 233 564 266 ad
578 231 664 266 hanc
685 232 823 266 sanaam
835 233 1009 276 Synodum
1029 230 1138 275 appel-

242 284 430 319 lationem.
457 280 624 327 Septimo,
653 281 742 326 quod
764 282 870 326 ipsum
883 281 931 316 uti
945 282 1138 315 damnatum

249 332 478 372 Manichaeum
505 342 683 377 praeparatae
706 332 914 369 multitudini
946 328 1142 370 tradiderit,

247 382 565 421 circumducendum
597 382 729 427 publico
762 382 906 417 ludibrio
927 382 962 417 δε
988 379 1140 415 scandalo

247 435 370 482 ‘Regia
389 434 548 469 civitatis.
575 433 724 475 octavo,
751 433 842 477 quod
867 431 934 475 ejus
959 430 1143 466 damnatio·

251 497 332 520 nem
356 497 412 528 per
430 492 548 519 omnes
568 485 781 519 etiamextta
802 480 1143 525 Constantinopolita-

251 547 336 571 num
356 534 616 572 Patriarchatum
631 533 790 571 Ecclesias
800 533 834 569 δε
844 532 1040 567 monasteria
1052 530 1144 565 mise*

250 587 296 622 rit
318 583 405 620 idem
429 585 627 625 Flavianus,
652 585 767 628 jubens
791 582 945 617 subscribi
968 581 1011 616 ab
1036 581 1144 615 omni-

251 634 315 672 bus
326 649 337 671 s
361 632 449 682 ·Q1ae
458 637 564 672 forma
575 646 636 669 nec
648 644 762 669 contra
775 644 902 677 apertos
915 631 1083 668 haereticos
1094 632 1145 665 so·

251 687 300 721 let
320 687 486 730 usurpari.
513 685 640 724 Nono,
665 682 756 728 quod
779 684 860 719 Asta
883 682 1146 727 synodaliafue·

251 737 320 771 rint
333 736 446 771 falsata
458 760 469 777 ‚
496 734 762 778 nominatimque
773 733 842 776 ejus
851 733 890 768 ad
904 736 1045 770 sanctam
1056 731 1141 766 hanc

252 787 430 830 Synodum
451 785 627 829 appellatio
649 785 806 829 suppressa
830 809 837 818 .
864 784 1012 820 Decimo
1035 809 1046 824 ‚
1074 784 1142 826 sup-

246 836 388 882 ¹plicavit
416 837 534 871 auferri
568 834 673 870 hocce
697 834 913 870 Ecclefiarum
934 832 1143 874 scandalum,

250 888 317 925 sese
340 887 423 922 solvi
433 886 451 921 ὲ
464 883 614 921 Flaviani
627 886 802 922 calumniis
811 884 845 918 &
858 884 1029 919 manifesta
1040 882 1146 927 perse-

246 937 389 973 cutione
409 960 422 976 ,
445 936 545 971 fidem
566 935 737 972 Nicaenam
757 958 768 976 ,
795 945 892 979 prout
917 935 959 970 ab
984 933 1144 979 Ephefina

246 987 393 1031 synodo
413 988 574 1022 firmatam
586 1009 597 1026 ,
624 986 749 1020 rursum
761 984 916 1026 stabiliri,
943 984 1143 1019 &innovari

250 1037 454 1080 Ephesinum
478 1035 655 1073 Canonem
675 1035 718 1070 de
738 1042 810 1070 non
823 1034 982 1071 faciendis
993 1034 1034 1070 ad
1051 1036 1143 1078 sym-

246 1083 368 1124 bolum
380 1086 553 1121 Nicaenum
563 1084 797 1120 additamentis
807 1110 814 1118 .

301 1137 358 1170 Ad
378 1135 528 1171 libellum
547 1133 638 1172 hunc
660 1135 812 1180 stupuere
836 1134 992 1179 Episcopi
1018 1134 1141 1179 plures.

245 1186 412 1222 Damnat-i
427 1186 534 1230 palam
545 1186 587 1222 ab
599 1185 658 1220 illo
670 1184 707 1222 N
709 1185 800 1220 icaeni
813 1185 965 1229 symboli
986 1196 1041 1229 per
1053 1185 1144 1220 Con-

249 1237 581 1281 stantinopolitanam
608 1236 783 1282 Synodum
809 1236 891 1270 fasta
921 1234 1144 1272 additamenta

246 1287 392 1325 'advertit
413 1288 447 1323 δι
469 1286 592 1332 stupuit
613 1287 786 1332 Diogenes
808 1285 996 1332 Cyzicenus
1009 1285 1143 1329 Episco-

250 1349 312 1381 pus
335 1361 349 1378 ,
374 1336 587 1381 Hellesponti
610 1336 828 1381 Metropolim
851 1360 864 1376 ‚
888 1348 926 1370 ac
947 1335 1139 1370 intercessit:

252 1388 362 1422 Dolosi
377 1386 531 1431 proposuit
553 1387 696 1429 Synodum
714 1386 887 1431 fundorum
900 1389 1049 1426 Panion,
1076 1397 1144 1428 quae

251 1441 284 1475 In
307 1441 419 1472 Νίκα
429 1436 520 1480 [πᾶα
530 1436 587 1477 est.
617 1440 733 1480 Accepit
744 1448 874 1479 namque
885 1437 1099 1470 additamenta
1123 1437 1143 1467 ἂ

244 1485 361 1536 sanclis
378 1488 525 1522 Patribus
533 1495 657 1529 propter
663 1486 842 1530 perversum
855 1486 1038 1519 intellectum
1060 1486 1144 1527 Apol-

249 1539 382 1577 linaris,
410 1539 446 1572 ὁ·
470 1539 623 1571 Valcntini
644 1559 656 1576 ‚
682 1538 717 1573 (9
736 1538 906 1569 Macedonis
931 1558 942 1574 ‚
967 1537 1002 1570 Θ
1025 1540 1079 1577 qui
1102 1541 1144 1568 eis

244 1586 318 1639 firm
322 1586 390 1633 fimi
396 1587 437 1621 les
445 1612 452 1620 .
479 1591 550 1623 Haec
555 1585 746 1628 praetermifit
757 1584 903 1624 Eutyches
908 1583 981 1627 ficut
993 1585 1143 1627 Apollina-

247 1637 340 1677 rista.
368 1637 519 1685 Qaliter
532 1634 703 1671 adversum
712 1635 830 1676 verba,
856 1635 975 1679 quibus
999 1634 1140 1669 Domini

247 1698 379 1723 carnem
400 1687 442 1721 de
465 1687 551 1722 coelo
569 1698 639 1723 non
657 1686 778 1722 venisse
799 1684 1013 1730 profitebatur
1037 1686 1141 1728 Euty-

247 1737 348 1778 ches,
376 1737 464 1772 idem
487 1749 565 1772 cum
591 1737 735 1772 Eusebio
752 1735 935 1779 Ancyrano
954 1736 987 1770 ὃ(
1007 1734 1142 1770 Zozone

247 1787 513 1831 Philippensium
537 1787 756 1832 Metropolita
778 1785 1142 1831 Diogenesinterceffe-

248 1839 290 1872 rit
306 1862 317 1878 ‚
342 1838 447 1872 edixit
470 1837 683 1882 postmodum
708 1837 775 1882 ipse
793 1836 834 1871 ad
844 1835 1141 1882 gloriofiffimosju-

248 1890 338 1922 dices
359 1888 396 1922 in
419 1888 559 1932 synodo
581 1887 861 1924 chalcedonensi:
889 1890 950 1920 Per
970 1885 1141 1928 votestatem

246 1938 377 1978 elstram
391 1963 402 1979 ‚
427 1944 599 1982 rogavimus
621 1950 687 1972 eum
707 1963 718 1979 ,
743 1938 873 1976 dicentes
893 1951 904 1970 .·
932 1940 1058 1969 Domine
1078 1939 1140 1969 Eu-

243 1988 344 2028 tyches
358 2013 369 2029 ‚
395 1990 474 2023 unde
494 1990 586 2031 ergo?
613 1991 678 2021 Dic.
701 1991 742 2022 Et
765 1998 824 2020 non
834 1987 975 2026 concefflt.
1005 1987 1049 2020 Et
1059 1985 1139 2020 Basi-

250 2039 316 2073 lius
339 2038 546 2072 Seleucienfis
558 2038 760 2081 Episcopus,
785 2035 1006 2080 Metropolim
1017 2036 1140 2070 Isauro-

248 2100 321 2122 rum
338 2100 344 2119 :
374 2092 558 2132 Rogavimus
579 2099 645 2121 eum
659 2096 750 2127 tunc,
768 2085 842 2127 ficut
851 2095 993 2119 memorat
1004 2089 1139 2119 Domnus

248 2136 397 2181 Eusebius
408 2161 419 2178 ,
449 2139 484 2172 (9
493 2140 594 2170 Zozon
608 2134 805 2179 Philippensis
818 2159 829 2176 ‚
855 2146 887 2169 ut
899 2138 1008 2169 diceret
1021 2137 1140 2169 modum

250 2193 466 2222 incarnationls
482 2187 665 2222 &humanat
678 2185 895 2231 adsumptionis
908 2208 918 2225 ‚
937 2185 966 2228 fi
981 2184 1140 2227 secundum

249 2237 486 2281 adsumptionem
505 2244 606 2271 carnis
631 2236 690 2281 scit
713 2240 808 2270 Deum
829 2237 955 2270 Verbum
959 2235 1080 2278 fac‘lum
1091 2235 1140 2268 ho·

250 2294 360 2325 minem
370 2314 377 2323 ,
407 2289 601 2330 Etjufferunt
614 2299 672 2321 non
685 2286 892 2330 investigatum
906 2289 1021 2321 dimitti
1042 2287 1119 2319 illud
1129 2311 1140 2326 ‚

249 2341 286 2373 δ’
307 2350 364 2371 non
379 2337 567 2381 susi-eperunt
585 2337 818 2382 prosecutionm
837 2336 980 2378 nostram.
1008 2336 1140 2379 Nempe

252 2388 370 2423 erroris
380 2389 427 2422 sui
440 2388 580 2422 fundum
589 2389 740 2432 detegere
754 2396 923 2431 nunquam
938 2386 1055 2421 volunt
1066 2386 1142 2423 Hae-

253 2438 348 2473 retici
369 2450 377 2470 ι
406 2438 578 2487 Qoniarn
601 2463 611 2478 ‚
637 2438 687 2471 uti
709 2437 791 2471 reste
817 2438 951 2472 Sanetus
973 2436 1140 2479 Hierony-

253 2499 326 2524 mus
341 2513 351 2529 ,
376 2487 534 2523 detexisse
554 2488 599 2522 est
625 2486 801 2522 convicisse
819 2510 825 2518 .
849 2487 894 2521 Et
918 2486 964 2521 ob
986 2485 1140 2520 Dioscuri

253 2538 429 2573 violentias
450 2538 553 2573 territi
579 2537 733 2581 Episcopi
757 2537 1021 2582 prosecutionem
1052 2537 1142 2572 suam

254 2599 370 2634 urgere
382 2599 450 2623 non
462 2589 537 2622 sunt
557 2588 623 2624 ausi
638 2615 644 2620 .

257 2658 260 2660 v
308 2639 446 2674 Unicus
457 2664 468 2680 ,
493 2636 607 2672 videns
628 2637 663 2671 in
675 2647 773 2681 caput
785 2638 879 2671 suum
892 2636 992 2682 dirigi
1006 2635 1120 2671 omnia
1132 2659 1142 2676 ,

258 2690 397 2733 perrexit
417 2689 551 2724 sanstus
571 2689 766 2722 Flavianus:
793 2687 940 2726 Eutyches
949 2686 1145 2730 accusatorem

259 2740 362 2775 habuit
383 2737 568 2782 Eufi’bium3
587 2738 689 2779 jubete
710 2749 776 2771 eum
798 2738 891 2781 adeffe
914 2763 920 2769 .
950 2739 997 2772 At
1021 2737 1144 2771 Comes

260 2790 414 2833 Elpidius
436 2787 628 2823 intercessit:
653 2788 846 2828 Sandliffimus
869 2792 1035 2829 Imperator
1055 2811 1066 2828 ,
1091 2793 1146 2820 im«

257 2839 346 2884 plens
367 2839 430 2882 ipsc
437 2840 569 2881 primum
579 2840 710 2871 ordinem
721 2839 818 2882 legum
827 2862 836 2879 ‚
862 2847 991 2879 quarum
1003 2837 1043 2879 est
1057 2839 1091 2872 ὁ·
1103 2844 1148 2870 in-

261 2900 368 2923 ventor
390 2891 424 2926 e:
444 2889 554 2930 custos,
576 2894 721 2931 pracepit
742 2899 789 2921 eos
801 2912 811 2928 ,
838 2895 890 2930 qui
910 2888 1147 2933 dudumJ’udices

261 2940 387 2984 fuerunt
399 2964 409 2979 ,
436 2945 467 2971 in
477 2941 534 2973 loco
546 2949 643 2973 eorum
655 2939 707 2984 effe
719 2945 767 2981 qu}
771 2938 934 2980 judicandi
941 2937 1016 2980 sunt
1027 2962 1037 2978 ‚
1059 2948 1150 2980 neque

267 2988 377 3022 babere
388 2997 501 3030 tempus
515 2990 661 3030 docendi,
687 2989 789 3031 quoad
797 2989 860 3029 ejus
872 2989 1021 3021 licentiam
1030 2998 1087 3021 vos
1100 2989 1150 3022 de-

268 3040 393 3072 dentis.
423 3040 471 3070 Ad
491 3050 524 3071 ea
545 3051 634 3084 ergo,
660 3051 726 3082 quae
748 3050 825 3072 nunc
843 3040 864 3071 ὰ
884 3037 1077 3082 religiolffmo
1097 3041 1151 3072 Αν-

267 3085 469 3130 che-Episcopo
482 3089 632 3122 Flaviano
642 3089 722 3122 dicia
729 3087 802 3132 fiant
814 3110 824 3129 ,
849 3090 884 3122 (θ’
894 3088 946 3122 hoc
957 3089 1040 3121 docco
1050 3113 1060 3129 ,
1081 3093 1152 3130 quia

271 3136 417 3182 accusator
435 3135 525 3180 suam
546 3138 753 3181 accusationem
763 3140 922 3180 implevit,
950 3140 984 3173 (ff
996 3163 1006 3179 ,
1031 3148 1065 3171 ut
1075 3137 1151 3171 arbi-

272 3198 371 3222 tratus
394 3186 453 3228 est,
478 3192 572 3225 vicit,
598 3191 632 3221 (τ
644 3190 743 3229 judex
764 3188 938 3232 accusatoris
957 3188 1153 3233 causamjam

275 3245 307 3271 in
326 3235 511 3280 semetipsum
529 3237 679 3277 transtulit
697 3262 707 3277 ‚
728 3237 798 3279 ficut
810 3241 843 3272 <ff
858 3244 889 3271 r'n
905 3238 1029 3280 publicis
1035 3237 1154 3282 semm«

276 3293 328 3320 riis
341 3286 494 3326 custoditur
506 3312 513 3318 .
530 3290 631 3325 >Nunc
641 3291 729 3329 igitur
740 3300 794 3320 vos
807 3288 980 3328 convenistis
993 3314 1002 3328 ‚
1028 3299 1062 3323 ut
1082 3301 1127 3322 cos
1143 3315 1153 3330 ,

272 3341 327 3378 ‘qiu'
345 3338 584 3377 judicaverant,
602 3339 767 3378 Judicctls,
794 3349 849 3369 non
874 3346 906 3369 itt
928 3340 1033 3371 iterum
1043 3338 1156 3382 accusa-

276 3392 350 3422 toris
371 3385 525 3429 personam
540 3385 731 3433 suscipiatis,
758 3388 792 3423 (π
806 3387 1038 3432 perturbationis
1049 3391 1154 3424 rursus

962 48 1395 94 Appenni>

1203 135 1324 165 initium
1337 133 1467 167 alierum
1475 133 1534 176 fiat
1547 157 1554 166 .
1574 139 1608 182 J
1609 134 1693 171 ubete.
1704 150 1768 182 ergo
1780 161 1789 177 ,
1807 137 1839 181 fi
1847 140 1948 182 placet
1961 164 1970 179 ‚
1991 139 2090 184 ficun-

1203 182 1275 214 dum
1285 183 1419 216 ordinem
1431 184 1546 227 reliqua
1556 193 1655 219 omnia
1667 212 1677 227 ‚
1704 200 1772 230 quae
1785 195 1816 223 in
1828 188 1916 233 causa
1925 190 1993 223 alia
1996 189 2072 233 sunt
2080 214 2091 230 ‚

1203 231 1292 275 relegi
1313 233 1358 264 ad
1375 233 1431 272 id,
1460 236 1541 275 quod
1557 236 1645 270 vobis
1664 237 1761 283 visum
1763 239 1863 282 fuerit
1875 266 1882 273 .
1911 238 2092 274 Accusato-

1202 292 1270 314 rem
1282 279 1324 314 ab
1334 281 1565 325 appellationis
1576 284 1700 328 judicio
1711 289 1801 325 nulla
1812 289 1863 325 lex
1875 315 1885 332 ,
1908 291 2018 325 nullus
2029 289 2093 324 Ca-

1204 343 1273 366 non
1297 329 1444 365 excludit
1460 344 1475 374 ;
1502 332 1548 366 ast
1574 334 1709 371 Eusebii
1729 336 1789 383 pro
1814 341 1879 375 fide
1900 340 2092 375 orthodoxa

1203 385 1363 426 Impetum
1378 381 1543 417 metuebat
1566 384 1769 428 Eutyches,
1782 389 1923 435 ideoque
1937 391 2021 426 sacra
2032 390 2091 434 jus-

1203 432 1292 467 sione
1305 433 1491 477 impetravit
1502 432 1597 468 illum
1608 434 1628 469 a
1637 436 1775 479 synodo
1785 447 1840 482 per
1849 441 2092 486 Chrysaphium

1206 481 1407 517 Eunuchum
1417 482 1548 518 excludi
1562 510 1569 517 .

1256 532 1380 577 Elpidii
1403 533 1503 578 igitur
1522 534 1779 572 interlocutione
1800 537 1902 574 fultus
1914 540 2094 578 Dioscorus

1205 583 1270 627 legi
1291 582 1376 626 juffit
1396 583 1504 619 Saufei
1514 585 1661 620 Flaviani
1674 611 1684 627 ‚
1713 587 1748 621 in
1772 598 1834 632 qua
1847 588 2020 625 damnatus
2029 593 2097 626 Eu-

1205 630 1322 675 tyches
1333 657 1344 673 ‚
1371 633 1545 679 Synodum
1559 660 1571 677 ,
1593 638 1777 681 omnesque
1789 638 1942 683 Episcopi
1954 640 2096 676 adsense-

1204 694 1254 716 re.
1283 683 1339 719 Ad
1363 682 1440 717 vero
1452 686 1604 721 eumdem
1615 687 1784 723 adsensum
1797 700 1931 735 rogatus
1949 690 2097 734 Julianus

1205 732 1343 767 Coenfis
1364 733 1547 781 Episcopus
1566 761 1576 777 ‚
1600 737 1709 772 Sancti
1734 739 1859 774 Leonis
1881 739 1976 784 Papae
1996 740 2097 775 Vica-

1205 784 1271 817 rius
1290 795 1329 818 ac
1352 784 1501 829 legatus,
1528 786 1670 822 reddidit
1690 800 1728 823 ac
1748 791 1950 825 intercessus
1971 795 2037 823 Hac
2048 803 2098 823 ra-

1205 839 1280 868 tione
1301 834 1435 868 volumus
1459 835 1548 876 Gesta
1567 838 1682 882 relegi,
1708 848 1743 874 ut
1759 842 1844 884 prius
1868 842 1965 882 Papae
1978 843 2097 885 legatur

1204 882 1354 927 Epistola.
1381 884 1427 919 Et
1447 885 1584 921 Hilarus
1609 888 1757 932 ejusdem
1775 890 1954 926 pontilicis
1971 891 2095 926 Diaco-

1206 945 1266 969 nus
1286 945 1324 969 ac
1346 934 1489 980 Legatus
1509 944 1525 970 τ’
1545 940 1696 982 ‚Quoniam
1710 938 1905 983 sant‘ltffimus
1927 935 2095 986 Episcopus

1204 988 1349 1019 Romanae
1366 986 1501 1029 Ecclefiae
1513 1011 1524 1028 ,
1549 989 1666 1022 aledis
1673 989 1731 1032 fibi
1740 990 1802 1031 istis
1814 998 2013 1032 monimentis,
2026 1003 2097 1035 quo-

1204 1046 1271 1069 rum
1292 1046 1367 1069 nunc
1389 1042 1526 1079 quaert'tis
1536 1038 1685 1074 lechonem
1697 1065 1708 1081 ,
1734 1040 1896 1085 transmiſsi
1908 1042 2073 1085 Epistolam
2084 1065 2096 1082 ,

1203 1097 1293 1128 quam
1312 1084 1448 1133 scripsi),
1475 1099 1541 1122 cam
1561 1090 1619 1134 legi
1621 1090 1743 1131 jubete.
1770 1091 1854 1126 Haec
1868 1103 2008 1136 namque
2019 1090 2097 1135 Epi-

1207 1135 1287 1170 stola
1299 1136 1495 1181 Eutychetis
1505 1137 1756 1175 damnationem
1768 1165 1780 1182 ,
1805 1142 1840 1178 ἀ
1852 1141 1949 1177 issam
1960 1151 2095 1177 omnem

1205 1186 1379 1229 Synodum
1392 1188 1584 1231 amplissime
1594 1190 1812 1226 confirmabat
1821 1217 1828 1225 .
2090 1202 2094 1207 ’

1255 1236 1357 1271 Haesit
1379 1235 1419 1273 ad
1440 1238 1507 1273 haec
1520 1241 1607 1282 quasi
1632 1241 1717 1275 inter
1729 1241 1929 1277 incudem&
1942 1241 2097 1277 malleum

1209 1285 1389 1323 Dioscorus
1401 1313 1410 1328 ,
1438 1288 1668 1331 Apostolicam
1680 1315 1691 1331 ,
1716 1303 1786 1335 quae
1806 1292 2010 1338 dogmaticas
2028 1293 2098 1328 Ro-

1207 1337 1295 1371 mani
1320 1337 1475 1382 Episcopi
1490 1338 1613 1373 litteras
1623 1341 1686 1375 esse
1694 1340 1785 1383 jubet
1796 1342 1957 1386 generalis
1967 1340 2096 1385 synodi

1207 1386 1305 1420 salem
1326 1387 1359 1423 &
1386 1387 1498 1422 lumen
1511 1413 1522 1428 ‚
1548 1389 1693 1435 regulam
1716 1402 1785 1425 non
1797 1393 1891 1426 ausus
1903 1393 2008 1436 palam
2021 1403 2098 1436 ρπ-

1206 1437 1358 1470 vaticari.
1386 1436 1482 1471 Hinc
1505 1439 1788 1483 igitur-impudens
1800 1441 2015 1477 Haerefiarcha
2029 1441 2098 1476 Eu-

1206 1483 1321 1528 tyches
1344 1487 1389 1520 est
1414 1489 1544 1522 locutus
1562 1503 1572 1524 :
1603 1491 1983 1536 DireHirelsgiffffimiviri
1996 1490 2095 1535 tisan-

1204 1535 1317 1577 c‘liffimo
1327 1539 1422 1571 Leone
1433 1562 1442 1578 ,
1472 1537 1714 1583 Archi-Episcopo
1724 1545 1870 1577 Romanae
1881 1540 2013 1583 Ecclefiae
2025 1565 2036 1581 ‚
2061 1545 2095 1575 ia

1199 1584 1340 1629 fandum
1361 1587 1488 1628 vestram
1507 1590 1650 1626 synodum
1661 1611 1672 1628 ‚
1691 1589 1822 1634 suspec‘li
1832 1592 1991 1632 mihifaffl
2001 1590 2094 1635 fianta

1205 1634 1380 1679 Manscrunt
1401 1642 1481 1671 enim
1491 1640 1579 1680 apud
1587 1638 1815 1684 religiofiffimum
1827 1641 2009 1685 Episcopum
2022 1642 2098 1674 Flaae·

1203 1691 1330 1720 vianum
1353 1711 1364 1727 ‚
1390 1688 1426 1721 o·
1440 1686 1549 1730 pranfi
1559 1687 1635 1732 sunt
1656 1692 1742 1733 apud
1758 1702 1823 1724 eum
1843 1717 1855 1733 ,
1891 1694 1926 1727 (tr
1945 1696 2094 1725 munerati

1198 1734 1274 1779 suni
1287 1761 1297 1777 ‚
1325 1739 1359 1771 eb·
1380 1748 1464 1771 omne
1483 1737 1651 1782 obsequium
1673 1747 1715 1780 eis
1723 1742 1858 1783 praebuit
1870 1767 1877 1773 .
1906 1741 2020 1782 Postulo
2028 1750 2095 1785 ergo

1201 1786 1396 1822 sancitatem
1417 1788 1569 1829 vestram,
1588 1788 1621 1831 fi
1643 1792 1719 1831 quid
1735 1792 1775 1824 ab
1796 1798 1841 1824 eis
1862 1791 2095 1833 iniustbfadlum

1194 1836 1295 1878 fuerit
1303 1847 1405 1870 contra
1415 1849 1461 1870 me
1470 1861 1482 1877 ‚
1508 1839 1544 1870 id
1550 1841 1757 1880 praejudicium
1769 1840 1843 1873 mihi·
1853 1851 1913 1874 non
1921 1852 2072 1885 generare
2081 1865 2091 1874 .

1204 1887 1246 1921 Et
1267 1886 1332 1921 haec
1350 1886 1397 1921 est
1410 1887 1509 1921 altera
1519 1889 1614 1923 causa
1628 1913 1640 1929 ,
1664 1901 1707 1924 ex
1718 1902 1780 1934 qua
1793 1890 1976 1924 Dioscorus
1987 1891 2094 1935 Lnga-⁶

1201 1947 1251 1971 tos
1262 1936 1476 1981 Apostolicos
1489 1949 1559 1973 non
1570 1940 1718 1982 permisit
1729 1940 1892 1984 praefidere
1902 1966 1910 1973 .
1938 1941 1991 1974 Ex
2004 1951 2097 1974 com·

1200 1987 1303 2031 posito
1325 1986 1506 2031 agebantur
1526 1989 1642 2023 omnia
1655 2013 1666 2029 ,
1693 1989 1835 2033 ideoque
1852 1989 2033 2024 Dioscorus
2045 1990 2093 2024 est

1201 2035 1325 2071 rursum
1338 2037 1556 2072 interlocutus
1571 2050 1578 2071 ε
1604 2038 1789 2082 Consequens
1801 2041 1837 2074 Θ
1847 2041 2025 2073 rationabile
2034 2039 2095 2081 ests

1196 2087 1342 2129 primitias
1365 2098 1433 2130 quae
1456 2093 1488 2119 in
1510 2087 1562 2120 hoc
1584 2094 1694 2132 negotio
1703 2088 1854 2134 allassmt
1864 2090 1976 2133 relegi,
2000 2091 2096 2124 &ita

1200 2135 1366 2178 Epistulam
1373 2136 1540 2181 sandliffimi'
1551 2137 1693 2182 Epist-op}
1706 2143 1848 2172 Romani.
1862 2141 1966 2179 Unde,
1990 2138 2095 2182 secun·

1199 2187 1271 2220 dum
1290 2189 1371 2228 quod
1387 2187 1506 2230 placuit
1522 2186 1627 2231 sanilo
1645 2192 1796 2230 Concilio,
1823 2189 1899 2224 Abia
1913 2197 2095 2231 percurrens*

1200 2246 1249 2269 tur
1261 2262 1268 2269 .
1296 2238 1346 2272 Ea
1358 2236 1439 2282 legit
1453 2237 1596 2280 Ioannes
1606 2238 1814 2274 Alexandriae
1832 2238 2004 2283 Presbyter
2014 2264 2025 2280 ,
2050 2250 2095 2276 ac

1202 2287 1410 2321 Primicerius
1421 2287 1639 2322 Notariorum
1650 2314 1657 2321 .
2087 2305 2090 2308 ⁴
2152 2310 2155 2313 ›

1251 2336 1463 2372 Accusator-is
1483 2337 1615 2372 Eusebii
1643 2339 1761 2373 Sancto
1782 2339 1945 2374 Flaviano
1965 2351 2003 2373 ac
2023 2338 2095 2380 ejus

1201 2386 1339 2430 Synodo
1366 2386 1534 2421 exhibitus
1571 2388 1686 2422 contra
1713 2388 1935 2430 Eutychetem
1963 2389 2094 2423 libellus

1203 2436 1372 2480 profitetur
1384 2437 1561 2473 Nicaenum
1575 2438 1773 2480 Symbolum
1785 2449 1900 2481 ‚prout
1913 2439 2089 2473 confirma-

1202 2496 1273 2522 tum
1283 2487 1302 2521 a
1315 2487 1431 2521 Saneco
1442 2486 1573 2533 Cyrillo
1583 2488 1617 2521 ἀ
1627 2488 1765 2530 Synodo
1784 2488 1946 2532 Ephefina
1959 2513 1966 2521 .
1992 2489 2094 2523 Istam

1205 2535 1400 2580 Eutychetis
1421 2536 1570 2580 phrasin,
1596 2549 1639 2572 ne
1660 2548 1829 2582 tamquam
1852 2538 1978 2573 laudati
2000 2540 2098 2582 Sym·

1203 2585 1271 2619 boli
1289 2585 1442 2621 alterator
1462 2587 1504 2621 ab
1524 2587 1587 2621 illo
1609 2588 1829 2622 traduceretur
1841 2611 1851 2627 ‚
1877 2588 1973 2622 duxit
1998 2588 2096 2622 Euse-

1203 2636 1276 2670 bius
1294 2635 1514 2672 inserendam.
1543 2637 1588 2671 Et
1600 2637 1641 2672 ad
1654 2649 1726 2672 eam
1737 2638 1795 2672 sibi
1808 2639 1923 2672 lectam
1935 2639 2097 2673 exclama⁴

1204 2688 1251 2720 vit
1263 2687 1385 2721 seducta
1398 2685 1466 2720 haec
1478 2686 1632 2730 synodus
1644 2703 1655 2722 .-
1683 2691 1702 2722 5
1703 2697 1803 2731 emper
1813 2696 1954 2723 memoria
1965 2689 2071 2728 Cyrilli
2085 2713 2094 2723 .

1205 2739 1309 2775 cyrillo
1329 2747 1443 2771 aeterna
1466 2742 1622 2772 memoria.
1648 2741 1679 2771 δι’
1689 2744 1755 2782 quis
1768 2739 1938 2780 recraaat,
1963 2738 2091 2773 anathe-

1205 2799 1255 2819 ma
1277 2786 1337 2829 fit.
1367 2790 1398 2821 51
1419 2794 1486 2829 quis
1507 2787 1719 2831 istainquirn‘,
1745 2788 1910 2822 anathema
1914 2789 1973 2831 fit.
2003 2788 2096 2822 Male-

1206 2837 1301 2870 dieius
1318 2843 1369 2880 qui
1380 2839 1489 2878 addit,
1513 2839 1688 2873 maledidlus
1712 2845 1763 2882 qui
1774 2838 1874 2881 auson
1885 2861 1896 2878 ,
1919 2839 2095 2873 malediffus

1207 2893 1256 2930 qui
1265 2893 1409 2922 innovat.
1438 2889 1645 2923 Exclamavit
1656 2901 1715 2932 pro
1735 2888 1903 2933 Ephesino
1926 2889 2096 2924 adversum

1208 2938 1359 2981 Symboli
1373 2938 1597 2974 additamenta
1610 2939 1751 2974 Canone
1763 2964 1773 2980 ‚
1793 2938 1835 2973 ab
1847 2939 1906 2974 illo
1917 2939 1996 2974 dicit
2007 2937 2097 2975 dam·

1210 2991 1278 3023 nari
1301 2989 1523 3025 additamenta
1546 2989 1938 3033 Constaminopofimm,
1966 2988 2094 3024 Nicaeni

1209 3038 1358 3083 symboli
1380 3038 1505 3075 sensum
1529 3050 1597 3073 non
1621 3041 1709 3084 posse
1719 3040 1845 3084 inquiri
1855 3041 2032 3080 curiosius,
2061 3038 2097 3070 si·

1211 3088 1360 3125 stendum
1383 3089 1418 3124 in
1438 3089 1600 3133 Capitulis
1618 3090 1726 3125 Sancti
1739 3088 1880 3133 Cydni,
1907 3091 1940 3124 &
1954 3089 2017 3123 haec
2027 3097 2095 3121 om·

1214 3141 1266 3174 nia
1277 3140 1318 3174 ab
1330 3140 1400 3183 ipso
1410 3139 1511 3174 etiam
1522 3140 1707 3175 accusatore
1719 3140 1862 3174 Eusebio
1887 3137 2072 3174 confirmari
2085 3160 2092 3166 -

1212 3192 1262 3227 Ita
1283 3192 1318 3224 in
1339 3191 1492 3224 Sanctum
1514 3189 1728 3231 Flavianum,
1755 3190 1841 3233 quali
1860 3191 1917 3232 qui
1929 3189 1971 3224 ab
1989 3187 2095 3228 Euty-

1214 3241 1306 3275 chere
1314 3241 1468 3285 exegisset
1480 3240 1703 3274 additamenta
1718 3264 1728 3280 ,
1749 3235 2096 3274 Dioscoruslethalem

1216 3292 1314 3325 idium
1336 3289 1466 3335 parabat
1488 3314 1496 3323 .
1536 3290 1584 3325 At
1605 3291 1777 3324 interceffit
1798 3290 1942 3332 Julianus
1960 3286 2096 3321 Coensis

1216 3342 1394 3386 Episcopus
1407 3365 1416 3379 ,
1445 3340 1615 3375 Romanus
1637 3341 1777 3384 Legatus
1796 3351 1803 3369 :
1832 3337 1986 3379 apostolica
2004 3338 2095 3371 Sedes

1209 3390 1247 3432 fic
1251 3390 1354 3436 sapit.
1380 3391 1492 3440 Qam
1513 3391 1772 3428 intercessionem
1795 3387 1943 3433 probavit
1955 3387 2097 3472 pslimo·

1994 3448 2048 3472 um
