2340 3736
466 177 573 224 De

232 272 286 301 rur
306 261 463 303 alloquitur
478 258 624 302 primitas
636 282 646 298 ‚
670 258 707 292 &¹
710 255 751 298 fic
771 258 844 290 dat.
871 252 1020 290 Eandem
1041 264 1105 287 con

21 289 27 292 -
55 305 115 333 Lz.
136 303 212 337 0²53
231 311 432 349 suetudinem
443 309 514 344 aliis
531 310 565 343 «Sc
576 308 646 342 aliis
657 307 770 342 diebus
786 306 879 340 fuiffe
899 305 982 340 olim
994 304 1028 337 in
1040 303 1108 337 Ro-

55 344 114 378 L4.
136 344 210 378 063·

57 529 121 561 Ast.
145 532 171 566 52

51 721 82 749 1..
91 730 112 751 ι,
123 717 206 757 Epist.

52 800 87 827 Α.
105 807 186 829 1201.

107 847 152 865 21·

50 877 86 906 C.
110 880 152 911 56.

46 2466 119 2503 Cap.
137 2476 186 2503 39.

39 3181 171 3221 Epist.6o.

228 372 324 399 mana
346 361 486 400 Ecclesia
518 358 678 394 testantur
710 358 854 401 Joannes
876 356 1046 390 Diaconus
1070 353 1104 385 in

228 411 297 445 vita
320 410 473 456 Gregorii
499 408 619 453 Magni
640 433 650 449 ,
676 408 711 442 δε
733 406 829 445 variis
853 405 889 438 in
912 403 994 437 locis
1026 401 1107 436 liber

227 460 435 495 pontificalis
455 485 467 500 ,
507 459 541 499 in
564 454 931 499 Constantinopolitana
957 452 1107 486 Codinus

229 511 466 553 europalates,
493 509 527 542 in
550 507 742 552 Apameensi
766 502 910 545 secundae
921 502 1022 546 Syriae
1033 503 1106 558 Me-

229 560 427 604 tropolitana
447 559 570 594 Clerici
592 555 733 601 ejusdem
754 553 904 588 Ecclefiae
925 553 962 586 in
986 551 1106 587 libelhs

228 611 379 645 adversus
389 611 523 644 Petrum
536 607 734 650 Episcopum
753 604 845 647 suum
857 603 942 637 datis
953 602 1104 647 Agapeto

228 661 320 703 Papae
344 662 376 695 &
389 659 526 703 Synodo
538 654 912 698 constantinopolitane
931 652 989 686 sub
1010 652 1105 686 Men-

227 721 268 743 na
283 708 466 752 patriarcha
479 731 490 748 ‚
516 706 550 740 in
562 705 756 748 Messanensi
768 704 947 749 Gregorius
960 703 1104 747 Magnus

228 761 262 794 in
278 761 393 794 litteris
413 757 454 793 ad
467 756 611 791 Felicem
623 755 823 799 Episcopum
834 778 845 794 ,
872 755 905 798 ὃς
917 753 950 786 in
964 753 1104 786 Cantua-

227 810 321 844 riensi
342 806 517 843 Matthaeus
536 805 627 839 Paris
654 830 661 837 .
688 804 797 838 Xenia
819 801 874 838 illa
900 804 918 838 a
942 803 1103 837 Romanis

228 860 313 894 dista
333 858 426 892 fuisse
452 855 666 894 Presbyterium
687 854 831 889 scribunt
853 854 889 887 in
911 853 978 886 vita
998 852 1105 886 Ludo-

228 909 293 951 vici
324 907 430 949 Groffi
453 907 655 950 Francorum
689 904 790 953 Regis
817 903 967 952 Sugerius
998 903 1103 946 Sansti

229 957 381 1000 Dionyffi
405 955 518 991 Abbas
539 980 550 995 ‚
586 956 619 990 &
646 952 799 990 Thomas
826 953 922 988 Stubs
953 952 987 986 in
1007 952 1104 997 gestis

227 1008 431 1044 Pontificum
443 1006 695 1041 Eboracenfium
708 1030 715 1037 .

277 1056 316 1090 In
349 1056 410 1091 hac
442 1057 634 1100 erogatione
664 1055 870 1099 accusabatur
894 1051 969 1093 ibas
993 1064 1101 1087 coram

227 1108 320 1140 omni
335 1108 433 1142 Clero
454 1108 488 1140 in
499 1105 665 1140 Christum
681 1105 791 1139 Deum
802 1104 950 1140 nostrum
960 1102 1102 1146 blasphe-

227 1157 326 1195 masse
337 1181 349 1198 ‚
373 1155 512 1201 ideoque
533 1156 577 1190 rei
589 1156 702 1190 veritas
717 1167 787 1190 non
809 1153 929 1188 latebat
945 1154 979 1190 in
990 1153 1102 1188 obscu-

362 1639 523 1689 Ivitate
557 1637 808 1688 conferente
841 1635 898 1686 ad
933 1635 1276 1704 redemptionem
1312 1638 1585 1704 captivorum
1622 1636 1755 1704 usque
1796 1637 1853 1686 ad
1888 1639 2046 1697 mille]

230 1634 360 1775 C
395 1713 440 1757 &
470 1711 740 1776 ,quingentos
777 1705 964 1767 solidos,
1001 1711 1044 1757 &
1079 1706 1228 1774 positis
1263 1707 1377 1775 apud
1412 1707 1631 1758 custodem
1667 1707 1881 1766 sacrorum
1915 1713 2044 1762 mini-

645 176 1236 221 Larnocrnro
1306 169 1789 218 EPstI-N‘o'.

1165 264 1221 287 ro.
1249 250 1417 286 Adversus
1440 252 1553 293 illum,
1579 256 1627 289 uti
1649 255 1685 289 in
1706 254 1844 298 synodo
1856 255 2041 292 Chalcedo-

1167 303 1254 337 nensi
1276 301 1362 337 dixit
1382 314 1467 336 unus
1487 301 1632 345 judicum
1650 304 1842 340 Eusiathius
1862 307 2041 349 Berytenfis

1167 352 1368 396 Episcopus,
1394 350 1539 397 producti
1549 353 1636 386 fuere
1660 366 1743 396 tres,
1769 357 1804 390 Θ
1817 352 1872 399 sex
1885 381 1895 396 ‚
1921 358 1955 390 <5
1970 359 2040 390 duo-

1165 405 1258 437 decim
1280 403 1364 443 testes
1383 425 1393 441 ,
1421 404 1530 437 omnis
1563 412 1672 436 autem
1696 406 1838 449 reliquus
1870 405 1987 440 Clerus
2006 408 2040 440 ὃς

1166 452 1304 497 populus
1323 451 1477 488 exhibitis
1498 452 1618 486 libellis
1649 455 1853 489 attestabatur
1878 455 1971 490 illum
1994 456 2041 490 in,

1166 512 1363 547 nocentem,
1388 503 1422 537 δε
1444 503 1510 546 ipse
1532 502 1604 536 lbas
1613 502 1718 536 dixit.
1746 507 1845 538 Decies
1868 507 1974 540 millies
1989 518 2039 550 ego

1160 551 1255 596 secari
1261 558 1387 594 patiar,
1414 565 1506 595 quam
1516 554 1610 586 dicere
1631 552 1682 586 hoc
1701 553 1844 587 verbum.
1874 556 1950 598 Absit
1962 558 2039 589 aime

1165 602 1215 635 boc
1228 604 1280 636 vel
1297 609 1438 647 cogitare.
1467 607 1533 647 Ego
1554 614 1604 637 nec
1628 604 1715 643 dixi,
1741 603 1774 636 (⁶5
1790 604 2037 646 anathematizo,

1165 659 1216 694 qui
1228 654 1328 687 dixit.
1358 656 1424 696 Ego
1445 659 1523 687 enim
1544 654 1624 686 necti
1638 654 1767 686 doemone
1783 655 1891 686 audivi
1914 654 1963 688 boc
1974 667 2040 689 ver-

1165 703 1233 735 bum
1252 727 1258 734 .
1288 703 1454 749 roirca
1477 702 1672 737 orthodoxae
1691 703 1768 737 fidei
1788 704 1821 736 δε
1844 704 1930 746 pacis
1957 705 2039 739 inter

1166 753 1319 786 Sanekum
1331 751 1496 795 Cyrillum
1518 754 1553 787 ὃς
1564 754 1724 796 Joannem
1734 751 1955 787 Patriarcham
1971 753 2040 788 An-

1165 801 1358 836 tiochenum
1371 802 1462 836 initae
1473 803 1699 846 profeffionem
1713 804 1790 838 fecit
1811 802 1905 843 lbas,
1930 803 2040 846 estque

1165 853 1262 886 etiam
1274 851 1472 887 abinimicis
1490 852 1653 896 judicibus
1663 853 1828 887 absolutus
1841 879 1851 894 ,
1878 866 1915 887 ac
1933 854 2043 887 remis·

1164 903 1215 936 sus
1235 902 1269 936 in
1290 902 1398 937 sedem
1422 927 1429 934 .
1455 902 1582 940 Verum
1606 915 1674 938 non
1703 903 1828 938 cessasse
1861 905 2041 939 calumnias

1165 952 1286 987 docent
1298 952 1381 986 Asta
1393 952 1556 987 latrocinii
1569 952 1720 997 Ephesini
1735 979 1741 985 .

1214 1004 1357 1037 Fuerunt
1369 1002 1432 1036 lbae
1453 1003 1579 1047 objecta
1600 1004 1634 1037 ὅς
1646 1004 1708 1037 alia
1723 1004 1937 1039 accusationis
1960 1004 2045 1047 capi-

1166 1061 1221 1093 ta,
1249 1054 1415 1096 antiquam
1437 1053 1584 1091 Ecclesiae
1602 1053 1808 1097 disciplinam
1836 1055 2045 1089 manifestam

1165 1103 1211 1136 tia
1223 1126 1234 1142 ‚
1260 1101 1399 1148 ideoque
1417 1115 1458 1136 ex
1472 1102 1748 1143 Chalcedonensis
1771 1105 2043 1147 synodi-decima

1167 1152 1308 1186 Afflone
1320 1150 1374 1185 hic
1384 1151 1576 1195 adponenda
1595 1154 1630 1188 δε
1641 1154 1836 1190 elucidanda
1848 1179 1857 1192 2

359 1417 1211 1513 CAPITULUM
1290 1419 1911 1505 PRIMUM.

221 1776 445 1825 steriorum
479 1777 615 1844 usque
659 1775 716 1825 ad
751 1774 820 1826 sex
855 1777 994 1826 millia
1041 1775 1278 1827 solidorum
1302 1814 1316 1838 ,
1363 1782 1407 1829 &
1443 1778 1578 1845 paulo
1611 1778 1799 1846 amplius
1825 1815 1839 1839 ‚
1887 1796 2041 1847 praeter

222 1845 443 1908 redditus,
480 1865 592 1915 quos
627 1845 802 1914 suscipit
836 1846 963 1915 ipfius
999 1845 1152 1908 frater,
1187 1847 1348 1899 habens
1385 1851 1431 1897 in
1468 1848 1579 1906 vasis
1616 1851 1784 1912 argenti
1830 1848 1937 1899 sacri
1974 1850 2042 1900 us-

221 1935 309 1983 que
342 1916 400 1968 ad
433 1917 567 1967 libras
599 1915 828 1979 ducentas,
865 1934 919 1967 ea
952 1916 1153 1969 vendidit
1187 1936 1266 1985 pro
1300 1917 1422 1967 mille
1456 1917 1601 1968 solidis
1624 1918 1761 1968 solum
1797 1919 1935 1990 (ficut
1961 1938 2040 1971 nos

223 1988 535 2055 cognovimu3‚
567 2005 659 2051 non
694 1986 880 2057 direxit)¹
915 1989 964 2049 in
997 1987 1270 2059 semetipsum
1304 1990 1474 2060 reliqua
1507 1988 1761 2045 conferens.

442 2150 845 2200 SCHOLION
864 2185 877 2199 .

295 2293 349 2328 Ro
370 2294 508 2338 captivis
517 2294 709 2338 adjuvandis
720 2296 903 2332 Collestam
925 2296 1027 2333 indici
1041 2309 1096 2343 per

218 2394 266 2427 vis
284 2394 367 2429 olim
380 2395 520 2430 Ecclesia
543 2396 605 2430 fuit
624 2407 704 2430 arcae
719 2408 824 2440 genus
837 2422 848 2437 ,
873 2397 914 2432 de
936 2409 1002 2440 quo
1014 2399 1095 2432 Ter-

217 2443 375 2478 tullianus
396 2445 432 2478 in
453 2444 538 2479 libro
558 2445 781 2491 Apologetico
806 2472 812 2479 .
840 2449 988 2481 Modicam
1007 2447 1094 2491 unus-

216 2491 336 2536 quisque
339 2494 449 2536 stipem
456 2494 599 2535 menstrua
610 2497 660 2529 die
672 2520 683 2536 ,
709 2499 762 2530 vel
768 2497 832 2529 cum
853 2499 929 2531 velit
944 2523 954 2538 ,
974 2497 1093 2539 simodo

216 2544 309 2583 velit,
334 2543 489 2584 &fimodei
507 2546 586 2586 poffit
607 2570 618 2585 ,
645 2552 785 2587 apponit:
815 2551 901 2580 Nam
923 2560 1004 2581 nemo
1023 2560 1092 2581 com-

210 2594 334 2634 pellitur
356 2619 367 2634 ‚
389 2593 446 2637 sed
461 2592 566 2637 sponte
594 2596 706 2637 confert
730 2622 736 2629 .
776 2601 846 2630 Ηώς
867 2596 951 2639 quafi
966 2598 1092 2640 depofita

210 2640 284 2684 sunt·
290 2649 417 2685 pietatis
429 2668 436 2675 .
462 2647 549 2677 Nam
560 2647 631 2678 ind?
642 2657 698 2678 non
710 2648 806 2688 epulis
815 2671 828 2686 ,,
853 2659 904 2680 nec
920 2650 1065 2689 potaculis
1078 2673 1089 2689 ,

215 2703 266 2724 nec
290 2697 420 2735 ingratis
446 2700 610 2727 voratrinis
635 2694 825 2739 dispensatur
850 2720 861 2736 ,
890 2695 949 2740 sed
981 2704 1080 2741 egenis

213 2742 332 2773 alendis
345 2766 355 2782 ‚
381 2741 598 2787 humandisque
610 2769 620 2784 ,
647 2747 788 2787 &pueris
810 2756 846 2779 ac
863 2748 971 2788 puellis
994 2760 1027 2781 re
1046 2759 1082 2781 ac

207 2791 387 2832 parentibus
397 2792 544 2832 destituti:
555 2818 566 2834 ‚
592 2804 748 2838 tamquam
769 2796 931 2837 domesticis
937 2796 1059 2840 senibus
1076 2823 1086 2839 ‚

211 2846 281 2874 item
301 2841 480 2886 naufragis,
506 2843 573 2885 &st
590 2850 685 2887 quiin
706 2847 857 2888 metallis,
884 2849 920 2881 (αἱ
935 2846 966 2889 fi
983 2854 1035 2889 qui
1053 2853 1085 2880 in

211 2889 317 2932 insulis
329 2916 339 2932 ,
365 2894 418 2924 vel
435 2898 466 2924 in
485 2893 620 2934 custodiis
636 2919 648 2936 ‚
675 2896 837 2930 dumtaxat
860 2908 897 2930 ex
916 2896 1004 2940 causa
1028 2891 1095 2932 Deiv

207 2940 318 2983 sellae,
344 2943 458 2974 alumni
468 2943 641 2984 confeffionis
648 2943 714 2988 ficae
719 2944 809 2988 sunt.
836 2947 1083 2995 Qamlargam

209 2989 408 3025 redimendis
427 2992 592 3027 Numidiae
612 2995 745 3038 captivis
769 2995 949 3030 collectam
971 2998 1084 3032 fecerit

208 3038 243 3072 in
267 3040 383 3075 mediis
396 3042 580 3077 Gentilium
591 3046 704 3079 omnia
724 3045 833 3079 nostra
856 3047 890 3080 in
903 3047 1016 3081 fiscum
1037 3059 1084 3082 ra-

207 3090 369 3131 pientium
383 3092 656 3134 persecutionibus
677 3095 818 3130 Ecclesia
840 3095 1080 3141 Carthaginen-

207 3138 269 3179 fis,
296 3140 406 3174 audire
418 3140 650 3178 libetaSantto
662 3144 833 3189 Cypriane
854 3146 888 3179 in
909 3146 1023 3183 litteris
1032 3147 1074 3182 ad

206 3189 397 3232 Ianuarium
419 3190 562 3233 ejusdem
580 3192 759 3229 Provincias
781 3195 960 3231 Primatem
982 3223 992 3231 .
1017 3201 1075 3230 Mi-

199 3236 291 3278 fimus
302 3238 468 3278 sestertium
489 3250 606 3274 centum
625 3245 720 3278 millia
728 3257 902 3288 nummum,
927 3259 995 3289 quae
1016 3247 1077 3286 istic

205 3294 238 3320 in
253 3288 402 3330 Ecclesia,
429 3296 475 3323 cui
496 3293 534 3324 de
545 3295 663 3325 Domini
686 3296 872 3338 indulgentia
888 3295 1077 3339 praesumus‚

204 3339 286 3371 Cleri
302 3340 338 3372 Θ
341 3339 440 3381 plebis
457 3342 540 3383 apud
564 3353 615 3374 nos
637 3342 805 3384 confistemis
832 3347 982 3380 collatione
999 3349 1077 3380 colle-

204 3386 252 3435 ἃς
261 3386 352 3430 funt:
379 3391 460 3432 ,ραι
478 3401 533 3423 vos
542 3391 602 3424 illic
615 3400 672 3433 pro
684 3392 781 3433 vestra
792 3396 945 3438 diligentia
961 3396 1079 3440 dispen-

201 3434 309 3477 sabitis
333 3461 340 3469 .
367 3442 412 3471 Et
431 3447 567 3481 optamus
590 3443 710 3483 quidem
733 3442 813 3476 nibil
835 3447 895 3478 tale
919 3447 955 3478 de
975 3454 1078 3480 eaetero

203 3484 290 3528 fieri,
314 3489 349 3521 ἐν
363 3487 483 3528 fratres
505 3490 611 3531 nostros
623 3495 742 3525 Domini
764 3493 916 3537 majestate
933 3496 1077 3539 protestor

303 3535 411 3577 christ.
428 3541 508 3582 ani
518 3545 610 3585 Oper.
627 3545 749 3578 Tomis.

1098 3541 1144 3624 ll

1166 2151 1203 2184 ab
1215 2150 1359 2196 ejusmodi
1371 2153 1513 2194 periculis·
1526 2153 1676 2185 incolumes
1698 2150 1846 2195 reservari
1862 2165 1869 2185 2
1895 2154 1927 2185 51·
1936 2161 2041 2186 tamen

1165 2203 1208 2234 ad
1224 2203 1439 2244 explorandam
1460 2208 1554 2235 animi
1578 2201 1664 2242 nostri
1682 2201 1879 2242 charitatem,
1906 2204 1940 2236 &
1965 2214 2044 2236 exa-r

1165 2253 1341 2284 mInandam
1361 2251 1446 2292 nostri
1463 2252 1589 2293 pec‘loris
1605 2252 1698 2293 fidem
1720 2253 1781 2285 tale
1791 2253 1910 2294 aliquid
1927 2254 2036 2285 accide-

1164 2306 1224 2340 rit,
1254 2301 1343 2334 nolite
1361 2302 1492 2334 cunam
1515 2308 1655 2334 nunciare
1666 2300 1728 2334 haec
1751 2302 1833 2335 nobis
1859 2303 1970 2335 litterir
1994 2314 2043 2335 ve«

316 2345 517 2389 Episcopum
528 2346 574 2380 est
593 2346 726 2380 traditio
738 2346 943 2390 Apostolica.
971 2348 1009 2382 In
1023 2359 1096 2391 qua·
1154 2350 1229 2390 stris
1241 2375 1252 2390 ‚
1275 2359 1330 2393 pro
1339 2361 1416 2384 certo
1424 2351 1567 2384 habentes
1591 2349 1747 2392 Ecclefiam
1766 2351 1893 2392 nostram
1916 2354 1950 2387 (θ’
1963 2356 2043 2384 Fra-

1161 2406 1334 2434 tet-nitatem
1360 2400 1536 2444 universam
1558 2425 1568 2441 ,
1596 2413 1632 2434 ne
1652 2401 1715 2435 haec
1737 2403 1818 2435 ultrei
1834 2402 1916 2443 fiant
1939 2427 1949 2443 ,
1976 2414 2041 2435 exos

1163 2462 1230 2483 rare
1242 2462 1256 2492 ;
1278 2449 1407 2492 fifat‘la
1422 2451 1544 2493 fuerint
1564 2475 1576 2491 ‚
1601 2452 1726 2485 libenter
1751 2453 1785 2485 &¹
1807 2453 1934 2496 largiter
1949 2450 2041 2494 subfi-

1159 2502 1213 2532 dia
1229 2500 1390 2543 praeflare.
1419 2500 1516 2534 Adeo
1539 2502 1572 2534 in
1586 2503 1676 2535 casus
1697 2503 1824 2535 futuros
1848 2514 1916 2536 non
1941 2503 1972 2535 se
1987 2514 2039 2535 ex-

1157 2551 1266 2584 cusat.
1295 2550 1405 2585 Etiam
1426 2551 1575 2585 Gentiles
1594 2552 1627 2584 &
1641 2551 1750 2585 hostes
1763 2552 1872 2586 Persas
1893 2564 1934 2586 ex
1956 2552 2038 2595 justa

1158 2599 1385 2635 Romanorum
1409 2601 1599 2645 captivitate
1619 2601 1754 2635 redemit
1778 2601 1920 2635 Aeacius
1943 2602 2039 2635 Ami-

1157 2649 1261 2684 denus
1283 2651 1316 2684 in
1342 2651 1580 2695 Mesopotamia
1614 2649 1914 2695 Archi—Episcopus
1937 2676 1948 2691 ‚
1985 2651 2038 2685 ad-

1113 2710 1128 2721 ‘
1158 2699 1271 2743 ditque
1291 2702 1438 2735 Socrates
1457 2727 1468 2743 ,
1495 2701 1648 2744 pietatem
1671 2702 1758 2746 Regi
1780 2702 1925 2744 ipsorum
1950 2700 2035 2735 adeo

1155 2750 1310 2793 placuisse
1328 2775 1339 2791 ,
1366 2759 1402 2784 ut
1421 2751 1440 2785 a
1462 2750 1657 2786 Theodosio
1680 2751 1833 2796 Augusto
1866 2751 2035 2794 postularit

1155 2799 1213 2833 fibi
1235 2801 1408 2835 transmitti
1432 2800 1594 2835 Acacium
1616 2801 1795 2835 videndum
1819 2802 1853 2835 ὅτ.
1871 2799 2034 2836 honoran-

1152 2848 1248 2883 dum.
1277 2849 1453 2886 Clodoveo
1466 2852 1664 2886 Francorum
1684 2852 1791 2896 Regi,
1818 2860 1855 2885 ut
1876 2850 2033 2886 redimen-

1151 2899 1202 2934 dis
1224 2901 1363 2944 captivis
1392 2903 1492 2935 etiam
1515 2912 1662 2945 paternas
1688 2913 1767 2945 opes
1801 2901 2033 2945 profunderet,

1152 2950 1246 2984 suasit:
1266 2951 1400 2985 San-stus
1421 2952 1594 2997 Remigius
1608 2977 1615 2984 .
1644 2953 1687 2985 Et
1708 2952 1749 2985 de
1771 2951 1947 2986 Lud<3vico
1968 2952 2032 2986 Pio

1151 2999 1305 3044 Augusto
1324 3002 1433 3036 scribit
1454 3002 1490 3036 in
1505 3003 1570 3035 vita
1586 3002 1697 3036 Caroli
1709 3002 1830 3047 Magni
1842 3001 2033 3036 Monachus

1149 3049 1255 3084 San-sti
1268 3051 1383 3092 Galli,
1410 3051 1501 3095 quod
1525 3050 1676 3087 fidelibus
1686 3053 1772 3096 apud
1796 3052 1971 3087 Saracenos
1981 3064 2034 3086 ca-

1149 3100 1248 3143 ptivis
1268 3101 1393 3135 dederit
1425 3102 1461 3135 in
1486 3101 1630 3146 singulos
1663 3113 1718 3147 per
1740 3113 1876 3137 omnem
1898 3103 2032 3136 Germa-

1149 3151 1238 3183 niam
1252 3149 1349 3184 boves
1369 3151 1544 3185 &mansos
1564 3163 1668 3186 unum
1687 3152 1844 3187 denarum
1865 3152 2007 3185 fiscalem
2021 3177 2028 3184 .

1195 3200 1406 3244 Frigescente*
1430 3199 1588 3236 charitate
1621 3202 1723 3245 pietas
1745 3203 1787 3237 ad
1823 3203 1910 3236 solos
1929 3201 2035 3245 ferme

1146 3249 1292 3284 Clericos
1325 3250 1360 3283 &
1383 3249 1572 3285 Monachos
1601 3252 1726 3286 transiit
1747 3277 1758 3293 ‚
1784 3251 2031 3295 plurimumque

1144 3299 1185 3333 ab
1219 3298 1273 3332 illa
1296 3299 1447 3334 sanetum
1478 3300 1624 3335 Salvium
1657 3301 1871 3346 Albigensem
1893 3300 2028 3344 Episco-

1146 3360 1224 3392 pum
1245 3371 1255 3387 ‚
1281 3348 1315 3383 &
1336 3349 1487 3384 Sanstum
1519 3351 1706 3394 Eparchum
1732 3349 1939 3385 Monachum
1963 3352 2028 3384 En-

1146 3399 1373 3443 golismensem
1397 3400 1507 3434 laudat
1531 3401 1662 3434 Sanstus
1687 3401 1866 3444 Gregorius
1892 3400 2028 3444 Episco-

1147 3460 1204 3491 pus
1228 3448 1448 3484 Turonenfis.
1480 3450 1647 3483 Laudatur
1665 3450 1698 3483 &
1722 3451 1854 3484 sandius
1874 3451 2026 3485 Nicetius

1149 3498 1374 3543 Lugdunensis
1395 3524 1406 3541 ,
1443 3500 1575 3585 83ηᾶιέ
1610 3499 1793 3535 Germanus
1824 3500 2026 3584 Parifiexgsis,

1626 3562 1649 3587 2

2054 2748 2158 2781 L'7-C·²‘
2167 2759 2190 2780 1.

2053 2939 2166 2978 ΕρὶΠ.ι.

2053 3020 2087 3048 C·
2104 3030 2153 3054 142

2048 3437 2106 3469 L7.
2123 3446 2146 3466 c.
2162 3447 2184 3465 x.

2048 3478 2106 3505 L.6.
2125 3480 2183 3506 οἳ.
