2340 3736
624 127 709 170 An
745 120 1030 168 SYN'onUM
1065 122 1670 172 CHA'LC'EDONENSEM.

241 203 404 247 sensionem
411 209 590 242 attulerunt.
619 211 664 241 Et
677 207 772 251 visum
783 208 819 249 est
831 207 882 240 hoc
908 209 1119 251 quodammodo

247 266 414 294 oecumenico
435 260 563 291 Concilio
577 258 698 300 fac‘i'um
718 260 768 302 esse
791 284 798 290 .
827 259 1019 300 Affirmarunt
1044 264 1120 290 enlm

242 309 277 354 se
289 321 345 342 non
349 308 436 352 fuiffe
445 310 489 340 ad
506 313 689 349 impietatem
701 308 853 342 traduc'i'os
865 321 875 351 3
902 318 939 342 ne
948 318 1047 342 autem
1058 313 1116 349 qui-

246 360 319 392 dam
339 361 360 390 ἂ
379 363 493 400 pietate
523 358 681 400 aliemffimi
703 357 843 400 Ecclefias
876 365 1092 399 corrumperent
1110 380 1120 394 ‚

247 410 415 443 maluerunt
427 414 462 440 vl
481 409 599 449 cedere,
627 411 744 443 &onus
764 409 852 450 fun
865 432 876 447 ,
901 419 989 450 quam
995 406 1118 449 populos

242 460 383 502 perdere.
412 459 460 492 Ita
470 457 587 503 legitur
598 461 630 492 in
645 459 836 494 colletstione
847 458 1023 491 Canonum
1037 457 1119 489 fasta

245 520 301 552 per
320 508 539 542 Theodorum
561 510 810 549 Balsamonem,
836 506 935 540 latine
957 507 1041 540 versa
1062 517 1117 549 per

244 558 450 592 Gentianum
474 560 674 593 Hervetum.
701 558 748 592 At
774 557 850 590 vero
878 556 965 590 Petri
990 556 1115 590 Nannii

243 609 367 647 versio,
393 609 523 652 vulgata
545 610 632 652 typis
658 607 956 646 Commelinianis,
984 618 1041 649 pro
1063 617 1117 638 vo-

244 657 335 691 cibus
355 683 366 699 ,
393 662 446 691 Vis
462 657 550 698 fadla
571 683 582 698 ‚
609 658 704 701 ponit
722 656 780 689 has
801 682 811 696 ,
839 659 990 698 Principio
1008 656 1115 695 statim

239 707 437 751 persecutione
444 705 584 750 sublata.
611 707 750 741 Omittit
769 706 921 749 Synodos
943 708 976 740 in
1006 706 1115 740 Gallia

245 760 360 798 ffflas,
388 758 530 799 itemque
541 756 607 790 haec
618 756 731 790 verba:
759 759 805 788 Et
818 755 916 799 visum
941 757 978 797 est
991 755 1116 797 hecquo-

246 809 402 841 dammodo
424 813 593 840 oecumenico
612 808 740 840 Concilio
750 806 871 847 fac‘lum
890 807 959 849 effe.
989 806 1114 839 Eadem

245 858 372 892 omittit
382 856 486 890 editio
513 855 718 896 Parisienfis,
743 857 899 901 vigesimo
912 856 1048 899 septimo
1061 855 1115 888 hu-

244 906 294 950 jus
305 906 407 940 saeculi
428 916 517 938 anno
529 907 609 940 faita
621 907 705 950 apud
717 906 917 940 Michaelem
929 907 1092 940 Sonnium
1105 929 1116 944 ,

243 959 278 991 ὅ(
290 968 344 999 per
357 957 399 989 D.
412 957 538 989 Lucam
550 957 763 990 Holstenium
790 966 899 990 curata
910 981 920 997 ‚
946 956 979 989 &
993 968 1049 998 pro
1061 967 1116 988 vo·

242 1006 356 1047 cibus,
381 1010 434 1038 Vis
449 1005 562 1047 sabla,
589 1007 683 1050 ponit
705 1006 782 1040 has:
812 1008 944 1047 sedata,
969 1017 1038 1047 quae
1054 1011 1117 1047 pri·

243 1057 323 1089 mam
338 1064 394 1098 per
405 1062 470 1089 vim
490 1064 636 1099 crepent,
659 1055 821 1099 seditione.
853 1057 941 1090 Etin
965 1057 1030 1100 ipsa
1054 1056 1115 1089 Ca-

242 1106 342 1139 nonis
357 1106 532 1140 substantia
559 1107 666 1141 differt
678 1107 778 1152 longe
801 1106 995 1150 plurimum:
1022 1107 1116 1139 Habe-

242 1165 295 1197 to,
320 1167 416 1188 omnes
428 1158 524 1196 idem,
554 1158 633 1199 quod
652 1157 716 1198 bic,
736 1155 866 1200 senfiffe,
890 1163 929 1189 iis
942 1165 1043 1198 nempe
1065 1167 1116 1189 ve-

241 1212 325 1238 niam
345 1213 396 1248 qui
406 1207 567 1249 cecidiffient
579 1232 590 1246 ‚
614 1206 665 1248 etfi
669 1212 827 1248 impiorum
837 1206 966 1250 seduces
983 1204 1115 1248 prebuisl

237 1255 328 1299 sent,
348 1257 432 1288 modo
443 1266 489 1287 eos
506 1263 652 1297 poeniteat
665 1281 676 1296 ‚
703 1268 755 1290 nec
760 1266 815 1298 per
835 1263 900 1289 vim
922 1258 956 1290 (Ὗ
978 1257 1116 1295 neceffita-

241 1313 302 1339 tem
325 1306 434 1344 detur,
453 1306 640 1348 largiendam
659 1309 710 1348 esJe
723 1330 733 1344 ,
760 1305 1012 1345 &restituendum
1023 1308 1113 1338 locum

242 1361 275 1387 in
297 1356 399 1387 clero.
426 1354 538 1389 Voces
551 1380 561 1395 ,
589 1354 689 1398 Visum
699 1355 737 1394 est
749 1355 799 1388 hoc
819 1358 1033 1397 quodammodo
1044 1367 1114 1388 oecu-

242 1411 352 1438 menico
372 1404 502 1438 Concilio
513 1404 656 1446 fidium,
685 1405 858 1439 Canonem
881 1406 899 1439 a
922 1407 1031 1440 nescio
1052 1416 1114 1448 qua

240 1454 385 1500 generali
405 1455 542 1498 synodo
554 1454 647 1489 fuisse
669 1454 794 1488 editum
807 1478 817 1494 ,
842 1455 1032 1499 quibusdam
1052 1466 1119 1498 per-

239 1506 387 1538 suasere.
425 1505 473 1539 At
491 1504 558 1538 fine
579 1505 798 1540 fundamento
821 1530 827 1536 .
870 1506 1004 1540 Etenim
1042 1506 1116 1538 vivo

238 1555 421 1589 Athanasio
434 1555 522 1588 nulla
535 1556 597 1588 fuit
609 1555 768 1599 generalis
778 1556 952 1597 Synodus,
981 1557 1038 1590 nisi
1059 1555 1114 1588 Ni-

240 1615 324 1638 caena
351 1606 386 1638 δε
402 1606 594 1639 Sardicensis
616 1629 628 1644 ,
653 1605 671 1638 ὲ
693 1604 809 1649 quibus
831 1605 916 1640 lucet
942 1606 1116 1640 Canonern

239 1654 400 1697 ejusmodi
412 1666 481 1688 non
495 1656 689 1697 processisse.
719 1655 855 1690 Nicaena
870 1668 935 1690 non
951 1658 1035 1691 solos
1050 1658 1117 1690 No-

240 1705 632 1747 vatianensesEpiscopos
658 1705 868 1746 &Clericos,
896 1707 949 1739 sed
975 1707 1119 1741 &Euse-

241 1753 333 1787 bium
347 1753 633 1788 Nicomediensem
649 1755 867 1796 Episcopum,
877 1757 959 1799 quin
969 1758 1115 1799 &ipsum

239 1803 361 1837 Arium
374 1828 383 1843 ‚
410 1804 703 1847 totiusiniquitatis
714 1806 858 1837 austeres
886 1805 1118 1850 &Principes‚

238 1855 358 1896 recepit
372 1855 404 1886 in
418 1854 556 1897 gradum
567 1878 578 1894 ,
604 1852 713 1889 datam
736 1853 754 1887 ὲ
769 1855 881 1887 nostro
892 1855 1032 1889 Canone
1049 1868 1120 1900 gra-

238 1905 320 1939 tiam
344 1904 512 1948 iusigniter
535 1904 727 1947 supergressa
754 1927 759 1933 .
801 1903 925 1938 Versim
950 1904 1118 1950 singularis

238 1954 302 1988 fuit
314 1954 374 1988 ista
385 1966 426 1988 ex
439 1954 539 1986 causis
550 1955 722 1987 clementia
733 1951 964 1996 dispensatoria
976 1980 986 1996 ,
1015 1956 1117 1990 nulla-

237 2002 333 2036 tenus
346 2006 377 2035 in
390 2003 534 2047 regulam
548 2003 670 2036 rcdaCta
683 2029 689 2035 .
718 2003 822 2036 Porro
836 2004 882 2037 vis
894 2030 903 2044 ,
916 2006 1093 2047 persecutio
1107 2030 1117 2045 ,

237 2053 292 2085 seu
315 2053 432 2085 seditio
456 2063 510 2095 per
529 2052 745 2086 Athanasium
768 2064 944 2088 memorata
982 2068 1049 2089 non
1071 2056 1116 2089 est

238 2102 443 2137 Diocletiani
472 2113 526 2135 aut
542 2103 719 2145 cujuspiam
732 2102 855 2146 Pagani
869 2103 1028 2147 Principis
1040 2130 1053 2145 x
1063 2105 1116 2138 sed

238 2151 428 2185 Constantii
452 2152 615 2195 Augusti,
642 2163 738 2195 quem
759 2152 804 2186 ob
825 2153 998 2196 praestitum
1022 2155 1118 2188 Euse-

238 2201 343 2235 bianae
357 2202 490 2234 factioni
503 2201 630 2235 crudele
641 2202 827 2236 satellitium
842 2228 851 2242 ‚
865 2203 1027 2238 barbarice
1038 2206 1118 2238 arie-

238 2261 340 2285 tatarn
366 2252 532 2284 Nicaenam
563 2252 660 2285 fidem
684 2277 694 2292 ,
729 2252 895 2296 illatasque
919 2253 1115 2288 orthodoxis

238 2300 359 2344 ubique
372 2303 540 2344 Episcopis
563 2299 739 2335 horrendas
753 2303 987 2345 persecutiones
1010 2305 1114 2338 lauda-

237 2361 290 2385 tus
304 2350 518 2391 Athanasius,
548 2352 918 2393 LuciferCalaritanus‚
944 2355 978 2387 δε
1000 2354 1055 2387 alii
1081 2355 1111 2388 id

238 2413 343 2446 genus
368 2400 516 2444 Episcopi
530 2402 649 2435 merito
659 2400 766 2436 dixere
790 2413 991 2445 tyrannum,
1021 2404 1113 2438 Anti-

239 2449 362 2484 Christi
387 2452 610 2492 praecursorem
625 2476 634 2490 ,
662 2452 807 2486 immo&
828 2451 1111 2487 Anti-Christum.

239 2501 296 2533 Est
322 2502 367 2533 vis
389 2501 440 2533 seu
468 2502 647 2542 persecutio
672 2501 818 2535 adhibita
838 2504 871 2535 in
892 2504 1030 2545 Synodo
1043 2516 1113 2547 prae-

237 2550 347 2583 sertim
371 2549 593 2589 Ariminensi,
622 2551 655 2582 in
680 2562 742 2593 qua
753 2563 869 2585 omnes
894 2553 994 2585 ferme
1016 2555 1113 2588 Occi-

237 2599 383 2634 dentales
395 2599 547 2642 Episcopi
561 2600 690 2633 fuerunt
702 2600 734 2632 in
758 2600 880 2634 foedum
892 2602 1013 2644 lapsum
1026 2604 1112 2637 sedu-

239 2651 279 2682 sti
294 2651 409 2692 partim
425 2671 435 2686 ‚
461 2649 579 2692 partim
600 2649 854 2693 circumscripti,
880 2660 976 2692 atque
999 2653 1042 2686 ita
1065 2654 1113 2686 in-

239 2701 421 2744 gemiscens
443 2699 530 2732 orbis
557 2709 711 2733 terrarum
733 2700 909 2734 admiratus
929 2701 973 2734 est
1000 2703 1031 2735 se
1052 2706 1111 2736 esse

239 2750 421 2783 Arianum.
450 2749 572 2791 Lapsos
583 2760 697 2783 omnes
718 2750 780 2784 esse
792 2762 942 2793 perpetua
961 2752 1110 2796 degrada-

239 2801 331 2833 tione
341 2799 462 2842 dignos
474 2810 540 2832 non
562 2800 647 2832 solus
666 2810 861 2834 memoratus
874 2802 1028 2842 Lucifer,
1057 2804 1108 2837 sed

238 2850 273 2882 dc
294 2850 398 2892 plures
417 2849 472 2882 alii
485 2849 569 2891 paris
593 2850 698 2884 meriti
725 2861 762 2883 ac
785 2851 935 2885 doctrinae
957 2852 1108 2896 Episcopi

238 2901 451 2942 censuerunt3
479 2898 677 2940 aliitamen‚
705 2901 827 2934 illatam
840 2901 1028 2936 violentiam
1050 2905 1110 2936 mi-

238 2951 360 2987 serati„
383 2950 505 2982 duxere
529 2949 647 2992 dignos
679 2952 870 2994 reparatrice
895 2953 998 2997 gratia
1020 2977 1031 2993 ‚
1066 2966 1107 2987 ex

239 2997 383 3032 Aaronis
405 2999 557 3032 &Sancti
571 2999 657 3033 Petri
679 3000 832 3044 Apostoli
854 3002 1025 3046 exemplo,
1052 3005 1126 3050 qui.

240 3050 274 3082 in
299 3048 438 3082 Domini
462 3051 671 3092 negationem
701 3051 735 3084 ὃς
766 3051 862 3084 vituli
887 3052 1013 3086 latriam
1035 3053 1126 3122 lapsi}

239 3097 648 3142 permanserepontifices,
677 3101 765 3143 quod
781 3112 895 3143 nempe
909 3114 976 3136 non
989 3105 1046 3137 suo
1065 3116 1108 3137 ar·

240 3149 363 3188 bitrio,
381 3149 434 3182 sed
446 3148 604 3183 Violenter
619 3149 956 3192 impulsicecidiffent
985 3154 1028 3187 Et
1041 3154 1109 3196 qui·
1124 3143 1127 3185 l

240 3197 315 3232 dem
326 3199 359 3232 hi
374 3198 524 3242 Episcopi
539 3211 604 3232 non
618 3199 745 3234 fuerant
765 3200 831 3235 ad'
824 3202 1022 3244 impietatem
1046 3214 1105 3237 tra-

240 3247 351 3289 ducti,
380 3249 431 3282 sed
446 3261 484 3282 ne
495 3248 609 3282 Ariani
631 3249 820 3284 invaderent
841 3252 982 3295 ipsorum
1004 3252 1111 3286 cathe-

240 3296 332 3338 dras,
359 3294 400 3333 ad
422 3310 550 3342 ternpus
571 3298 752 3332 cesserant
743 3301 908 3343 miquitati
930 3327 936 3334 .
972 3303 1108 3345 Spiritus

241 3358 428 3391 promptus,
457 3361 531 3383 caro
544 3349 645 3383 fuerat
663 3350 807 3383 infirma.
835 3351 958 3384 Eorum
980 3353 1110 3385 causam

242 3399 276 3433 in
290 3401 343 3433 sua
355 3398 489 3441 Synodo
501 3398 639 3433 discussit
651 3401 783 3434 Sanetus
812 3399 1006 3435 Athanasius
1017 3426 1028 3442 ‚
1057 3414 1112 3436 vo-

1884 140 1977 188 263

1162 215 1163 218 ’
1183 206 1251 240 lens
1271 206 1441 240 exstinctas
1460 205 1722 243 orthodoxorum
1745 207 1786 243 de
1808 208 1879 252 ipsis
1895 210 1989 245 duras
2014 223 2052 246 ac

1183 256 1373 299 periculosas
1387 257 1615 291 contentiones
1636 284 1647 298 ,
1680 259 1856 303 statuitque
1878 259 2052 296 adductum

1182 307 1356 340 Canonem
1379 319 1399 340 :.
1424 305 1479 340 Ut
1500 317 1618 350 nempe
1639 309 1754 342 erroris
1786 321 1823 343 ac
1853 309 2052 344 seductionis

1182 356 1353 399 Principes
1374 355 1464 399 juxta
1477 358 1645 400 antiquam
1677 358 1824 392 Ecclesiae
1845 358 2051 402 disciplinam

1182 407 1244 440 soli
1267 406 1353 440 laicae
1377 430 1388 447 ‚
1422 405 1537 449 reliqui
1558 406 1634 450 lapsi
1667 406 1818 452 Episcopi
1851 417 1908 442 aut
1929 408 2053 443 Clerici

1182 457 1283 491 etiam
1310 457 1359 489 sui
1390 455 1517 491 ordinis
1551 457 1779 490 communioni
1815 458 2022 493 redderentur
2042 483 2051 491 .

1182 506 1286 555 Qod
1297 505 1451 540 statutum
1463 509 1557 541 variae
1567 507 1667 541 etiam
1682 505 1870 540 Graecorum
1887 519 1982 551 atque
1993 509 2054 542 La*-

1182 559 1327 590 tinorum
1349 556 1476 599 Synodi
1498 557 1639 591 habuere
1658 566 1764 590 ratum
1786 580 1797 595 ‚
1830 557 1863 590 &
1884 559 2055 592 confirma-

1181 616 1275 640 runt.
1304 607 1397 640 Hinc
1408 606 1454 641 ait
1468 606 1665 641 Athanasius
1678 606 1850 640 Canonem
1863 605 1957 639 istum
1978 619 2055 651 qua-

1181 657 1202 689 si
1225 656 1265 689 ab
1287 658 1495 691 oecumenico
1519 658 1676 691 Concilio
1702 655 1897 700 processisse.
1924 655 1979 688 Est
1993 657 2056 691 Ca-

1182 717 1249 739 non
1261 731 1271 746 ‚
1298 717 1394 749 quem
1407 707 1592 748 improbans
1606 715 1804 741 memoratus
1822 704 1954 739 Lucifer
1967 704 2057 739 schis-

1182 767 1234 790 ma
1258 757 1335 789 fecit
1348 780 1358 795 ,
1385 758 1419 790 <Sc
1433 755 1554 790 Christi
1569 757 1711 791 Domini
1731 767 1805 790 toto
1816 754 1896 790 orbe
1907 755 2058 789 diffusam

1183 806 1358 840 Ecclesiam
1371 805 1410 839 ad
1423 807 1524 840 solam
1539 806 1711 841 Sardorum
1724 807 1916 839 mastrucam
1931 816 2061 838 contra-

1181 857 1230 889 xit
1245 881 1256 896 ‚
1282 855 1411 891 sedusto
1422 857 1520 890 etiam
1541 857 1697 896 Hilario,
1724 855 1916 900 magnoillo
1940 856 2062 889 Rorna-

1183 918 1229 939 nae
1242 907 1390 940 Ecciefiae
1411 909 1567 941 Diacono
1579 932 1589 947 ‚
1615 918 1712 951 quem
1730 908 1747 940 a
1759 906 1895 940 Liberio
1921 905 2062 941 Pontifi-

1182 967 1217 988 ce
1229 956 1389 1000 Legatum
1413 957 1454 991 ad
1473 957 1920 1002 ConstantiumAugustum
1942 955 2061 988 fuiffea

1181 1005 1318 1039 factione
1331 1007 1513 1041 Eusebiana
1528 1008 1656 1051 publice
1675 1008 1784 1051 flagris
1795 1007 1911 1042 cat-sum
1927 1003 1972 1039 ob
1984 1004 2061 1039 fidei

1180 1053 1370 1089 orthodoxae
1388 1058 1604 1092 constantiam
1628 1083 1639 1098 ‚
1679 1057 1788 1092 scribit
1809 1054 1850 1090 ad
1880 1052 2063 1090 monachos

1181 1105 1267 1138 idem
1281 1104 1478 1141 Athanasius
1489 1133 1496 1140 .
1525 1109 1754 1151 Apostolicum
1767 1107 1941 1141 Canonem
1953 1131 1963 1146 ‚
1986 1105 2063 1148 Epi-

1184 1156 1294 1197 scopos
1304 1155 1337 1188 ὃς
1351 1156 1497 1190 Clericos
1509 1159 1542 1191 in
1569 1157 1692 1191 haerefin
1705 1169 1760 1191 aut
1772 1157 1915 1200 quodvis
1936 1156 2061 1189 crimen

1179 1204 1282 1247 lapsos
1293 1205 1449 1249 figentem
1461 1207 1525 1241 sine
1538 1209 1749 1250 reparationis
1763 1207 1857 1250 spein
1873 1206 2063 1240 humilitate

1179 1255 1280 1294 laica,
1307 1255 1505 1290 existimavit
1528 1269 1595 1291 non
1611 1259 1698 1300 posse
1723 1256 1803 1290 solvi
1825 1281 1835 1296 ‚
1862 1267 1922 1290 nec
1943 1257 2062 1290 factam

1179 1304 1372 1347 quibusdam
1403 1306 1542 1340 subinde
1574 1308 1685 1350 paucis
1716 1306 1983 1350 dispensatoriam
2016 1316 2062 1338 ex

1180 1355 1278 1387 causis
1288 1355 1427 1398 gratiam
1448 1357 1528 1389 verti
1544 1357 1576 1389 in
1603 1357 1743 1401 regulam
1766 1356 1970 1400 generalem.
1999 1355 2065 1387 Re—

1181 1404 1265 1448 gulae
1277 1404 1392 1438 nostrae
1413 1406 1623 1440 clementiam
1645 1407 1738 1440 fuiffe
1764 1407 1796 1439 in
1811 1405 1897 1439 solos
1917 1405 2064 1438 seductos

1182 1465 1237 1488 aut
1262 1453 1527 1499 circumscriptos
1553 1455 1734 1499 Episcopos
1755 1457 1789 1490 &
1813 1455 1984 1494 Clericos‚
2012 1465 2068 1488 nc·

1181 1515 1343 1548 quaquam
1369 1505 1403 1537 in
1434 1506 1618 1539 sedustricis
1652 1505 1807 1539 haereseos
1838 1506 1982 1539 austores
2008 1516 2067 1539 aut

1181 1554 1346 1597 Principes
1368 1556 1482 1588 fastam
1505 1555 1522 1587 a
1548 1556 1665 1589 Sansto
1680 1555 1860 1589 Athanasio
1879 1580 1888 1595 ‚
1916 1554 2069 1588 lucidissi-

1183 1606 1233 1638 me
1255 1605 1358 1648 liquet
1380 1617 1421 1638 ex
1444 1604 1611 1649 Ephesinae
1633 1629 1644 1644 ,
1672 1607 1766 1639 sextae
1788 1630 1798 1644 ,
1825 1605 1991 1648 septimae‚
2016 1615 2065 1638 at—

1182 1666 1243 1698 que
1254 1657 1371 1688 ostavae
1392 1656 1603 1698 Synodorum
1618 1656 1708 1689 Actis
1724 1682 1733 1689 .
1764 1656 1884 1699 Liquet
1911 1654 2011 1699 igitur
2033 1655 2069 1688 &

1182 1704 1355 1739 adductam
1367 1705 1545 1738 Pariiienfis
1570 1706 1728 1740 editionis
1742 1706 1919 1739 versionem
1943 1705 2005 1738 esse
2016 1703 2071 1738 de-

1184 1755 1315 1793 viam,&
1330 1756 1347 1788 ὲ
1359 1757 1465 1790 Sancti
1482 1753 1653 1789 Athanasii
1670 1757 1761 1789 sensu
1777 1756 1905 1799 penitus
1917 1755 2067 1788 alienam.

1182 1805 1433 1849 Benignitatem
1455 1804 1539 1839 hanc
1580 1819 1621 1840 ex
1635 1806 1792 1851 AEgypto
1814 1806 1907 1839 fuisse
1920 1806 1937 1839 a
1949 1805 2068 1838 Sansto

1184 1856 1327 1889 Damaso
1341 1855 1501 1890 pontifice
1514 1857 1572 1890 &a
1588 1858 1707 1891 sancto
1722 1856 1857 1889 Hilario
1868 1855 2065 1888 pictaviensi

1184 1906 1344 1948 Episcopo
1360 1906 1540 1939 traductam
1562 1907 1596 1940 in
1613 1907 1770 1940 Latinam
1793 1906 1969 1939 Ecclesiam
1985 1929 1995 1943 ‚
2022 1914 2069 1938 te-

1182 1955 1325 1988 staturin
1349 1955 1505 1989 Faustino
1520 1956 1732 1989 Luciferianae
1761 1956 1858 1998 partis
1870 1953 2067 2000 Presbytero

1181 2004 1365 2049 Catalogus
1378 2005 1763 2039 GennadiiMaffiliensis
1773 2030 1780 2037 .
1811 2005 1938 2048 Synodi
1950 2005 2066 2037 nostrae

1179 2055 1219 2087 ad
1242 2055 1409 2096 Principes
1433 2055 1567 2089 Relatio
1595 2056 1776 2089 obtestatur
1796 2080 1806 2096 ,
1832 2066 1868 2088 ut
1906 2055 2066 2088 inflictam

1179 2104 1343 2138 Dioscoro
1366 2116 1496 2147 poenam
1521 2104 1662 2139 habeant
1688 2115 1812 2144 ratam,
1840 2105 1874 2138 δε
1902 2114 2066 2145 exequan-

1159 2154 1162 2185 Ι
1180 2166 1250 2187 tur.
1279 2155 1363 2187 Eum
1377 2157 1465 2188 enim
1479 2166 1597 2189 norant
1608 2156 1670 2188 esse
1683 2155 1715 2187 in
1744 2154 1851 2187 cordis
1864 2154 1982 2187 duritia
2005 2166 2065 2188 no-

1158 2206 1255 2238 ¹vum
1281 2203 1425 2248 AEgypti
1453 2204 1521 2237 Pha
1527 2216 1677 2238 raonem
1706 2205 1749 2237 Et
1763 2215 1900 2238 eventus
1919 2202 2063 2238 docuit.

1157 2254 1314 2309 {Etenim
1339 2255 1393 2288 ille
1415 2266 1622 2298 nequaquam
1647 2255 1820 2298 poenitere,
1849 2255 1899 2287 sed
1923 2255 2062 2298 seipsum

1157 2293 1442 2347 &congerrones
1455 2317 1535 2338 vana
1557 2308 1608 2348 spe
1618 2303 1770 2339 deludere
1794 2305 1954 2347 perrexit,
1981 2306 2063 2347 spar-

1177 2366 1318 2400 gereque
1329 2356 1537 2395 restituendum
1543 2354 1599 2396 fibi
1612 2356 1832 2394 sacerdotium
1859 2355 1972 2403 Qare
1985 2353 2062 2389 Edi-

1177 2408 1264 2439 &um
1277 2406 1456 2448 publicavit
1469 2406 1576 2438 nostra
1600 2403 1961 2448 Synodus‚fign1ficans
1980 2407 2063 2447 quod

1176 2463 1229 2498 qul
1242 2457 1317 2488 talia
1334 2461 1546 2497 perpetrazit,
1572 2458 1689 2488 omnino
1710 2456 1825 2487 nullam
1835 2454 2059 2492 restaurationis

1155 2539 1157 2548 ¹
1172 2504 1373 2548 stempoterit
1382 2505 1502 2538 habere.
1528 2505 1568 2539 Et
1584 2517 1663 2539 tunc
1673 2507 1791 2539 fastum
1805 2504 2055 2549 existimoquod

1154 2550 1209 2588 lin
1235 2556 1400 2589 Breviario
1434 2555 1539 2604 scribit
1562 2555 1734 2589 Liberatus
1766 2553 2054 2598 Carthaginensis:

1154 2606 1157 2643 Ι
1177 2604 1326 2648 Dioscorus
1350 2606 1472 2639 exulare
1494 2611 1526 2636 in
1546 2609 1707 2648 Gangrena
1734 2609 1861 2638 civitate
1879 2629 1888 2643 ‚
1916 2615 1986 2647 quae
2007 2606 2053 2639 est

1174 2653 1407 2698 Paphlagonia:
1438 2656 1472 2688 in
1506 2654 1644 2688 Pontica
1675 2655 1801 2688 dioecefi
1834 2654 2025 2697 metropolis
2042 2640 2204 2693 ‚C²p‘¹⁶'

1170 2714 1338 2747 praeceptus
1362 2704 1416 2742 est.
1446 2705 1559 2738 Gratia
1582 2716 1719 2749 magna.
1747 2704 1838 2737 Nam
1860 2705 2054 2739 consuetum

1175 2754 1449 2788 Haerefiacharum
1473 2755 1608 2788 exilium
1633 2764 1700 2789 erat
1721 2766 1842 2799 magna
1865 2755 1976 2788 Oasis.
2002 2755 2053 2789 At

1174 2806 1332 2849 quoniam
1359 2806 1538 2838 Dioscorus
1551 2807 1700 2839 Sandium
1715 2804 1907 2839 Flavianum
1926 2805 2055 2839 dumta-

1173 2867 1226 2888 xat
1251 2855 1406 2898 abjecerat
1429 2856 1460 2887 in
1488 2856 1655 2898 Lydorum
1683 2857 1857 2900 Hypepam
1878 2879 1889 2895 ‚
1916 2853 1995 2888 hinc
2017 2855 2053 2888 &

1172 2906 1269 2938 illum
1282 2906 1322 2939 ad
1348 2905 1430 2938 solas
1460 2905 1716 2948 Paphlaaonum
1743 2905 1913 2949 Gangras,
1941 2905 1997 2939 ubi
2018 2905 2052 2938 dc

1171 2955 1319 2999 pertinax
1331 2955 1415 2997 objit
1429 2980 1439 2994 ,
1468 2956 1646 3000 proscripsit
1661 2957 1731 2999 pius
1742 2954 1895 2998 Princeps
1915 2954 2054 2988 Marcia·

1171 3017 1251 3039 nus.
1280 3007 1376 3049 Juxta
1386 3006 1537 3039 Gratiani
1554 3006 1696 3051 Augusti
1711 3016 1768 3048 pro
1781 3004 1962 3051 degradatis
1974 3005 2054 3048 Epi-

1170 3056 1274 3099 scopis
1289 3057 1393 3100 legem
1418 3056 1558 3098 Gangrae
1568 3057 1736 3100 plusquam
1748 3066 1882 3092 centum
1902 3054 2053 3090 millibus

1169 3105 1329 3140 distabant
1340 3102 1542 3139 Alexandria
1554 3130 1561 3137 .

1511 3307 1703 3404 aaa

1845 3454 1999 3492 ACTIO
