2340 3736
342 63 439 110 228

274 198 417 234 iteriim:
445 197 519 242 Istas
541 194 740 234 ordinatimes
757 197 820 242 post
841 198 965 240 repudia
979 195 1039 240 sua
1059 194 1156 238 consti-

273 253 347 282 tuit.
371 249 548 297 Quoniam
571 247 788 294 Metropoli-ta
801 247 982 285 Panolbius
1000 243 1159 280 Parthen-

276 300 361 334 sibus
379 311 449 334 non
469 298 636 336 ordinarat
658 309 782 335 novum
805 298 915 331 statim
938 296 1160 339 Episcopum,

278 347 439 388 thronum
457 352 551 384 suum
572 349 605 387 δε
616 360 715 385 omne
726 347 920 393 Episcopale
930 345 1160 383 ministerium,

277 402 382 443 etiam
405 401 612 437 Clericorum
633 397 877 438 ordinationes,
905 396 1033 444 propria
1056 397 1164 430 austo-

278 452 377 490 ritate
385 449 554 494 resumpsit
565 448 780 487 Athanafius:
806 447 965 487 Titulum
978 471 989 487 ‚
1001 447 1056 480 seu
1072 444 1163 480 tituli

282 504 398 536 fucum
411 526 423 543 ‚
453 502 544 546 quod·
560 501 676 539 mutila
698 501 760 535 sint
779 497 847 536 haec
871 497 952 534 Acta
972 495 1164 544 synodalia,

282 552 491 597 ignoramus.
960 576 963 580 .

334 602 459 639 Verum
470 603 640 640 zelofiores
652 600 774 636 Clerici
783 597 934 635 adversus
950 597 1165 641 praesumptio—

283 664 365 690 nem
378 652 471 688 istam
491 654 691 688 intercessere
714 650 802 694 apud·
822 648 985 692 Ioannem
1006 646 1164 683 Panolbii

283 703 493 741 successorem
506 728 517 746 ‚
543 704 671 744 fuitque
691 700 732 736 ab
754 700 823 744 ipso
845 697 1044 735 Athanasius
1059 698 1099 732 ad
1121 709 1166 732 ra-

283 755 393 792 tiones
405 762 575 789 evocatus.
603 752 698 787 Hinc
714 750 771 785 ine
782 748 1110 792 Constantinopolim
1131 747 1165 781 &

284 803 519 842 Theodofium-
540 801 728 847 Augustum
739 799 890 841 acceffit,
917 799 1050 834 Clerum
1072 799 1165 833 suurn

283 855 439 893 accusans
458 853 500 888 de
522 853 652 889 multis,
680 852 818 891 Primo,
843 850 935 896 quod
958 849 1164 886 Clericorum

283 905 421 949 quidam
443 903 550 942 Petris
572 904 621 938 sui
642 902 770 936 senium
797 903 831 939 ὅς
852 911 952 936 canos
974 899 1167 935 inhonoras-

283 956 376 999 sent,
401 955 438 989 in
459 954 563 998 ipsum
589 950 754 991 ,latraffent
773 950 1020 996 degradationis
1042 952 1167 987 senten*

281 1007 389 1046 tiam,
414 1004 484 1048 ejus
494 1003 544 1039 uti
554 1001 723 1049 degradati
746 1013 868 1036 nomen
891 999 1166 1038 rasissentesacris

281 1055 436 1096 Ecclefiae
460 1053 605 1094 tabulis,
630 1053 801 1098 ipsumque
819 1051 854 1086 δε
874 1051 1019 1088 Ecclesia
1041 1051 1076 1086 &
1089 1050 1165 1085 civi·

279 1107 349 1143 'tate
358 1105 523 1148 ejecissent
534 1129 542 1136 .
568 1102 725 1139 Secundo
736 1128 748 1144 ,
758 1102 849 1148 quod
861 1102 1024 1149 eJecissent
1042 1103 1075 1135 δε
1089 1112 1167 1136 con-

280 1157 415 1198 stitutos
435 1154 478 1190 ab
504 1154 574 1200 ipso
595 1153 743 1191 Ecclefiae
769 1153 970 1193 OEconomos
992 1177 1003 1193 ‚
1027 1152 1062 1188 &
1082 1151 1165 1186 alios

281 1208 410 1254 propria
421 1206 613 1241 austoritate
625 1204 860 1239 substituissent
874 1229 880 1236 .
907 1200 1028 1241 Tertio
1041 1226 1053 1243 ,
1073 1202 1163 1247 quod

279 1257 340 1292 ista
352 1258 430 1294 esset
451 1266 542 1291 vetus
560 1267 677 1294 eorum
691 1255 853 1299 protervia
877 1266 915 1289 ac
925 1253 1100 1298 tyrannis,
1124 1263 1165 1288 ex

279 1319 345 1351 qua
364 1307 467 1342 etiam
489 1307 523 1342 in
538 1307 614 1342 suos
637 1304 992 1349 Antecefforesfimilia
1016 1303 1166 1339 attentas—

278 1360 368 1392 sent.
394 1357 549 1407 Qarto,
574 1356 666 1400 quod
690 1354 1068 1401 Joannestetropolita
1089 1353 1165 1388 esset

279 1408 357 1445 suus
370 1408 544 1441 inimicus.
573 1406 667 1444 Hinc
678 1405 752 1440 aliis
763 1405 924 1449 judicibus
934 1406 1064 1442 causam
1077 1405 1165 1437 suam

279 1459 368 1497 sacra
379 1456 543 1502 Principis
561 1457 700 1500 jussione
711 1456 854 1500 delegari
872 1455 1065 1499 supplicavit
1077 1479 1085 1488 .
1114 1453 1166 1488 Eo

279 1519 430 1552 tempore
439 1518 496 1552 per
509 1508 620 1543 nescio
630 1518 728 1550 quam
738 1506 941 1541 occasionem
955 1506 1088 1539 sanstus
1101 1502 1167 1547 Cy-

279 1559 372 1595 xillus
391 1567 459 1595 erat
482 1555 781 1599 Constantinopoli
796 1580 806 1596 ,
834 1555 868 1592 <Sc
892 1555 1004 1591 nescio
1027 1565 1098 1598 quae
1109 1555 1167 1598 Sy-

278 1609 410 1650 nodus3
437 1607 592 1651 atqueita
604 1604 780 1641 Athanasii
801 1616 911 1650 preces
923 1616 993 1641 non
1017 1605 1077 1640 soli
1089 1603 1164 1637 Pro-

278 1659 334 1693 clo
358 1658 471 1702 Regiae
494 1656 637 1694 civitatis
659 1656 826 1700 Episcopo
848 1654 1003 1700 Princeps
1015 1666 1055 1689 ex
1075 1665 1167 1690 more

278 1708 562 1748 communicavit,
589 1706 643 1745 sed
661 1709 782 1744 cunfiae
805 1705 856 1740 isti
868 1705 1027 1750 synodo,
1052 1703 1092 1739 de
1102 1716 1165 1748 qua

279 1761 414 1796 Sanssus
426 1757 575 1802 Cyrillus
586 1783 594 1793 .
618 1761 721 1793 Tanta
728 1758 844 1800 passum
850 1755 884 1800 se
903 1758 975 1790 dicit
988 1754 1166 1798 Athanafius

280 1807 446 1853 Episcopus
466 1833 478 1849 ,
504 1817 539 1842 ut
561 1814 653 1843 ettam
672 1815 850 1852 congregata
870 1812 902 1841 in
923 1810 1018 1850 Regia
1043 1811 1168 1840 civitate

279 1860 410 1899 synodus
429 1858 592 1899 lachrymas
603 1860 708 1895 daret.
737 1859 813 1892 Hac
837 1857 957 1894 viaille
981 1856 1165 1900 impetravit

279 1913 402 1945 sacram
425 1909 670 1954 delegationem
682 1934 693 1949 ‚
719 1907 762 1944 de
779 1919 843 1951 qua
862 1907 898 1944 in
920 1906 1166 1943 confirmatrici-

278 1960 340 1997 bus
352 1960 393 1994 ad
404 1959 583 1994 Domnum
593 1957 783 1995 Antiochiae
802 1956 1026 1995 patriarcham
1047 1956 1165 1990 litteris

278 2008 430 2047 laudatus
440 2009 591 2053 Cyrinus
602 2022 614 2045 t
636 2010 721 2055 ,Quia
733 2013 825 2043 nimis
837 2013 1030 2053 incongruum
1043 2006 1079 2048 est
1085 2015 1165 2049 prae·

274 2060 357 2109 sumi
378 2061 457 2094 talia
467 2062 488 2094 ἃ
502 2059 628 2095 clericis
651 2059 815 2093 adversum
827 2057 986 2102 Episcopos
1010 2062 1145 2100 proprios
1158 2080 1168 2096 ‚

277 2112 314 2144 ὠ·
323 2110 388 2145 haec
398 2108 545 2152 despicere
558 2121 612 2143 nos
623 2108 784 2151 impoffibile
792 2108 830 2148 est
838 2133 849 2148 ,
871 2110 1010 2153 dignetur
1024 2116 1078 2141 tua
1090 2109 1164 2141 San·

276 2160 370 2195 &Vitas
384 2183 394 2200 ,
415 2157 446 2202 fi
451 2158 492 2193 ab
516 2158 670 2194 Antiochia
689 2160 771 2202 longe³
795 2158 833 2198 est
845 2165 958 2193 civitas
973 2182 984 2198 ‚
1011 2159 1094 2199 cujus
1111 2169 1165 2201 gu-

275 2211 478 2246 bernationem
484 2207 610 2252 sortitus
621 2208 659 2249 est
672 2207 884 2252 religiofiffimus
895 2207 1061 2251 Episcopus
1074 2207 1166 2241 Atha-

277 2259 396 2301 nasius,
424 2258 603 2304 quibusdam
617 2267 674 2302 per
679 2264 823 2301 proprias
847 2260 963 2293 litteras
975 2259 1165 2293 audientiam

279 2312 436 2354 delegare,
465 2310 612 2352 quatenus
632 2315 747 2345 evocati
768 2308 800 2343 hi
815 2315 830 2349 ‚'
851 2314 902 2354 qui
924 2307 1054 2351 accusati
1069 2307 1166 2352 sunt,

278 2359 478 2403 respondeant
492 2385 503 2400 ,
529 2361 562 2393 ζ’]
568 2359 597 2401 fi
603 2364 722 2393 inventi
725 2359 842 2402 fuerint
852 2358 1086 2403 accusationibus
1100 2364 1142 2392 rei
1154 2383 1165 2399 ,

282 2412 304 2445 ἃ
311 2408 396 2453 sacro
409 2409 564 2451 ministerio
573 2410 712 2442 decidant
730 2434 736 2441 .
763 2410 808 2444 Et
821 2409 904 2443 infra
920 2423 931 2445 .-
958 2409 1060 2452 Afferit
1072 2408 1166 2444 Atha-

281 2460 376 2503 nafius
387 2472 452 2494 eum
459 2457 493 2503 se
506 2458 671 2504 suspeclum
682 2458 788 2492 habere
800 2483 811 2499 ‚
837 2466 888 2505 qui
901 2470 977 2492 nunc
998 2462 1049 2503 ius
1061 2468 1167 2492 metro-

278 2511 431 2556 politicum
455 2513 627 2545 Provincia
650 2508 783 2548 obtinet,
810 2520 848 2541 ex
871 2520 931 2551 qua
950 2508 1009 2549 est,
1034 2510 1069 2542 do·
1091 2508 1169 2541 nibil

281 2559 387 2600 molesti
399 2559 437 2600 est
450 2583 460 2599 ,
479 2559 574 2603 fitis,
599 2564 654 2602 qui
674 2557 912 2602 eifiispec‘lisunt
925 2583 935 2599 ,
953 2559 1094 2598 judicare
1109 2569 1165 2591 non

282 2614 387 2647 liceat.
417 2610 461 2643 Et
479 2611 513 2645 in
537 2609 694 2645 similibus
714 2608 753 2643 ad
765 2609 906 2643 eundem
929 2608 1104 2644 Domuum
1114 2607 1167 2641 lit-

282 2662 360 2695 teris
370 2663 502 2697 Sanctus
512 2660 670 2695 Procius:
697 2662 729 2693 sa·
748 2661 830 2703 longe
840 2659 879 2692 ab
903 2658 976 2693 urbe
987 2657 1167 2691 antiochena

283 2718 395 2745 civitas
415 2710 637 2752 constitutaest,
662 2716 694 2742 in
706 2720 764 2754 qua
783 2709 846 2743 baec
851 2716 1027 2752 perpetrata
1049 2706 1168 2751 nos‘cun-

285 2770 358 2800 tur,
386 2761 499 2804 aliquos
520 2764 576 2800 Dei
598 2761 857 2801 amantiffimorum
879 2757 1094 2803 Episcoporum
1115 2758 1173 2801 ipfi

283 2810 350 2845 urbi
365 2816 479 2845 vicinos
495 2837 506 2854 ,
526 2809 669 2854 personas
692 2822 750 2843 non
761 2814 957 2852 accipientes,
982 2810 1028 2843 ad
1045 2809 1169 2843 audien-

285 2862 359 2894 dam
368 2861 445 2895 hanc
465 2861 585 2905 causam
596 2861 750 2895 Sanc‘litas
769 2870 823 2895 tua
836 2861 958 2902 deputet
970 2884 977 2891 .
1006 2862 1036 2895 F
1038 2860 1168 2893 ormidat

285 2917 364 2944 enim
375 2910 596 2955 religioliffimum
608 2911 868 2953 Metropolitanum
879 2908 1058 2953 Episcopum
1072 2933 1082 2949 ,
1094 2917 1170 2943 tam·

286 2972 378 3003 quam
400 2961 521 3004 vesanae
539 2962 673 3002 flammae
690 2965 875 2996 inimicorum
893 2962 959 3004 qius
983 2972 1021 2993 ex
1034 2961 1099 2992 odio
1117 2961 1170 2993 ad-

287 3012 397 3045 versus
421 3024 486 3044 eum
510 3018 578 3047 vim
592 3012 775 3054 praebentem
801 3019 891 3053 atque
913 3015 1071 3045 materiam
1090 3034 1098 3043 .
1126 3010 1171 3043 Et

290 3060 362 3104 post
375 3062 520 3103 quaedam
533 3074 540 3093 :
567 3065 632 3096 Tua
643 3060 825 3106 Religiofitas
838 3072 896 3093 non
907 3059 1067 3094 arbitretur
1080 3085 1090 3102 ,
1100 3065 1172 3102 quia

290 3120 443 3152 tamquam
465 3113 659 3151 adinjurtam
675 3110 759 3155 sedis
774 3110 962 3146 Antiotbenae
982 3116 1123 3143 maximae
1136 3116 1173 3143 ci-

292 3165 406 3193 vitatis
427 3156 482 3193 huc
493 3165 577 3194 venit
601 3171 777 3195 memoratus
789 3164 845 3195 Dei
867 3162 1079 3201 amantiffimus
1098 3164 1174 3202 Epi-

288 3209 390 3255 stopus
403 3233 414 3249 ,
434 3208 492 3253 sed
512 3218 642 3244 metuens
669 3211 810 3254 quosdam
827 3210 1025 3257 seditionibus
1041 3212 1174 3255 gauden-

294 3269 361 3298 tes,
387 3261 558 3310 &passioni
575 3267 706 3301 propriae
731 3259 1030 3301 militantesg'sdedit
1043 3262 1089 3294 ad
1105 3257 1177 3294 terb-

290 3317 352 3351 pus
373 3311 463 3342 Iocum
475 3315 550 3344 irae.
577 3314 664 3342 Nam
676 3310 805 3352 alioquin
820 3316 1020 3352 patientiam,
1046 3313 1080 3345 (Ὗ
1092 3323 1177 3344 man·

292 3357 497 3404 suetudinem,
525 3359 711 3402 &justinam
734 3370 794 3393 tuae
806 3358 1010 3403 Religiofitatis
1026 3362 1176 3403 praedtca-

963 62 1007 106 A
1041 70 1064 103 Ρ
1098 73 1122 106 Ρ
1158 70 1178 104 ε·
1218 73 1247 106 N
1284 73 1314 105 D
1349 74 1368 106 1
1399 77 1425 109 x

272 149 526 185 Damaratam-t
546 150 602 181 Ex
624 146 672 180 Hlo
698 145 834 191 regrsffus
855 146 899 187 est*
915 146 1052 182 Parrben
1075 171 1082 178 .
1111 144 1155 178 Et
1187 165 1190 168 Δ

1223 145 1376 185 nestiorem.
1385 150 1416 180 in
1425 142 1459 188 se
1478 142 1793 190 tonniffitionemfieri.
1820 148 1875 185 Ex·
1886 160 1955 193 quo
1976 153 2103 188 rursum

1224 194 1313 230 vides
1327 194 1564 240 Episcopoxum
1574 195 1618 230 ad
1638 197 1740 233 laicos
1751 197 1922 245 Principes
1941 204 2105 239 recursum

1224 246 1348 288 semper
1358 267 1370 283 ‚
1381 243 1432 277 uti
1444 242 1674 282 Ecclefiasticae
1682 247 1850 294 potestatis
1861 260 2107 295 contemptum,

1224 294 1340 329 sanetis
1352 292 1503 329 Ecclefiae
1515 292 1663 330 Patribus
1673 298 1871 343 displicuisse
1880 326 1888 333 .
1917 301 1963 336 Et
1973 301 2106 346 quidem

1224 344 1353 381 causam
1375 341 1462 379 hanc
1481 343 1590 378 alieno
1603 343 1824 392 Metropolitae
1846 361 1903 386 aut
1912 350 2108 387 patriarchas

1224 396 1375 440 delegare
1397 406 1467 429 non
1488 395 1678 441 prarumpfit
1688 397 1899 436 Theodosius
1911 402 2106 448 Augustus,

1226 447 1329 481 sciens
1352 445 1412 480 ista
1430 446 1493 480 effe
1515 444 1684 490 peregrina
1705 446 1855 491 judicia,
1879 451 2108 488 Ecclesiasticae

1226 496 1407 542 disciplinas
1417 495 1560 531 nimium
1583 494 1735 531 adversa.
1763 496 1991 541 Apostolicum
2013 505 2108 537 suum

1226 546 1386 583 thronum
1406 558 1462 590 per
1471 558 1524 582 eas
1535 546 1607 580 loedi
1627 547 1718 591 supra
1729 548 1766 582 in
1779 548 1842 583 11>ae
1853 550 2001 587 Edesseni
2013 554 2110 588 causa.

1226 598 1357 640 questus
1375 597 1421 631 est
1435 597 1524 631 idem
1546 596 1600 631 hic
1611 596 1799 632 Patriarcha
1811 600 1991 635 Domnuss
2010 603 2110 638 Phra-

1228 649 1274 682 fin
1286 647 1445 682 didicerat
1458 647 1499 683 ab
1511 647 1599 683 hisce
1609 649 1726 684 litteris
1738 650 1848 684 Sancti
1858 649 1968 685 Procli
1981 677 1988 684 .
2015 653 2109 688 Sacra

1229 697 1359 732 Divalis
1379 698 1503 734 interiit
1516 724 1526 740 ,
1551 699 1596 733 de
1614 699 1682 742 ipsa
1695 699 1773 735 vero
1798 700 1840 735 ad
1854 702 2041 744 praesentem
2051 701 2109 747 Sy⁴

1229 746 1353 782 nodum
1376 747 1462 789 dixit
1475 749 1597 784 Sabbas
1612 749 1795 794 Episcopus
1816 750 1992 785 Paltenfis:
2020 755 2112 786 Detu-

1226 800 1304 833 lerat
1325 796 1503 839 Athanafius
1525 802 1648 834 Sacram
1667 825 1678 842 ,
1718 810 1752 834 ut
1771 813 1830 835 non
1849 800 1967 846 sederet
1979 806 2111 835 Domnus

1227 849 1394 883 Theodorus
1408 849 1625 893 Metropolita
1634 851 1859 887 Damascenus
1883 859 1916 886 in
1930 851 2038 896 carisa,
2063 864 2113 887 ne-

1225 903 1462 987 que-Joannes,
1488 901 1637 948 proprius
1656 900 1724 947 ejus
1747 903 1968 951 Metropolim
1996 903 2115 939 Hiera-

1226 960 1270 997 po
1286 961 1413 987 uanus.

1277 1000 1384 1047 Ipsam
1407 999 1586 1037 mendaciis
1617 1002 1653 1038 &
1678 1001 1928 1048 obreptionibus
1954 1002 2085 1050 plenam
2102 1028 2113 1044 ,

1227 1061 1288 1085 nec
1301 1063 1371 1086 non
1382 1050 1451 1095 ejus
1461 1053 1718 1088 confirmatrices
1733 1055 1925 1089 Sanctorum
1939 1054 2060 1098 cyrilli
2078 1053 2113 1088 ὅ(

1227 1101 1339 1135 Procli
1351 1101 1475 1136 litteras
1491 1101 1668 1138 admiratus
1679 1104 1725 1138 est
1739 1105 1895 1139 Domnus
1907 1103 2113 1148 patriarcha,-

1226 1163 1279 1187 eas
1290 1162 1400 1189 tamen
1412 1163 1586 1189 veneratus
1609 1155 1688 1189 fecit
1701 1155 1791 1199 quod
1802 1155 1888 1191 dixit
1899 1154 2113 1199 postmodum

1228 1203 1262 1237 in
1279 1202 1419 1249 Synodo
1442 1204 1608 1247 praesenti:
1636 1206 1771 1249 ,Quando
1790 1204 1911 1249 ficscepi
1929 1205 2046 1239 litteras
2058 1206 2123 1238 Dei.

1227 1253 1484 1296 amantissimorum
1505 1253 1715 1297 Epifi‘oporum
1738 1257 1834 1290 Procli
1857 1257 2005 1295 &cyrilli
2019 1281 2030 1295 ,
2055 1266 2114 1288 me-

1227 1314 1290 1338 mor
1303 1301 1373 1347 sum
1397 1310 1469 1346 quia
1490 1305 1728 1347 &Athanafium
1749 1305 1803 1340 buc
1825 1311 1952 1342 evocavi
1970 1329 1982 1346 ,
2007 1307 2041 1340 o
2055 1308 2114 1338 Dei

1227 1354 1435 1394 amantiffimos
1461 1352 1622 1397 Episcopcis
1643 1358 1816 1392 Provincia
1842 1382 1854 1397 ,
1880 1366 1914 1391 ut
1940 1355 2004 1389 baec
2026 1353 2115 1398 causa

1226 1410 1468 1439 examinaretur.
1496 1406 1619 1441 Fecisse
1632 1404 1698 1441 hoc
1711 1407 1832 1442 sedicit
1848 1404 2009 1450 fi’cundum
2021 1404 2115 1438 Atha-

1228 1460 1297 1487 nau'
1313 1462 1437 1497 preces.
1464 1455 1601 1490 Etenim
1613 1455 1737 1491 Parrha
1761 1457 1808 1491 est
1821 1454 2013 1491 Antiochiae
2037 1455 2116 1490 vici-

1229 1515 1273 1538 na
1302 1529 1313 1546 ‚
1350 1503 1472 1538 distans
1496 1505 1537 1541 ad
1559 1505 1645 1541 *duas
1671 1505 1882 1543 solummodo
1907 1506 2112 1543 manfiones.

1230 1554 1384 1590 Proclum
1395 1556 1553 1589 Domnus
1564 1555 1697 1600 Cyrillo
1717 1558 1876 1601 praeponit
1884 1583 1896 1599 ‚
1922 1556 2012 1600 quod
2024 1566 2116 1590 nern-

1229 1616 1267 1648 pe
1293 1615 1417 1649 nuper,
1441 1605 1490 1641 uti
1502 1605 1538 1639 in
1560 1605 1677 1641 litteris
1690 1606 1732 1642 ad
1745 1607 1900 1643 Sanctum
1917 1607 2115 1641 Flavianum

1227 1654 1642 1699 Constantinopolitanum
1656 1656 1857 1701 Episcopum
1878 1656 1989 1691 scribit
2000 1654 2129 1696 Theon

2136 1582 2220 1623 Epist.
2241 1585 2293 1616 86·

1227 1705 1361 1739 doretus
1380 1729 1393 1746 ‚
1419 1706 1553 1741 tertium
1577 1707 1707 1750 Synodi
1731 1706 2136 1751 Constantinopolitanae,

1228 1756 1401 1791 canonem
1416 1781 1426 1796 ,
1446 1757 1502 1799 qui
1516 1756 1628 1801 Regiae
1658 1757 1805 1792 civitatis
1816 1757 1984 1801 Episcopo
2003 1757 2116 1791 secum·

1227 1805 1306 1840 dum
1319 1805 1466 1840 Ecclefiae
1477 1807 1588 1847 locum
1599 1806 1749 1841 attribuit
1759 1829 1770 1846 ‚
1796 1808 1970 1841 admififfet
1981 1832 1992 1848 ,
2011 1805 2115 1840 solen-

1227 1857 1312 1892 niter
1330 1866 1406 1891 cum
1417 1856 1536 1893 Sancto
1548 1855 1670 1893 Proclo
1692 1856 1735 1894 de
1745 1857 1851 1905 longa
1863 1850 1924 1893 ista
1945 1857 2003 1892 lite
2014 1855 2116 1903 stipu-

1228 1907 1328 1943 latus.
1798 1904 1820 1913 “’

1278 1957 1360 1991 Haec
1383 1955 1514 1993 Domni
1536 1957 1631 1995 verba
1644 1982 1656 1999 ,
1674 1956 1816 2002 'Quando
1831 1956 1947 2002 suscepi
1971 1957 2090 1993 litterar
2102 1980 2113 1998 ,

1225 2008 1281 2044 &a
1308 2007 1478 2042 Evincunt
1492 2018 1560 2042 non
1573 2006 1683 2043 statim
1695 2007 1714 2040 a
1725 2009 1862 2052 receptis
1872 2007 1988 2043 litteris
1998 2008 2114 2043 factam

1225 2058 1320 2092 fuisse
1341 2056 1428 2093 hanc
1450 2057 1643 2100 Synodum.
1671 2058 1736 2092 Rei
1755 2057 1909 2094 ordinem
1929 2057 2056 2101 aperuit
2077 2057 2116 2090 in

1226 2107 1364 2151 synodo
1390 2107 1654 2143 chalcedonensi
1681 2119 1753 2142 reus
1779 2107 1981 2143 Athanasius
2010 2118 2019 2139 ε
2045 2109 2123 2141 Mea.

1224 2156 1314 2201 causa
1335 2159 1446 2202 alonge
1467 2167 1597 2199 tempore
1618 2157 1757 2192 inchoata
1777 2157 1835 2199 est,
1857 2160 1892 2193 Θ
1912 2156 1989 2191 banc
2011 2157 2118 2191 audie·

1226 2209 1300 2241 bant
1319 2207 1416 2242 beatae
1443 2213 1594 2242 memoria
1604 2210 1730 2247 cyrillus
1753 2209 1944 2246 &Pnacium
1973 2208 2116 2242 &certas

1226 2258 1348 2301 formas
1369 2257 1551 2301 scripserunt
1577 2261 1692 2291 Domno
1715 2284 1726 2300 ,
1752 2265 1804 2302 qui
1822 2258 1892 2301 fuit
1917 2255 2116 2292 Antiochensis·

1227 2307 1413 2351 Episcopus,
1434 2308 1622 2351 promifitque
1643 2309 1692 2343 ille
1714 2321 1768 2343 eas
1789 2310 1930 2351 complere
1950 2333 1958 2342 .
1984 2311 2030 2341 Et
2048 2308 2115 2340 cum

1225 2359 1397 2402 cognoviffl’t
1408 2367 1530 2392 mortem
1554 2359 1633 2394 beata·
1646 2359 1748 2397 cyrilli·
1762 2383 1772 2398 ‚
1798 2358 1922 2403 resilivit
1933 2382 1944 2398 ‚
1963 2358 1999 2391 ὁ·
2014 2357 2118 2397 adju-

1227 2410 1342 2443 dicium
1354 2420 1400 2443 me
1413 2414 1552 2444 vocavit.
1582 2412 1650 2451 Ego
1665 2406 1800 2451 rescripsi
1806 2433 1817 2448 ,
1842 2413 1914 2450 quta
1917 2406 1949 2448 fi
1953 2407 2043 2441 vellet
2048 2414 2117 2447 per«

1225 2469 1345 2493 manere
1365 2463 1398 2490 in
1423 2460 1507 2492 datis
1519 2496 1522 2498 v
1523 2456 1683 2500 sententiis
1706 2457 1744 2490 ab
1756 2455 2012 2501 Archi-Episcopis
2025 2479 2036 2495 ‚
2057 2464 2117 2498 pae-

1229 2516 1314 2542 ratus
1334 2509 1418 2550 essem
1428 2520 1443 2549 ;
1464 2507 1576 2549 fivero
1595 2509 1687 2543 vellet
1711 2509 1799 2540 aliud
1816 2509 1957 2549 aliquid,
1984 2517 2042 2539 non
2063 2516 2117 2540 au-

1226 2560 1291 2593 dire
1311 2568 1357 2590 me
1377 2559 1443 2598 eJus
1463 2564 1634 2593 citationem
1660 2582 1666 2589 .
1692 2559 1788 2590 Semel
1809 2563 1890 2591 enim
1905 2557 2115 2600 praecedentes

1226 2606 1366 2651 Episcopi
1390 2619 1455 2643 rem
1465 2609 1648 2648 certtffimam
1669 2608 1882 2643 decreverunt.
1907 2605 1971 2641 Per
1991 2607 2115 2642 sacram

1227 2658 1382 2693 Divalem
1395 2681 1406 2696 ‚
1432 2669 1469 2691 ac
1479 2659 1548 2701 ejus
1570 2658 1829 2694 confirmatrices
1846 2659 2039 2694 Sanctorum
2050 2655 2118 2701 Cy·

1228 2707 1294 2742 rilli
1319 2707 1474 2742 &Procli
1498 2707 1622 2743 litteras
1644 2710 1708 2743 effe
1718 2708 1906 2749 restitutus,
1932 2708 2047 2744 &non
2069 2706 2118 2750 ju-

1227 2759 1330 2793 dicati
1342 2758 1482 2802 amplius
1493 2782 1504 2800 ,
1532 2758 1587 2793 sed
1599 2757 1666 2792 dati
1675 2758 1694 2794 a
1714 2759 1815 2793 tantis
1827 2755 2026 2792 patriarchis
2034 2755 2118 2800 judi-

1228 2810 1273 2845 cii
1294 2809 1525 2844 executionem
1539 2808 1714 2845 dumtaxat
1735 2810 1883 2852 accipere
1893 2808 2000 2845 voluit
2010 2806 2119 2842 Atha-

1229 2860 1359 2899 nasius,
1386 2859 1476 2905 quod
1501 2859 1623 2894 merito
1642 2860 1787 2894 refutans
1800 2861 1958 2896 Domnus
1980 2856 2116 2894 tandem

1229 2910 1340 2954 coegit
1354 2908 1439 2945 hanc
1451 2909 1573 2954 viginti
1584 2911 1660 2943 osto
1676 2910 1918 2954 Episcoporum
1931 2907 2118 2955 Synodum,

1230 2972 1313 3004 quos
1339 2960 1425 2993 inter
1452 2961 1585 2994 fuerunt
1606 2960 1706 2994 etiam
1732 2961 1876 3002 Ioannes
1898 2957 2119 3002 Hierapolita-
2160 2994 2163 2996 μ

1235 3022 1320 3050 nus,
1343 3011 1379 3044 δε
1399 3008 1602 3045 Theodorus
1624 3010 1777 3045 Damasci
1800 3009 2040 3053 Metropolim,
2064 3018 2117 3043 ex·

1231 3061 1307 3095 clufi
1330 3071 1386 3103 per
1407 3061 1529 3094 sacram
1550 3059 1729 3103 Divalem,
1755 3061 1844 3095 &de
1865 3059 1984 3104 quibus
2002 3057 2043 3091 ad
2060 3057 2118 3098 sy-

1235 3110 1361 3144 nodum
1389 3108 1695 3146 Chalcedonensem
1729 3111 1871 3154 perrexit
1898 3106 2115 3144 Athanasius:

1236 3159 1458 3203 Accusavit-os,
1484 3165 1536 3203 qui
1545 3162 1709 3195 adversum
1721 3173 1768 3196 me
1789 3159 1957 3195 machinati
1958 3155 2053 3200 sunt,
2081 3156 2116 3188 6·

1226 3212 1376 3256 jufferunt
1396 3209 1532 3244 Proclus
1553 3211 1588 3245 ὅς
1610 3211 1757 3254 Cyrillus
1778 3222 1836 3244 non
1859 3206 1988 3250 intereffe
2004 3206 2118 3247 judicio

1236 3274 1306 3302 eos,
1332 3262 1473 3305 quiame
1488 3260 1618 3305 fuerant
1638 3259 1783 3304 accusati.
1811 3259 1904 3295 Hinc
1925 3266 2032 3299 neque
2057 3255 2119 3298 pri·

1237 3323 1295 3345 mae
1318 3322 1424 3355 neque
1445 3311 1593 3346 secundae
1611 3311 1802 3347 evocationi
1826 3318 1956 3353 parere,
1981 3316 2037 3339 aut
2059 3306 2120 3348 Sy-

1239 3362 1329 3397 nodo
1340 3362 1371 3396 se
1381 3361 1486 3395 sistere
1498 3361 1603 3396 voluit
1617 3359 1812 3395 Athanasius
1822 3383 1833 3399 ‚
1860 3356 1947 3399 ajens
1965 3356 2122 3390 inimicos

295 3420 329 3444 re
342 3420 399 3442 non
421 3410 522 3452 cessat:
549 3415 616 3445 Nec
641 3420 675 3446 ut
686 3408 819 3456 accuset,
840 3409 898 3455 sed
918 3420 952 3444 ut
961 3409 1106 3455 fiapplicet
1128 3410 1187 3447 ba·
1217 3425 1219 3429 ·
1241 3412 1375 3449 suosuti
1396 3410 1521 3456 judices
1534 3409 1693 3448 adsidere.
1715 3410 1827 3456 Qare
1836 3418 1897 3454 pro
1917 3407 2011 3454 ipso,
2035 3415 2124 3439 tam-

1972 3466 2072 3500 quam
