2340 3736
64 2051 94 2082 F.
111 2054 177 2086 4822

77 3330 106 3358 F.
129 3327 192 3364 485.

526 138 574 186 D
609 135 634 183 ii

213 222 334 277 secundo
343 225 391 259 die
401 223 595 267 menfisJunii
607 221 782 266 praesentis,
802 224 896 275 junia
917 219 1083 263 Ecclefi‘asti-

217 275 498 320 carumsanc‘lionum
509 276 630 307 Decreta
639 298 649 313 ‚
662 274 682 304 ἃ
687 271 791 316 sanda
801 273 906 310 synodo
915 271 1081 314 depofitum,

701 128 1169 190 Cotssieiito
1238 131 1723 181 EinnsiNo.

1907 152 1959 184 11

1144 218 1178 251 ὁ*
1187 214 1294 260 absque
1308 215 1475 260 discrimine
1486 226 1650 260 quempiam
1661 221 1778 251 omnino
1789 244 1799 259 ,
1826 221 1877 252 vel
1885 221 1927 251 ad
1934 226 2021 261 pium

1145 272 1324 301 Comitatum
1335 291 1346 306 ,
1374 266 1426 300 vel
1444 272 1475 298 in
1498 267 1588 300 alium
1601 269 1726 311 aliquem
1745 269 1835 301 locum
1858 271 2025 302 amandare

217 335 305 369 atque
324 326 361 359 ab
385 332 462 363 omni
475 323 660 365 Ecclesiastico
675 324 772 366 gradu
796 323 921 355 alienum
947 320 1014 364 effe.
1042 321 1085 353 Et
1143 318 1290 360 pofflmus.
1317 321 1403 349 Nam
1413 314 1638 358 quotiescumque
1651 331 1707 359 ea,
1727 318 1927 360 quaerriifimus
1939 343 1949 358 ‚
1963 320 2027 351 red.

218 375 380 410 subditur.
406 373 473 408 Haec
484 373 639 415 Epistola,
664 375 710 406 die
729 374 946 405 damnationem
960 368 1088 412 eJusdem

218 426 347 467 Nestorii
353 426 486 468 proxime³
495 421 639 466 consecuta
649 448 658 463 ,
684 423 729 455 ad
737 420 829 464 ipsum
839 420 1001 466 transmtffa
1020 419 1057 460 est
1070 420 1090 450 a

213 475 320 520 sanda
327 476 447 514 synodo.
473 474 572 522 Qod
585 475 593 506 i
599 474 688 515 psum
698 472 738 504 de
749 470 830 504 datae
841 481 936 513 atque
949 470 1005 503 insi
1013 481 1089 502 nua-

218 535 260 561 tae
269 526 433 560 sententiae
443 525 495 558 die
508 524 610 557 asserit
621 520 753 555 Relatio
778 519 944 562 synodalis
965 519 1004 552 ad
1019 519 1091 553 Cle·

218 586 292 611 xum
314 570 721 616 constantinopolitanum
746 593 753 600 .
780 568 910 612 Nempe
933 568 1090 613 AEgyptii

219 626 354 659 cunnos
369 625 489 658 menses
509 619 642 663 aequales
663 619 799 663 triginta
812 619 938 653 dierum
950 617 1070 652 habent
1083 643 1093 659 ,

220 675 360 718 ideoque
372 672 477 717 quoad
489 671 631 714 quinque
656 680 711 703 aut
732 670 785 703 sex
806 669 875 703 dies
897 669 1093 712 quandoque

222 723 264 759 ab
288 724 350 757 illis
360 723 586 763 discrepamusi

273 770 588 808 Proindeinfinuatae
598 769 764 804 sententiae
777 769 843 803 dies
852 769 915 803 fuit
938 769 1026 813 Junii
1051 769 1097 802 vi·

225 823 342 869 gefima
356 821 463 854 tertia.
493 820 603 853 Etiam
618 830 696 854 tunc
721 819 800 853 faeta
815 819 860 852 est
884 819 971 865 illius
994 818 1095 862 publi-

226 874 315 908 catio
326 871 477 909 solennis,
491 870 531 904 de
543 880 604 913 qua
618 869 658 903 ad
672 870 832 912 Joannern
847 867 1097 902 Antiochenam

226 921 353 965 questus
374 920 419 954 est
440 921 562 953 Comes
575 918 817 953 Candidianus.
842 921 975 961 Sequenti
998 919 1097 951 latam

226 970 419 1006 sententiam
442 971 510 1009 die,
536 970 600 1001 cum
615 969 735 1011 penitus
758 993 768 1009 ,
794 970 869 1011 quid
891 969 988 1001 actum
1008 969 1072 1010 effet
1089 993 1098 1007 ‚

227 1019 365 1064 nescirem
376 1045 385 1059 ‚
411 1018 734 1062 repentesanc‘liffimum
746 1017 922 1060 Episcopum
933 1018 1099 1057 Nestorium

228 1069 341 1112 abipfis
352 1070 403 1113 effe
424 1069 576 1112 depofitum
605 1070 727 1102 audivi·
752 1068 848 1110 Refixi
867 1071 1044 1111 Scripturam
1067 1068 1095 1100 ὶΙ7

229 1121 292 1153 lam
302 1118 597 1162 depofitionispublice
603 1117 776 1161 propositam
786 1143 796 1159 ‚
822 1130 910 1160 quam
919 1120 962 1151 ad
967 1121 1100 1161 piiffrmos

230 1175 422 1213 Imperatores
435 1169 537 1210 nostres
548 1168 625 1212 mifi-
652 1168 809 1210 Paulopqll
834 1169 868 1202 (⁶5
886 1169 1015 1211 publicos
1036 1180 1100 1210 quo·

230 1232 285 1262 que
293 1229 440 1262 praecones
445 1219 545 1260 forum
562 1218 696 1252 obeuntes
707 1244 718 1259 ,
743 1226 947 1262 memoratique
963 1217 990 1262 s
983 1219 1100 1260 anlltffi-

230 1276 272 1302 mi
282 1267 419 1312 Episcopi
431 1273 467 1300 N
469 1268 561 1309 estorii
577 1266 898 1311 depofitionemfhlenni
904 1277 1016 1312 pompa
1024 1269 1103 1302 ebuc-

230 1325 363 1353 cinanm
374 1320 475 1351 inidio.
499 1319 574 1350 Cum
583 1325 672 1361 igitur
693 1317 758 1352 haec
775 1317 947 1362 resciviffem
960 1343 970 1359 ‚
995 1318 1102 1351 inhibi-

230 1374 323 1403 tiones
334 1370 377 1400 ad
386 1369 448 1401 illos
459 1368 524 1410 mifi
530 1393 540 1409 ,
567 1380 603 1402 ne
612 1370 686 1411 quid
694 1370 809 1401 omnine
816 1370 931 1409 praeter
952 1380 988 1402 ea
1002 1393 1011 1408 ,
1037 1380 1102 1410 quae

231 1421 252 1451 ὰ
263 1418 462 1462 religiofiffimis
475 1418 576 1458 nostris
586 1418 812 1461 [inperatoribus
822 1419 939 1452 decreta
953 1418 1079 1461 fuerant
1093 1443 1102 1459 ‚

232 1469 419 1502 molirentur.
446 1467 543 1502 Adeo
564 1470 663 1513 igitur
686 1468 886 1502 Candidiani
910 1469 1102 1503 refixionem

232 1520 350 1562 sprevit
364 1518 537 1561 synodus,
565 1529 600 1552 ut
612 1519 745 1553 refixam
771 1519 964 1553 sententiam
985 1519 1103 1553 curarit

232 1567 333 1612 longe
341 1568 506 1602 solennius
517 1580 571 1612 pet
582 1568 728 1612 publicos
739 1581 900 1613 praecones
923 1568 1103 1613 promulga-

232 1619 261 1652 ri
272 1643 283 1659 ,
307 1620 340 1652 ὅ(
353 1618 508 1652 Canones
519 1618 682 1662 praevalere
695 1619 808 1663 Regiis
822 1619 960 1653 Edistis.

283 1667 407 1700 Verum
420 1667 459 1700 ab
469 1666 529 1701 hac
541 1669 698 1702 sententia
713 1681 790 1702 mox
804 1669 978 1712 appellavit
989 1668 1107 1702 Nesto·

235 1717 301 1751 rius
322 1741 333 1756 ‚
358 1718 393 1751 ὃς
411 1716 430 1748 ὲ
449 1718 692 1760 circumscripto
713 1719 748 1751 in
771 1719 862 1752 suum
889 1720 1106 1761 patrocinium

233 1766 388 1808 Principe
403 1776 458 1808 per
472 1777 571 1799 novas
585 1778 692 1809 preces
703 1768 880 1801 mendaciis
903 1769 1035 1802 onustas
1055 1779 1108 1801 ex—

234 1814 410 1860 postulavit
433 1827 552 1849 novam
572 1816 746 1860 Synodum
772 1842 783 1857 ,
818 1816 945 1860 ejusque
971 1829 1109 1852 conatus

234 1876 292 1909 per
316 1865 430 1899 similes
450 1865 643 1900 Relationes
683 1866 811 1901 strenu&
836 1867 959 1910 adjuvit
987 1867 1109 1901 Comes

234 1914 464 1950 Candidianus
476 1941 485 1955 ,
512 1916 610 1949 etiam
625 1918 657 1950 in
673 1918 739 1960 ipsa
753 1915 963 1957 Ef-vhessorum
983 1914 1107 1952 Metro?

241 1965 309 2010 poli
324 1977 473 2009 operatus
485 1966 613 2009 pe-ffima
628 1991 637 2006 ‚
664 1978 734 2010 quae
753 1967 846 2002 refert
856 1967 1019 2002 Memnon
1033 1967 1110 2010 ejus:

234 2016 309 2050 dem
336 2016 480 2049 civitatis
510 2016 686 2060 Episcopus
711 2018 743 2050 in
772 2018 887 2051 litteris
908 2020 947 2051 ad
976 2018 1110 2052 Clerum

238 2065 647 2108 Constantinopolitanum
659 2094 666 2099 .
695 2067 986 2110 Mctgnificentiffimus
1006 2072 1109 2100 Comes

238 2114 445 2146 Candidianus
454 2114 563 2146 milites
575 2117 723 2147 interdum
735 2125 766 2148 in
789 2130 840 2150 nos
849 2125 997 2150 concitant
1019 2128 1111 2151 totam

236 2170 391 2198 civitatem
409 2163 679 2196 tumultuationibus
691 2166 793 2206 implet
806 2190 814 2205 ‚
842 2178 1020 2208 omniumque
1026 2167 1114 2208 simul

237 2219 314 2247 vitae
328 2213 540 2253 neceffariorum
551 2218 754 2253 importatione
761 2224 817 2255 per
827 2216 978 2255 mstodiam
990 2228 1040 2248 nos
1048 2222 1110 2257 pri-

237 2272 310 2296 vat.
339 2266 410 2294 Non
419 2270 523 2301 paucos
536 2273 642 2304 quoque
668 2275 703 2295 ex
717 2267 871 2306 Zeuxippo
884 2290 891 2300 ,
919 2275 969 2307 qui
992 2265 1113 2306 depofito

236 2312 370 2353 Nestor-io
380 2311 556 2349 adbaerent,
582 2321 732 2353 permittit
753 2321 786 2346 in
806 2326 856 2347 nos
882 2315 916 2347 (ν’
936 2325 1027 2347 totam
1042 2313 1112 2357 san-

235 2363 313 2396 c‘Jam
323 2363 461 2400 synodum
471 2363 655 2394 contumelias
666 2361 813 2402 effundere
826 2389 836 2404 ‚
860 2371 910 2406 qui
935 2367 968 2398 (9¹
990 2365 1022 2396 ob
1037 2364 1113 2397 hanc

236 2411 351 2456 causam
371 2413 507 2444 aluntur.
533 2414 619 2456 ,Quin
641 2420 730 2445 etiam
753 2426 802 2446 nos
824 2423 926 2455 parva
950 2415 1114 2453 rusticorum

237 2463 391 2495 multitudo
397 2471 452 2503 per
470 2462 532 2494 illos
540 2463 721 2503 petulantius
735 2475 784 2495 nos
796 2463 1044 2506 inse-&antiumex
1059 2469 1113 2497 Ec-

237 2511 392 2555 clefiasticis
402 2511 604 2554 posseffiombus
615 2520 767 2546 convenit.
792 2513 830 2547 In
852 2514 1046 2548 Memnonis
1074 2526 1110 2546 ac

239 2562 380 2596 aliorum
396 2562 476 2594 Afiae
500 2561 733 2605 Episcoporum
757 2558 962 2607 pofleffiones
983 2564 1111 2597 immisit

240 2623 374 2646 manum
388 2610 525 2655 Regiam
539 2636 549 2650 ,
577 2623 749 2656 earumque
768 2614 901 2647 rusticos
922 2615 1028 2647 servos
1048 2625 1114 2647 mo-

240 2661 290 2694 vit
304 2661 336 2693 in
350 2661 521 2694 dominos:
551 2661 660 2708 Qam
676 2662 839 2697 violentiae
850 2663 985 2706 sps-ciem
1010 2664 1113 2697 credi-

242 2720 295 2745 tur
307 2710 340 2743 in
352 2711 505 2744 Sanstum
520 2710 673 2745 Baiilium
688 2713 887 2747 adinvenisse
909 2712 1032 2747 Valens
1054 2713 1115 2746 Im·

242 2770 371 2804 perator
382 2759 542 2801 Arimus,
570 2761 814 2806 frequenterque
839 2764 1000 2805 usurpavit
1023 2762 1116 2806 lusti-

242 2810 364 2844 nianus
390 2810 554 2854 Augustus
573 2836 580 2842 .
606 2812 794 2855 Zeuxippus
815 2813 1117 2855 Constantinopoli-

244 2868 340 2894 tanus
351 2870 441 2893 erant
456 2860 643 2904 amplissima
657 2861 799 2896 militum
814 2861 925 2895 balnea
937 2888 946 2902 ,
972 2862 1116 2905 adeoque

242 2909 296 2943 isti
321 2909 545 2943 contumeliosi
566 2910 660 2945 fuisse
690 2912 841 2946 videntur
862 2912 994 2945 illorum
1018 2912 1116 2946 servi.

242 2958 372 2992 Similes
396 2958 579 2994 insolentias
602 2961 727 2995 addidit
759 2963 791 2996 ὅ(
819 2962 940 2996 Comes
960 2962 1114 3001 Irenaeus,

242 3008 286 3041 de
298 3019 363 3050 quo
377 3009 540 3049 synodalis
552 3010 684 3044 Relatio
708 3012 748 3045 ad
763 3011 965 3055 Principem.
993 3015 1117 3045 Univer-

241 3055 448 3101 samsanc‘lam
457 3060 595 3097 synodum
606 3060 795 3095 vehementer
815 3062 1000 3094 conturbavit
1014 3086 1025 3101 ‚
1050 3071 1116 3094 tan-

244 3116 362 3148 tamque
373 3106 523 3150 Episcopis
531 3108 721 3149 formidinem
740 3120 796 3154 per
805 3111 945 3154 quasdam
965 3111 1116 3144 tumultua-

246 3163 339 3190 tiones
363 3158 560 3190 &externam
580 3160 878 3201 incurfionemincufflt
891 3186 901 3202 ,
925 3171 959 3194 ut
977 3162 1077 3204 plures
1103 3163 1118 3194 e*

246 3205 327 3240 nobis
338 3213 429 3239 etiam
439 3208 475 3240 de
486 3213 553 3241 vita
570 3211 810 3250 periclitarentur
818 3237 825 3243 .

295 3255 503 3291 orthodoxis
514 3258 592 3291 item
607 3258 772 3304 Episcopis
797 3262 830 3295 &
841 3272 929 3296 mare
954 3262 988 3296 &
1001 3270 1117 3295 terram

246 3306 436 3341 clauserunt.
467 3307 647 3342 Audiamus
659 3309 783 3352 Synodi
795 3310 918 3345 litteras
929 3311 969 3346 ad
983 3311 1116 3344 Clerum

248 3356 673 3399 Constantinopolitanum.
697 3360 774 3392 Sciat
787 3363 888 3393 Pietas
910 3361 1007 3401 vestra
1019 3359 1119 3402 Ephe-

246 3403 311 3448 sum
318 3407 446 3447 perinde
470 3418 653 3441 accarcerem
660 3410 779 3449 prorsus
805 3421 855 3442 nos
870 3410 1039 3443 inhabitare
1051 3434 1061 3448 ‚
1087 3416 1119 3442 in

253 3466 310 3497 qua
314 3457 384 3496 jam
395 3455 537 3496 trimestre
540 3455 671 3499 spatium
684 3457 768 3500 usque
780 3459 852 3491 adeo
863 3459 942 3492 arete
961 3458 1061 3500 inclufi
1078 3469 1120 3492 te-

255 3515 355 3539 nemur
366 3529 376 3544 ,
400 3515 433 3537 ut
444 3517 531 3548 neque
538 3515 592 3548 per
604 3519 685 3540 mare
698 3532 708 3547 ,
735 3520 823 3550 neque
836 3516 894 3552 per
915 3519 1011 3547 terras
1032 3507 1121 3543 liber?

350 3553 455 3597 christ.
470 3559 549 3600 Lupi
574 3561 660 3601 Oper.
674 3560 793 3593 Tomill.

1147 369 1180 400 di
1203 372 1321 410 contigit
1343 391 1354 407 ,
1378 378 1411 400 ut
1433 366 1579 399 tabellarii
1593 364 1734 408 sexcenta
1753 374 1829 402 vitae
1854 369 1886 400 di
1900 373 2026 400 crimina

1149 418 1313 451 evaderent
1325 441 1336 456 ,
1363 423 1395 449 in
1404 417 1481 448 alias
1507 426 1592 457 atque
1603 416 1678 447 alias
1687 417 1802 457 formas
1808 416 1870 461 sese
1881 415 2027 458 transfor·-

1150 479 1229 500 mare
1241 464 1425 509 condiisunt.
1451 467 1544 510 Quod
1553 475 1651 498 autem
1663 475 1725 497 tam
1736 469 1889 510 diligenter
1910 467 2029 509 custodi7

1151 529 1215 551 mur
1227 543 1237 557 ‚
1263 516 1313 549 boc
1323 517 1442 548 aliunde
1453 528 1510 549 non
1517 521 1680 558 provenit,
1707 527 1794 556 quam
1812 519 1888 558 quod
1898 519 1940 549 ad
1957 510 2029 559 piis·

1145 566 1231 609 fimos
1243 571 1436 608 Imperatores
1448 573 1546 599 omnia
1557 576 1658 598 contra
1667 577 1717 598 nos
1732 564 1816 606 falso
1838 567 2010 608 deferuntur
2022 591 2029 597 .

1153 616 1245 651 Hinc
1258 616 1382 651 dudum
1410 618 1443 650 ὃς
1457 616 1612 659 Princeps
1626 640 1635 654 ‚
1661 615 1816 649 &omnis
1840 618 1879 649 ad
1903 616 2031 658 Synodi

1153 668 1329 701 successum
1341 664 1457 700 anhela
1469 666 1586 700 civitas
1597 665 1703 709 Regia
1714 665 1754 699 de
1765 664 1910 699 Nestoi-ii
1935 667 2034 709 depo-

1155 717 1270 750 sitione
1298 717 1332 750 &
1355 717 1448 750 causa
1471 714 1553 749 nihil
1578 716 1761 755 sciverunt,
1789 715 1844 748 nifi
1862 715 2032 749 mendacia

1157 766 1356 801 Candidiani
1371 791 1381 804 ,
1408 767 1599 800 attentantis
1609 763 1694 799 hanc
1707 764 1899 798 violentiam
1923 764 2034 807 vigore

1157 815 1418 856 SacraeDivalis,
1446 827 1516 860 quae
1537 815 1714 849 mandabat
1738 815 1863 848 nemini
1891 814 2035 857 permitti

1158 865 1280 900 abitum
1303 865 1321 899 ὲ
1344 866 1505 909 Synodo,
1533 877 1574 899 ne
1594 866 1726 908 quidem
1750 865 1789 898 ad
1809 864 2033 898 Comitatum.

1159 915 1283 950 Verum
1296 914 1451 950 addebat:
1479 919 1555 949 Ante
1580 922 1678 948 omnia
1698 917 1815 948 decreta
1838 915 1872 947 (5
1887 911 2009 954 definita
2028 937 2037 945 .

1158 966 1304 1012 Qdam
1340 967 1474 1000 tandem
1503 966 1671 999 mendicus
1707 964 1878 1008 synodales
1914 964 2038 998 litteras

1160 1017 1340 1050 arundineo
1362 1016 1499 1059 scipioni
1526 1015 1672 1056 inclusit,
1702 1014 1922 1049 mendicando
1946 1014 2038 1047 Con-

1161 1066 1410 1108 stantinopolim
1422 1066 1559 1106 detulit,
1587 1065 1784 1110 tradiditque
1806 1063 1947 1108 superins
1969 1063 2038 1097 lau·

1162 1117 1238 1149 dato
1246 1115 1418 1149 Dalmatio
1430 1114 1706 1149 Archimandritae
1718 1141 1727 1156 ‚
1753 1116 1809 1158 qui
1827 1126 1880 1148 eas
1894 1112 2037 1157 primam

1161 1165 1327 1207 Principi,
1353 1164 1476 1198 deinde
1496 1166 1528 1197 in
1544 1166 1650 1198 Sansti
1677 1165 1786 1198 Mocii
1811 1164 1951 1198 Ecclesia
1973 1164 2038 1197 toti

1164 1215 1285 1260 populo
1303 1215 1505 1259 divulgavit,
1532 1213 1716 1247 exclamans
1741 1215 1774 1247 &
1795 1214 1813 1245 ὲ
1837 1214 1962 1248 ωηᾶἱς
1984 1222 2040 1248 ex-

1164 1265 1294 1300 clamari
1318 1264 1460 1299 faciens:
1488 1263 1653 1297 Anatbema
1675 1263 1822 1304 Nestor-io.

1247 1484 1501 1535 CAPUT
1551 1486 1960 1552 QJARTUM.

1261 1628 1420 1678 Joanm‘s
1461 1623 1698 1673 Patriarchae
1741 1625 1958 1673 Antiochen?

1393 1694 1577 1743 adventus
1610 1700 1669 1741 Φ
1704 1694 1807 1742 Αἶὲιτ
1821 1732 1834 1744 .

1260 1812 1391 1847 Andem
1405 1812 1484 1859 ergo
1499 1812 1662 1858 Ephesum
1677 1815 1810 1849 advenit
1833 1816 1975 1859 joannes
1993 1814 2054 1848 Pa-'

1285 1862 1421 1898 triarcha
1448 1863 1679 1899 Antiochenus
1700 1891 1707 1897 .
1745 1865 1877 1899 Etenim
1901 1866 1957 1909 qui
1979 1865 2052 1908 ipso

1170 1924 1280 1957 coeptae
1291 1914 1551 1957 Synodidieper
1576 1915 1659 1949 duos
1669 1915 1900 1958 Metropolitas
1921 1914 2054 1948 manda-

1171 1975 1218 1998 rat
1236 1964 1266 1997 se
1289 1975 1355 1997 non
1369 1966 1604 2008 expectandum
1617 1990 1626 2006 ,
1654 1977 1708 2009 per
1727 1965 1964 2010 Magistrianos
1986 1964 2054 1998 Co-

1171 2014 1242 2047 miti
1254 2013 1471 2048 Candidiano
1483 2016 1626 2056 promisit
1638 2016 1668 2048 se
1680 2014 1768 2048 brevi
1780 2014 1966 2048 adfuturum
1980 2039 1990 2054 ,
2002 2014 2054 2047 uti

1172 2066 1203 2096 in
1217 2063 1392 2097 Relatione
1404 2065 1443 2098 ad
1455 2065 1642 2108 Principem
1654 2066 1786 2099 testatur
1799 2066 1862 2108 ipse
1871 2065 2052 2098 Nestorius.

1175 2115 1331 2157 Evagrius
1344 2112 1591 2156 Epiphanienfis
1601 2115 1764 2148 advenisse
1775 2115 1857 2147 dicit
1869 2115 1987 2157 quinto
1998 2114 2054 2147 die

1173 2164 1241 2205 post
1263 2163 1455 2195 damnatum
1480 2162 1687 2197 Nestorium.
1717 2164 1758 2196 Et
1781 2163 1903 2198 Cones
1929 2163 2056 2197 Candi-

1172 2213 1288 2245 dianus
1311 2212 1344 2244 in
1366 2213 1428 2245 suis
1440 2213 1478 2247 ad
1504 2211 1595 2246 illum
1620 2213 1858 2256 querimoniis:
1886 2214 1961 2246 Cum
1982 2222 2054 2246 ante

1168 2268 1318 2303 proximos
1327 2269 1455 2303 quinque
1467 2263 1528 2294 dies
1553 2261 1691 2305 Episcopi
1713 2269 1745 2295 in
1757 2262 1882 2302 Ecclesia
1901 2261 2053 2305 convenis-

1166 2310 1235 2354 sent
1247 2336 1254 2342 .
1282 2310 1438 2344 Attamen
1454 2312 1485 2344 in
1500 2322 1603 2355 graeco
1616 2314 1783 2346 dumtaxat
1809 2311 1945 2345 habetur
1956 2338 1966 2353 ,
1993 2315 2054 2346 Per

1172 2359 1248 2404 hosce
1262 2362 1348 2401 dies,
1377 2373 1512 2395 numero
1527 2374 1594 2395 non
1615 2362 1755 2404 adjeci).
1784 2364 1826 2396 Et
1849 2362 1981 2397 Relatio
2004 2362 2055 2405 sy-

1176 2410 1301 2444 nodalis
1314 2412 1351 2444 ad
1366 2410 1551 2454 Principem
1567 2413 1656 2446 missa
1683 2425 1736 2455 per
1747 2412 1931 2446 Palladium
1943 2411 2051 2456 Magi-

1176 2461 1347 2494 strianum.
1369 2463 1399 2504 J
1401 2473 1509 2494 oannes
1520 2460 1680 2504 Episcopus
1702 2462 1895 2496 Antiochenus
1914 2460 2050 2505 sandiam

1172 2511 1309 2549 synodum
1318 2512 1378 2552 post
1391 2518 1548 2544 terminum
1574 2515 1594 2545 ἃ
1606 2513 1703 2552 vestra
1731 2513 1883 2553 Majesiate
1902 2512 2052 2554 praeflitu-

1174 2570 1235 2592 tum
1251 2559 1345 2603 supra
1366 2562 1428 2594 dies
1451 2567 1561 2604 viginti
1589 2563 1622 2595 Cu·
1641 2574 1730 2594 unum
1746 2560 1916 2605 fitspensam
1938 2569 2049 2594 tenuit.

1175 2610 1308 2644 Relatio
1329 2623 1382 2651 per
1408 2611 1585 2654 Episcopos
1607 2611 1750 2655 Legatos
1778 2613 1866 2645 missa
1888 2611 1982 2644 illum
1997 2613 2053 2644 vix

1175 2662 1385 2703 comparuisse
1398 2661 1477 2695 dicit
1490 2661 1543 2694 die
1557 2662 1705 2705 vigesima
1729 2662 1866 2695 secunda
1881 2661 1949 2703 post
1973 2671 2052 2694 tem-

1178 2722 1233 2753 pus
1246 2710 1438 2753 praefinitum
1451 2736 1461 2751 ,
1489 2710 1522 2744 id
1535 2710 1578 2744 est
1590 2736 1600 2752 ,
1627 2712 1679 2744 die
1693 2711 1779 2754 Junii
1795 2710 1948 2754 vigesimo
1969 2711 2052 2744 octa-

1177 2773 1239 2801 vo,
1267 2760 1335 2802 post
1348 2760 1539 2797 Nestorium
1562 2762 1752 2794 damnatum
1766 2761 1856 2793 sexto
1872 2784 1880 2791 .
1906 2759 1953 2792 At
1975 2758 2052 2793 ver&

1176 2810 1247 2844 Ibis
1264 2810 1379 2844 Edeffae
1403 2810 1583 2853 Episcopus
1596 2835 1605 2850 ‚
1630 2809 1648 2843 ὲ
1662 2811 1799 2854 joannis
1817 2807 1992 2843 comitibus
2017 2810 2052 2844 δε

1175 2859 1402 2902 Metropolitas
1415 2871 1498 2893 unus
1510 2884 1522 2899 ‚
1549 2859 1694 2903 adeoque
1705 2859 1793 2894 testis
1805 2857 2053 2903 irrefragabilis,

1178 2913 1209 2944 in
1223 2910 1341 2943 fimosa
1355 2909 1409 2942 sna
1436 2909 1578 2953 Epistola
1602 2909 1708 2944 scribit
1732 2908 1830 2953 longe
1847 2908 1960 2943 aliter:
1987 2907 2053 2948 Post

1176 2961 1245 2992 duos
1255 2961 1319 2993 dies
1330 2960 1528 2993 damnationis
1542 2963 1577 2991 N
1579 2959 1669 2999 estorii
1682 2966 1816 2993 venimus
1837 2965 1869 2992 in
1882 2956 2033 3001 Ephesum
2044 2981 2053 2989 .

1176 3011 1276 3056 Qod
1292 3010 1393 3052 ipsum
1405 3009 1487 3043 dicit
1510 3011 1544 3042 in
1559 3009 1723 3043 Breviario
1746 3009 1916 3043 Liberatus
1933 3008 2054 3041 Diaco·
2069 3025 2143 3064 Cap·
2162 3034 2187 3061 ς,

1181 3072 1238 3093 nus
1263 3059 1411 3093 Eccleliae
1439 3056 1719 3102 Carthaginenfis.
1750 3060 1802 3093 Est
1820 3060 1926 3093 nodus
1938 3057 2054 3093 diffici-
2186 3058 2191 3067 ²

1176 3110 1217 3144 lis
1230 3136 1239 3148 ,
1266 3108 1356 3151 cujus
1367 3108 1563 3143 solutionem
1575 3109 1687 3143 milnm
1699 3107 1739 3142 ab
1750 3108 1816 3143 alio
1828 3109 1938 3143 audire
1949 3132 1956 3139 .

1229 3157 1401 3192 Nestorius
1422 3158 1462 3192 ad
1489 3157 1675 3202 Principem
1701 3158 1809 3193 scribit
1835 3158 2053 3199 exspestatum

1178 3208 1270 3242 fuiffe
1290 3219 1365 3240 cum
1388 3207 1454 3241 suis
1466 3206 1693 3252 Metropolitis
1718 3210 1751 3242 &
1768 3209 1863 3243 variis
1882 3205 1984 3240 Italiae
2009 3215 2055 3240 at-

1177 3269 1238 3300 que
1252 3256 1367 3291 Siciliae
1391 3257 1574 3301 Episcopis.
1601 3257 1726 3292 Verum
1747 3258 1823 3301 quid
1848 3255 1938 3290 Italis
1963 3256 2056 3289 &si-

1179 3307 1260 3341 culis
1270 3319 1344 3341 cum
1357 3305 1540 3341 Patriarcha
1552 3306 1765 3343 Antiocheno
1779 3306 1791 3339 ?
1818 3305 1966 3348 Exponit
1978 3306 2055 3339 San·

1180 3359 1246 3391 Ctus
1259 3356 1403 3400 Cyrillus
1416 3358 1447 3390 in
1464 3356 1546 3391 libro
1558 3359 1595 3390 ad
1608 3357 1794 3399 Principem
1810 3354 2054 3399 Apologetico=

1181 3411 1284 3439 Erant
1289 3406 1429 3448 faHionis
1439 3407 1516 3440 illius
1521 3406 1591 3449 socii‘
1603 3413 1662 3439 viri
1674 3407 1770 3440 exules
1782 3431 1792 3446 ,
1818 3405 1974 3445 Celesitani
2005 3405 2057 3438 de-

1178 3455 1260 3498 positi
1274 3480 1284 3496 ‚
1293 3456 1534 3499 Nestorianaeque
1544 3457 1700 3490 dementia·
1709 3455 1852 3499 satellites
1863 3480 1870 3486 .
1897 3454 1977 3498 Julia
1984 3464 2056 3494 nus,

1181 3507 1364 3550 montius,
1390 3507 1508 3550 aliique
1530 3504 1930 3554 Ex-EpiscopiPelagiani
1954 3502 1999 3586 οὲ)
2019 3503 2058 3536 ri-

1594 3555 1620 3589 B
1669 3568 1692 3594 2
1934 3553 1966 3597 gl
1993 3564 2012 3588 ὃ
