2340 3736
374 98 469 128 200

307 167 406 201 vandi
428 168 542 202 ordinis
563 177 634 202 cura
647 167 831 201 demandata
841 176 922 202 erat.
950 167 1004 200 De
1015 165 1076 200 hac
1088 190 1098 205 ,
1122 175 1176 198 ne-

304 228 468 262 quaquam
481 218 523 253 de
541 218 688 253 tractoria
701 216 819 252 dictum
841 219 902 252 fuit
911 218 928 252 ὲ
941 215 1087 260 Juvenali
1096 213 1175 247 Hie-

308 269 481 314 rosolymae
505 268 667 312 Episcopo
686 279 694 300 ε
721 267 812 312 Veluti
827 268 891 311 fax
910 266 1052 308 quaeda'm
1066 262 1177 305 praelu-

309 327 372 354 reat
394 343 401 353 .
427 319 545 362 Neque
566 318 655 352 enirn
678 319 825 353 trastoria
846 342 857 358 ,
884 314 938 351 sed
963 313 1030 348 sola
1050 312 1178 349 Divalis

305 371 401 406 Sacra
413 367 551 412 synodo
559 365 774 413 praescribebat
784 366 1000 413 gerendorum
1009 363 1158 399 ordinem
1166 385 1178 402 ,

304 420 445 463 ideoque
471 418 538 452 sola
563 418 727 462 tamquam
754 420 809 452 fax
833 425 958 460 poterat
992 414 1177 458 praelucere.

309 471 355 505 Et
370 470 413 503 ita
435 478 522 512 patet
533 478 599 504 tam
621 467 704 503 Asta
715 466 882 511 synodalia
895 490 906 505 ,
930 463 1028 509 quam
1046 464 1180 508 Juvena-

310 522 351 555 lis
372 518 659 554 interlocutionem
670 520 732 553 effe
753 515 808 550 hic
819 516 935 549 mutila
955 515 1110 547 &manca
1122 538 1130 545 .

362 569 507 613 Suppleri
528 568 650 604 debent
669 581 709 602 ex
721 564 921 600 Candidiani
933 563 1075 600 Comitis
1094 562 1177 607 apud

311 621 468 666 Joannem
481 617 699 654 Patriarcham
709 614 956 650 Antiochenum
967 614 1179 658 querimonia:

311 670 460 714 optabam
492 670 627 712 equidem
652 693 663 708 ,
698 669 813 701 Pietate
840 675 895 699 tua
927 667 1024 700 corum
1046 663 1179 710 *constitu-

310 730 345 754 ta
358 745 369 761 ,
394 729 511 762 totaque
529 718 634 757 synodo
653 723 685 750 in
706 727 797 750 unum
827 713 911 758 fimul
929 716 1027 750 coatla
1058 739 1068 755 ,
1094 718 1180 747 Divi-

311 782 414 804 norum
438 768 816 810 nostrorumimperatorum
832 768 950 800 litteras
968 765 1122 802 exhibere,
1147 772 1179 796 ut

309 827 408 854 omnia
423 843 434 859 ,
459 829 524 860 quae
534 817 573 850 ab
585 816 652 859 ipsis
672 818 818 853 mandata
834 815 906 860 sunt
929 820 1177 849 executioniman-

311 873 472 904 darentur.
500 866 648 902 Caeteriim
664 869 727 901 cicm
737 876 807 900 ante
829 871 957 909 quinque
963 869 1115 907 proximos
1134 863 1180 896 bo·

307 920 354 965 sce
363 921 426 954 dies
436 918 680 958 reverendtffimus
692 915 854 960 Episcopus
866 916 991 960 Cyrillur
1004 939 1016 955 ,
1027 923 1030 926 ’
1042 916 1076 948 Θ
1087 917 1181 948 Mem-

310 982 366 1004 non
378 969 467 1010 hujus
477 973 613 1001 civitatis
625 966 787 1011 Episcopus
800 990 811 1007 ,
831 967 864 999 (5
875 972 924 1008 qut
946 977 1010 999 cum
1024 963 1089 1007 ipfis
1105 962 1177 1007 sunt

308 1018 532 1059 reverendtffimi
558 1016 692 1061 Episcopi
717 1042 728 1058 ‚
754 1022 786 1048 in
812 1014 935 1058 Eccless‘a
960 1009 1152 1058 conveniffent
1170 1041 1179 1055 ‚

308 1072 383 1102 ame
399 1067 542 1110 prohibiti
558 1065 653 1110 sunt,
678 1077 715 1101 ne
740 1069 1054 1106 contra-Dominorum
1072 1064 1180 1106 >nostro-

306 1131 373 1153 rum
395 1120 430 1152 ὼ·
445 1118 629 1159 piiffimorum
648 1121 862 1159 Imperatorum
884 1120 1007 1155 Decreta,
1026 1114 1179 1159 conseffum

305 1175 382 1203 inter
399 1167 432 1211 se
437 1167 596 1209 facerent,
622 1176 711 1210 atque
721 1167 823 1200 moniti
847 1175 880 1199 ut
901 1164 1028 1199 omnium
1052 1165 1177 1207 vestrum

306 1218 510 1261 exspedlarcnt
532 1219 720 1259 adventum&
748 1219 792 1250 illi
801 1225 900 1250 autem
919 1226 951 1250 ut
962 1219 1083 1249 sacram
1099 1225 1181 1258 prae-

304 1271 425 1312 legerem
438 1291 447 1306 ‚
459 1267 661 1313 efflagitarunt
676 1292 682 1299 .
710 1268 786 1301 ciim
797 1268 867 1300 veri>
889 1268 924 1298 id
944 1264 1101 1310 recusarem
1109 1275 1183 1309 pro-

299 1327 370 1361 pter
383 1319 558 1351 sanc‘iitatis
576 1327 636 1351 tuae
647 1315 809 1360 absentiam
820 1342 830 1357 ,
855 1317 986 1358 quodque
1005 1317 1179 1357 multlprae—

303 1370 384 1401 terea
405 1366 544 1411 Episcopi
565 1370 598 1402 (5
610 1369 807 1409 Metropolitae
827 1367 950 1400 necdum
969 1366 1153 1408 advenissent
1166 1390 1176 1406 ,

303 1427 454 1462 coegerunt
471 1429 516 1451 me
528 1419 572 1450 illi
584 1442 594 1458 ‚
615 1418 648 1461 fe
659 1424 792 1460 ignorare
813 1413 982 1459 adserentes
1003 1417 1080 1458 quid
1087 1417 1107 1447 ἆ
1124 1419 1176 1447 Do-

303 1473 390 1501 minis
413 1466 513 1506 nostris
532 1476 714 1509 praeceptum
734 1467 799 1508 effet
812 1490 819 1496 .
848 1470 930 1499 Metu
952 1468 1019 1508 erg&
1043 1464 1174 1506 coatras,

302 1529 339 1551 ne
351 1513 447 1550 turba·
456 1515 620 1559 cujuspiam
645 1524 698 1548 aut
705 1514 859 1558 seditionis
883 1514 1045 1556 occafionem
1063 1515 1172 1556 praebe-

299 1578 362 1600 rem
385 1590 396 1606 ,
420 1565 487 1608 ipfis
510 1570 690 1610 congregatis
713 1567 834 1598 Sacram
856 1566 912 1609 legi
934 1589 940 1594 .
968 1569 1174 1598 Verumtamen

299 1623 392 1651 etiam
413 1615 570 1659 decaeffurus
595 1617 629 1651 Θ
638 1613 774 1658 praefens
795 1612 873 1657 ipsos
893 1613 1065 1654 contestatus
1086 1612 1174 1657 sum,

298 1679 339 1700 ne
352 1675 490 1708 praeceps
514 1667 630 1708 aliquid
649 1673 770 1710 agerent
790 1689 801 1705 ,
827 1665 1070 1707 quemadmodum
1089 1666 1174 1698 multi

291 1716 462 1761 sanc‘lifflmi
474 1714 635 1759 Episcopi,
656 1721 706 1758 qui
726 1717 788 1748 unt?
802 1725 912 1748 mecum
932 1714 975 1746 ad
985 1713 1060 1757 ipsos
1085 1720 1175 1747 intro-

296 1773 417 1807 ierant,
442 1774 619 1807 compertum
643 1765 769 1798 babent.
798 1765 847 1797 Illi
857 1767 928 1798 vero
946 1763 1173 1803 contestationem

297 1828 363 1850 eam
385 1815 464 1849 nibil
473 1822 600 1856 morati,
627 1822 725 1849 omnia
740 1824 797 1858 pro
801 1813 857 1858 suo
874 1815 1022 1848 arbitratu
1033 1822 1171 1858 egerunt.

347 1866 458 1910 Pergit
478 1865 723 1900 Candidianus:
754 1866 844 1898 Lec‘la
862 1867 975 1904 sacra,
999 1876 1098 1897 omnes
1124 1871 1173 1906 ap-

293 1914 469 1960 plauserunt
482 1942 491 1956 ,
506 1917 550 1947 itai
564 1923 595 1948 ut
607 1926 664 1947 non
675 1915 855 1954 dubitarem,
866 1921 938 1956 quin
949 1915 1018 1947 vere
1028 1914 1172 1953 omnibus,

297 1978 365 2009 quae
374 1967 394 1998 ἃ
399 1966 530 2007 pitffimis
542 1965 769 2006 Imperatoribus
781 1963 880 2004 nostris
902 1962 1017 2006 sancita
1027 1963 1154 2005 ¹fueram·
1164 1986 1173 2002 ‚

296 2027 404 2050 morem
415 2015 502 2059 essent
507 2014 614 2059 gesturi
626 2027 632 2046 :
649 2018 694 2047 Et
707 2025 773 2047 enm
785 2013 818 2046 ob
828 2025 890 2047 rem
896 2015 1008 2057 gaudio
1015 2012 1174 2055 perfunde-

294 2067 352 2099 bar
363 2090 370 2098 .
396 2068 425 2099 V
423 2066 503 2098 eram
513 2066 577 2097 cum
583 2063 680 2106 postea
690 2075 823 2107 rogarem
838 2088 848 2103 ,
874 2072 908 2096 ut
917 2065 1024 2096 litteris
1031 2071 1173 2104 parerent

295 2127 394 2148 omnes
408 2140 417 2156 ,
429 2116 526 2148 nullus
541 2116 646 2148 audire
655 2125 702 2147 me
707 2112 844 2157 sustinere
855 2114 950 2146 voluit
959 2138 966 2143 .
993 2114 1056 2145 sed
1064 2114 1097 2145 (5·
1108 2114 1173 2145 reli-

294 2164 451 2210 giofiffimos
464 2163 637 2207 Episcopos‚
651 2175 719 2206 quos
725 2161 917 2205 sandltfflmus
929 2161 1080 2202 Nestorius
1093 2160 1173 2205 mise-

292 2225 347 2249 rat
357 2240 368 2255 ‚
381 2212 554 2257 caeterosque
565 2220 620 2257 qui
631 2220 746 2247 comites
758 2219 784 2245 ei
794 2213 932 2254 adJ'unt‘Ii
940 2212 1069 2252 fuerant
1080 2235 1090 2251 ,
1117 2224 1173 2244 non

295 2263 404 2308 absque
415 2270 575 2308 ignominia
586 2272 743 2307 exegerunt
754 2287 760 2294 .
787 2266 835 2296 Me
846 2273 1031 2304 quoque‚cum
1037 2262 1172 2303 precibus

296 2315 435 2348 obnoxios
457 2314 616 2354 instarem,
643 2314 736 2347 veluti
748 2318 791 2345 cui
810 2324 876 2346 cum
898 2310 1026 2354 ipsorum
1048 2314 1172 2352 placitis

297 2364 374 2398 nihil
383 2375 529 2397 commune
541 2364 623 2406 effer,
651 2366 667 2397 ἐ
682 2361 737 2406 suo
746 2361 866 2405 consessu
894 2362 1071 2402 expulerunt
1084 2386 1091 2393 .
1118 2362 1176 2394 sed

297 2425 390 2456 neque
415 2415 648 2446 admonitoriam
675 2437 686 2452 ,
711 2413 791 2454 quod
819 2409 1005 2453 reh'giqfiffiml
1035 2408 1173 2454 Episcopi

295 2466 341 2497 ad
349 2462 424 2507 ipsos
437 2462 620 2503 destinarant
632 2486 643 2501 ,
666 2462 723 2505 legi
734 2459 948 2503 permiserunt:
977 2461 1160 2503 ,Quemadmo
1169 2478 1182 2486 ·

295 2515 367 2547 dum
386 2512 554 2556 sanc‘liffimi
565 2511 703 2555 Episcopi
723 2520 852 2548 norunt,
873 2509 981 2551 quibus
992 2521 1102 2542 mecum
1126 2509 1168 2542 hi-

293 2563 339 2607 sce
354 2563 478 2604 interesse
498 2567 640 2605 contigit,
667 2566 718 2603 qui
740 2559 883 2602 testantur
907 2565 1001 2593 etlam
1009 2562 1107 2602 quaed
1128 2571 1174 2592 me

297 2618 498 2646 convenienter
516 2611 596 2655 gesta
605 2611 754 2653 fuerunt.
783 2614 827 2643 De
850 2609 898 2642 bis
918 2618 1016 2642 autem
1041 2608 1174 2642 omnibus

296 2663 373 2695 orbis
387 2673 474 2697 terrae
497 2664 637 2694 Dominos
658 2667 789 2694 certiores
806 2659 935 2702 fecimus
947 2683 959 2699 ,
977 2657 1173 2702 significantes

297 2714 473 2745 SanHitatis
494 2720 554 2745 tuae
576 2734 588 2752 ,
619 2709 914 2754 saniliffimorumque
943 2707 1150 2752 Eptfioporum
1162 2731 1174 2749 ,

299 2769 348 2804 qui
360 2759 552 2805 tecumsunt,
576 2762 743 2794 adventum
754 2772 804 2793 nos
821 2759 977 2802 expec‘iare
990 2783 998 2791 .
1039 2756 1041 2758 ’

348 2812 527 2858 Qodipse
552 2810 819 2844 Domesticorum
846 2809 989 2849 Comes,
1015 2807 1176 2852 Principis

297 2862 333 2894 in
346 2861 480 2905 Synodo
502 2860 652 2895 Vicarius
662 2871 699 2894 ac
721 2860 885 2904 Legatus,
911 2856 1094 2893 diretricem
1117 2859 1177 2902 Sy-

297 2911 378 2944 nodi
391 2912 518 2944 Sacram
539 2911 647 2955 legat,
671 2909 717 2943 est
730 2921 778 2943 res
797 2908 963 2942 inaudita.
990 2907 1077 2956 Qis
1097 2908 1179 2942 infe-

298 2961 365 2993 rior
387 2961 516 3003 Imperii
536 2960 682 2995 minister
701 2958 805 3004 legere
829 2958 1016 2993 consuevit.
1043 2957 1177 3000 Episco-

298 3020 417 3053 porum
427 3010 590 3044 discordiae
600 3008 756 3044 debemus
767 3008 850 3043 hanc
877 3008 1054 3043 novitatem
1065 3031 1072 3039 .
1101 3008 1177 3042 San-

299 3061 388 3093 &um
414 3059 576 3102 Cyrillum
585 3059 722 3104 Synodo
748 3057 910 3104 praesidere
925 3057 1038 3092 oderat
1049 3057 1178 3100 peffime

301 3108 410 3141 omnis
430 3108 518 3141 Sesta
542 3109 734 3143 Nestor-iana
755 3133 765 3149 ,
803 3106 943 3152 ideoque
965 3109 1111 3142 coactam
1136 3106 1177 3141 ab

301 3159 360 3191 illo
371 3158 507 3201 primam
532 3157 870 3203 Afflonemingreffus
893 3158 936 3192 est
950 3168 1025 3191 cum
1050 3159 1177 3202 aliquot

301 3207 505 3241 Nestorianis
526 3207 692 3249 Episcopis
712 3208 831 3242 Comes
852 3206 1100 3248 Candidianus,
1124 3205 1178 3242 ad-

302 3258 447 3290 severans
470 3257 536 3290 fine
547 3255 707 3299 Principis
729 3259 821 3290 Sacra
834 3268 901 3291 non
925 3258 1011 3301 posse
1027 3257 1175 3292 inchoari

303 3306 471 3347 Synotlurn
484 3331 494 3346 ,
520 3307 554 3339 &
574 3307 615 3339 de
635 3306 784 3338 omnium
806 3306 1005 3349 agendorum
1019 3331 1031 3347 ,
1061 3306 1178 3350 ‘utpote

302 3354 396 3387 sacris
408 3356 567 3388 mandatis
587 3354 866 3389 adversaturorum
878 3378 888 3394 ,
916 3357 1065 3390 nullitate
1075 3367 1175 3400 prote-

301 3403 417 3440 ssatus.
445 3403 569 3439 Verum
589 3404 750 3451 Principis
771 3405 921 3439 mandata
941 3406 959 3440 a
982 3407 1014 3441 se
1033 3407 1175 3451 ignorari

988 85 1441 131 Appennrx

1241 167 1420 211 allegarunt
1429 179 1543 205 omnes
1563 168 1738 216 Episcopi,
1766 173 1933 211 &addisci
1950 188 2019 213 non
2028 179 2116 222 posse

1242 217 1300 252 nisi
1315 228 1357 252 ex
1376 218 1491 260 Sacra,
1514 220 1654 265 ideoque
1674 223 1880 266 postularunt
1900 237 1996 273 atque
2016 230 2114 274 impe-

1218 276 1363 301 ›trarunt
1389 267 1454 311 legi
1478 293 1485 301 .
1511 268 1561 302 Ita
1578 270 1718 312 astutum
1742 274 1987 313 Candidianum
2008 303 2020 319 ‚
2056 280 2115 323 qui

1218 331 1223 353 ε,
1241 317 1385 360 suspensa
1397 317 1646 353 Sacraeleaione
1657 322 1790 363 sperarat
1801 326 2033 370 suspendere&
2056 330 2114 372 Sy-

1241 367 1365 401 nodum
1378 391 1389 407 ‚
1416 367 1451 401 in
1462 366 1530 410 ejus
1539 367 1635 411 ipsius
1645 370 1758 405 astutia
1776 385 1948 418 ceperunt,
1978 379 2114 414 Etenim

1240 417 1332 451 Sacra
1343 428 1421 451 mox
1428 417 1501 461 post
1513 417 1638 461 lapsum
1656 418 1862 460 Pentecostes
1870 426 1957 462 diem
1985 429 2116 464 manda.

1240 465 1295 502 bat
1317 467 1382 501 fine
1391 478 1482 501 mora
1491 466 1610 502 discuti
1620 470 1819 512 anteotnnia,
1828 485 1868 507 ae
1885 475 2014 514 definiri
2037 479 2114 514 fidei

1240 515 1432 552 orthodoxae
1443 518 1634 562 negotium,
1658 519 1692 552 δε
1713 514 1977 566 (Ζαηάἰάὶειηιιιή,
2002 517 2118 573 nepot&

1241 567 1412 601 hominem
1433 567 1575 608 laicum,
1601 567 1660 602 soli
1673 570 1742 612 paci
1764 572 1796 604 δε
1819 573 1927 607 ordini
1953 577 2113 614 servandis

1241 626 1401 652 attentum
1424 641 1436 658 ,
1461 617 1510 651 illi
1530 617 1715 661 nullatenus
1741 621 1867 656 misceri
1887 647 1898 655 .
1922 623 2014 660 Hinc
2035 628 2112 663 licet

1230 667 1294 717 „³¹¹⁰
1305 667 1432 703 Sacram
1458 679 1519 702 nec
1529 667 1628 708 alteri
1639 668 1813 714 legendam
1825 695 1835 711 ,
1861 684 1922 708 nec
1935 672 2114 712 Astisinse-

1240 716 1372 752 rendam
1394 717 1640 769 vellet²tradere
1653 743 1665 760 ,
1690 722 1891 763 proclamans
1911 723 1951 758 ad
1977 725 2113 768 Ioannis

1240 766 1446 802 Antiocheni
1472 767 1645 802 adventum
1669 794 1679 810 ,
1713 770 1950 813 procedendum
1983 777 2113 811 censue-

1239 828 1314 853 runt
1333 817 1489 859 primates
1510 817 1741 864 Episcopi,v&
1764 825 1976 864 processerunt
1993 849 2001 857 .
2025 826 2112 860 Indi-

1238 870 1356 912 gnatus
1370 867 1425 902 ille
1435 866 1536 902 exivit
1556 879 1630 902 cum
1642 869 1810 914 Epist-opis
1822 873 2022 909 Nestorianis
2037 901 2048 915 ,
2074 868 2122 911 δί’

1238 920 1315 963 quia
1341 918 1532 968 protestatus
1557 919 1658 952 exivit
1677 943 1695 963 ‚f
1714 920 1835 963 ubique
1857 922 2060 959 ebuccinavit
2078 927 2111 960 se

1238 969 1330 1005 fuisse
1350 968 1486 1012 Synodo
1506 968 1675 1011 expulsum
1697 993 1703 1000 .
1732 969 1933 1007 Nestorianae
1957 975 2109 1010 factionis

1241 1017 1511 1053 Admonitorium
1531 1018 1583 1052 seu
1598 1018 1786 1062 protestatio
1806 1016 1870 1068 legi
1880 1022 1922 1057 ad
1933 1023 2105 1069 synodum

1237 1068 1322 1103 certe
1338 1080 1406 1103 non
1418 1067 1598 1103 merebatur
1610 1094 1617 1101 .
1633 1084 1637 1087 ·
2110 1074 2120 1077 “’

1286 1119 1418 1163 sanstus
1436 1119 1549 1162 ,iraque
1561 1118 1707 1162 cyrillus
1725 1130 1765 1154 ex
1777 1121 1920 1158 Comitis
1934 1124 2109 1161 Candidia-

1239 1169 1271 1203 ni
1293 1168 1520 1203 &asseclarum
1533 1169 1770 1212 Episcoporum
1791 1173 1965 1208 insolentia
1986 1165 2127 1218 judica-'¹

1242 1221 1286 1253 vit
1299 1218 1427 1254 abunde
1451 1228 1557 1262 patere
1569 1219 1995 1264 Nestoriicontumaciam,
2022 1222 2112 1258 ideo-

1238 1280 1300 1312 que
1322 1281 1390 1302 non
1414 1267 1581 1302 citandum
1602 1269 1733 1303 ulterius
1748 1296 1758 1311 ‚
1784 1271 1837 1305 sed
1857 1284 1899 1307 ex
1910 1275 2009 1307 Sacrae
2029 1273 2110 1308 Prae-

1238 1319 1353 1362 scripto
1377 1317 1603 1352 inchoandum
1624 1318 1702 1352 fidei
1724 1331 1884 1362 examen,
1909 1323 2029 1357 &ante
2040 1335 2110 1358 om-

1240 1370 1291 1403 nia
1301 1368 1454 1413 legendas
1477 1366 1601 1404 chartas
1620 1370 1763 1412 praesenti
1788 1372 1888 1414 scopo
1904 1374 2107 1408 necessarias.

1236 1418 1361 1455 Verum
1386 1414 1585 1454 Theodotus
1606 1419 1746 1462 Ancyrae
1765 1420 1943 1464 Episcopus
1962 1447 1972 1462 ‚
2000 1422 2110 1466 primae

1237 1468 1373 1503 Galatiae
1392 1469 1607 1511 Metropolita
1621 1492 1631 1507 ,
1657 1470 1850 1504 interceffit.
1877 1472 2050 1506 Schedorum
2069 1474 2110 1506 le-

1236 1518 1290 1551 clio
1294 1516 1348 1561 suo
1369 1526 1494 1559 tempore
1512 1517 1673 1560 servetur,
1699 1530 1775 1553 nunc
1786 1524 1855 1554 verb
1867 1523 2028 1555 curandum
2050 1521 2109 1562 est,

1235 1577 1266 1600 ut
1284 1569 1424 1610 piissimus
1447 1566 1597 1607 Nestorius
1615 1566 1754 1611 synodicis
1782 1569 1974 1612 AHispraestb
1989 1571 2051 1613 fit,
2075 1579 2108 1604 ut

1234 1629 1269 1651 ea
1280 1641 1291 1659 ,
1317 1629 1383 1660 quae
1395 1617 1440 1650 ad
1447 1619 1614 1660 religionem
1619 1623 1774 1659 pertinent
1784 1642 1794 1659 ,
1818 1627 1961 1653 commum·
1974 1626 2106 1655 omnium

1229 1665 1379 1710 sententia
1401 1667 1434 1700 eb·
1454 1664 1588 1709 consensu
1612 1663 1844 1708 constituantur.
1872 1670 1959 1704 Cum
1986 1669 2106 1706 calum·

1236 1717 1333 1752 niofis
1345 1715 1535 1751 hominibus
1546 1717 1597 1760 agi
1611 1727 1706 1751 norat
1716 1717 1917 1754 Theodotus
1930 1744 1941 1760 ,
1969 1719 2109 1766 ideoque

1236 1767 1361 1801 nullum
1383 1766 1487 1799 voluit
1505 1766 1699 1808 praetermitti
1718 1767 1796 1809 juris
1818 1770 1966 1811 apicem,
1992 1780 2110 1804 contu-

1234 1827 1357 1850 macem
1384 1816 1416 1849 δε
1438 1814 1661 1849 turbulentum
1686 1815 1878 1851 Nestorium
1905 1819 1996 1853 citari
2016 1819 2107 1862 juxta

1235 1868 1407 1905 Canones,
1433 1865 1468 1898 δε
1488 1865 1581 1897 antea
1605 1862 1688 1897 nihil
1708 1866 1886 1900 litterarum
1906 1868 1971 1912 legi
1989 1893 1999 1909 ,
2021 1868 2108 1902 nihil

1235 1916 1352 1950 discuti
1377 1914 1559 1959 quaestionis
1581 1938 1591 1953 ,
1616 1912 1700 1948 nihil
1721 1914 1849 1949 definiri
1873 1942 1879 1949 .
1906 1917 2009 1964 Qod
2029 1930 2109 1952 con·

1233 1966 1338 2000 filium
1362 1964 1482 2009 placuit
1504 1963 1537 1997 &
1554 1962 1711 2006 synodo,
1735 1964 1770 1999 &
1791 1966 1910 2002 Sansto
1928 1968 2029 2002 etiam
2041 1968 2107 2011 Cy-

1232 2016 1307 2050 rillo
1320 2042 1327 2049 .

1283 2065 1446 2100 Hesterno
1472 2062 1525 2098 die
1540 2075 1594 2107 per
1605 2064 1851 2108 Hermogenem
1873 2064 2108 2101 Rhinocururae

1235 2116 1268 2150 in
1295 2114 1451 2160 AEgypto
1476 2137 1488 2154 ,
1523 2112 1735 2148 Athanasium
1756 2114 1885 2149 Para‘liae
1907 2116 1940 2150 in
1962 2115 2107 2157 Pisidia,

1236 2166 1370 2200 Petrum
1389 2163 1675 2203 Parembolorum,
1701 2164 1735 2198 &
1756 2164 1894 2199 Paulum
1925 2166 2055 2209 Lampae
2069 2166 2115 2200 in·

1236 2214 1331 2249 Creta
1341 2214 1518 2258 Episcopos
1525 2214 1639 2247 citatus
1649 2215 1753 2248 fuerat
1761 2214 1793 2247 in
1808 2215 1896 2249 diem
1910 2213 2107 2250 hodiernum

1236 2265 1407 2299 Nestorius
1422 2288 1432 2303 ,
1457 2263 1723 2306 responderatque
1744 2278 1755 2297 .-
1780 2268 1897 2298 Mecum
1916 2265 2104 2306 deliberabo,

1233 2315 1267 2348 (Ὗ
1282 2313 1313 2355 fi
1329 2315 1447 2356 quidem
1466 2319 1570 2346 venire
1593 2320 1829 2355 meoportuerit,
1857 2319 1992 2348 vendam.
2018 2315 2105 2349 Ade-

1234 2372 1305 2398 rant
1318 2363 1373 2407 ipsi
1396 2363 1494 2397 &sex
1513 2373 1567 2395 aut
1579 2363 1698 2405 septem
1718 2363 1774 2395 alii
1789 2364 1939 2407 Episcopi
1954 2388 1964 2403 ,
1990 2363 2121 2405 itidem¹

1232 2411 1398 2447 dicentes:
1427 2411 1682 2451 Deliberabimus,
1709 2410 1776 2452 &fi
1793 2414 1913 2454 quidem
1934 2416 1981 2446 ita
2006 2412 2107 2457 visum

1196 2471 1202 2488 ¹
1226 2462 1344 2504 fuerit,
1369 2460 1495 2500 crastina
1506 2462 1554 2493 dte
1576 2461 1742 2493 accedemus
1755 2485 1763 2493 .
1791 2462 1842 2494 Ex
1853 2473 1918 2505 quo
1930 2463 2021 2496 vides
2046 2464 2106 2507 pri-

1235 2523 1321 2545 mam
1341 2510 1467 2554 Synodi
1488 2509 1667 2544 Aetionem
1690 2511 1781 2545 fuiffe
1803 2510 2055 2547 hetiindicstam.

1282 2560 1406 2596 Verum
1419 2559 1527 2594 nullus
1540 2559 1707 2594 Nestorius
1720 2571 1775 2594 aut
1786 2561 1999 2596 Nestorianus
2019 2573 2107 2597 com·

1237 2611 1359 2656 paruit.
1386 2609 1479 2644 Hinc
1503 2607 1543 2642 ad
1554 2619 1691 2653 quatuor
1711 2609 1916 2647 laudatorum
1932 2611 2104 2655 Episcopo·

1235 2672 1306 2696 rum
1327 2660 1367 2694 de
1391 2661 1473 2694 fasta
1496 2659 1654 2693 citatione
1679 2659 1919 2695 attestationem
1942 2661 2108 2705 respondit

1236 2710 1411 2745 Flavianus
1423 2708 1720 2753 Archi-Episcopus
1731 2708 1946 2754 Philippensis
1957 2723 1964 2743 :
1991 2710 2107 2745 Abeant

1237 2762 1340 2795 rumh
1352 2760 1405 2792 alii
1426 2760 1557 2792 nonnulli
1575 2770 1614 2792 ex
1635 2758 1838 2803 religiofifflmis
1852 2758 2007 2803 Episcopts
2018 2786 2029 2802 ‚
2055 2766 2107 2803 qui

1239 2810 1402 2850 Nestorium
1423 2811 1515 2842 denuo
1525 2809 1616 2852 adesse
1628 2832 1640 2849 ,
1666 2819 1716 2842 nec
1737 2820 1794 2841 non
1815 2811 1861 2842 ad
1871 2809 2009 2853 scindam
2021 2812 2106 2850 syno-

1234 2862 1307 2894 dum
1329 2859 1463 2894 accedere
1475 2866 1628 2891 moneant.
1656 2858 1700 2891 Et
1717 2859 1799 2892 miffi
1822 2861 1896 2894 sunt
1908 2859 2107 2894 Theodulus

1237 2910 1368 2944 Helusae
1389 2909 1422 2941 in
1445 2907 1611 2941 Palaestina
1631 2932 1643 2947 ‚
1669 2907 1833 2943 Anderius
1856 2908 2047 2945 Cherronefi
2070 2911 2107 2944 in

1236 2961 1333 2994 Creta
1350 2983 1362 3000 ,
1387 2969 1425 2992 ac
1448 2956 1700 3001 Theopemptus
1720 2957 1918 2993 Cabasorum
1943 2959 1976 2994 in
1999 2959 2108 3005 AEgy-

1236 3019 1292 3053 pto
1306 3009 1484 3053 Episcopus
1495 3031 1507 3048 ,
1533 3007 1659 3050 unaque
1680 3006 1921 3052 Epaphi-editus
1933 3009 2048 3044 Lector
2068 3018 2105 3041 ac

1237 3059 1394 3094 Notarius
1421 3057 1589 3092 Hellanici
1627 3055 1836 3092 Rhodiorum
1862 3058 2106 3102 Metropolitae,

1236 3119 1312 3143 cum
1331 3104 1513 3153 syngrapha
1523 3107 1579 3142 seu
1599 3107 1717 3150 scripto
1729 3108 1896 3142 citationis
1917 3108 2105 3143 instmmeu-

1237 3171 1272 3193 to
1292 3182 1304 3199 ,
1329 3170 1384 3202 per
1405 3156 1529 3193 dietum
1550 3157 1728 3193 Notarium
1752 3158 1795 3193 ad
1825 3157 1967 3193 Nestorii
1987 3156 2104 3190 faciem

1237 3209 1392 3253 legendo.

1275 3259 1338 3292 Rei
1353 3258 1526 3292 successum
1537 3258 1707 3292 audiamus
1717 3256 1976 3299 {Theopompto
1989 3254 2106 3299 regres-

1237 3309 1272 3342 so
1284 3308 1323 3342 ad
1343 3306 1516 3351 synodum
1530 3321 1541 3340 .·
1568 3312 1591 3340 A
1610 3306 1719 3351 sanda
1734 3309 1768 3340 Θ·
1791 3316 1898 3348 magna
1919 3304 1976 3337 hac
1995 3303 2106 3343 synodo

1236 3360 1278 3390 ad
1286 3357 1513 3401 religtofiffimum
1524 3358 1690 3396 Nestorium
1709 3355 1847 3395 destinati
1858 3361 1891 3387 in
1911 3355 2026 3386 domum
2036 3355 2106 3394 ejus

1237 3413 1372 3442 venimus
1392 3433 1400 3440 .
1426 3410 1471 3441 Et
1493 3408 1631 3443 videntes
1650 3405 1869 3439 multitudinem
1887 3404 2016 3437 militum
2042 3413 2106 3436 cum

1922 3452 2058 3497 fustibus,
