2340 3736
109 540 170 575 L4·
177 541 228 580 Ep.
238 541 262 569 8.

109 748 162 785 Lx.
171 749 263 785 Ep.64

110 942 263 978 L5.Ep.19

109 1058 140 1087 L.
155 1057 263 1095 5.tit,3.

109 1106 137 1128 c·
149 1100 192 1134 38.

107 1637 178 1673 La..

110 1678 146 1712 A.
162 1679 244 1706 1208.

112 2100 179 2136 Ast.
195 2104 235 2134 16.

280 232 546 270 rumsoculornm
556 233 767 270 offenfivam.
793 232 886 270 Hinc
908 234 990 273 dicit
1013 235 1152 269 Canon:

282 286 334 317 Ne
339 288 435 325 pretio
453 283 611 325 distrahere
621 286 784 325 videatur,
809 283 918 324 idest,
942 285 984 319 ab
996 285 1131 323 infirmis
1143 307 1153 323 ‚

281 333 358 375 licet
378 334 578 376 errantibus,
605 334 819 374 existimetur.
859 335 958 369 Unde
976 335 1010 368 &
1029 335 1155 378 Grego-

280 383 348 417 rius
370 383 517 429 Magnus
535 384 651 427 sponte
671 382 819 422 oblatum
850 385 948 427 recipi
973 382 1061 418 mere
1088 395 1155 427 pet-

280 432 404 475 mittit,
428 445 633 478 nequaquam
654 435 799 478 probat.
837 435 971 471 Etenim
1004 435 1110 473 Xenia
1138 432 1155 465 a

280 484 406 526 Ioanne
424 485 531 527 prima:
552 484 739 528 Justinianae
769 484 931 528 Episcopo
951 483 1094 521 Primate
1120 483 1155 515 in

280 533 599 578 Archi-Episcopalis
619 535 880 573 confirmationis
898 533 1037 569 &Pallii
1051 532 1156 577 postu-

280 583 404 623 latione
426 583 539 628 sppnte
558 583 667 619 oblata
685 586 720 625 ,ὃς
743 584 833 619 missa
854 585 938 620 adeo
956 584 1065 627 rejecit
1084 607 1095 624 ,
1121 592 1156 620 Ut

279 634 349 678 ejus
358 633 475 679 Legati
488 634 602 672 offerre
614 635 680 678 ipsa
692 635 795 670 consti
817 634 938 668 fuerint
958 635 1076 670 Sancto
1099 631 1155 668 Pe-

280 692 331 725 tro
342 683 526 727 Apostolo,
553 684 674 721 nullius
697 684 816 729 integri
836 684 941 718 fidelis
952 684 1158 721 oblationem

279 733 451 769 refutanti.
476 734 582 769 Xenia
602 732 809 774 sibiaFelice
823 733 1156 777 MeffinensivEpisco·

278 796 324 828 po
332 785 512 826 transmissa
523 784 641 828 recepit
662 784 795 827 quidem
807 808 818 825 ‚
843 785 957 822 nolens
967 784 1158 819 offerentem

279 833 486 878 contristare3
511 844 546 869 at
578 834 678 874 vendi
698 833 804 877 justit,
830 835 1031 878 pretiumque
1057 832 1158 866 Felici

279 885 400 928 remisit
421 910 428 918 .
466 884 604 928 Recepit
629 893 760 925 tamen,
785 894 819 919 at
836 884 977 924 invitus,
1002 885 1020 920 ὲ
1042 882 1157 922 Domi·

279 935 358 979 nico
378 935 542 979 Episcopo
565 932 814 979 Carthaginensi
828 959 836 966 .
863 932 965 968 Porro
986 934 1039 967 illa
1053 956 1063 972 ,
1089 943 1159 975 quae

279 985 441 1030 permittit
451 985 573 1028 accipi,
593 985 656 1019 esse
675 983 799 1025 debent
823 984 952 1022 modica
964 1007 975 1024 ,
1001 994 1068 1025 quae
1088 986 1159 1021 acci<

276 1041 391 1079 aientis
421 1040 555 1070 animum
574 1034 690 1071 allicere
706 1058 718 1075 ,
743 1034 908 1074 inclinare,
934 1043 1072 1073 movere,
1094 1039 1159 1073 per-

280 1095 398 1120 vertere
408 1097 465 1118 non
473 1083 588 1128 sileant
597 1108 609 1124 ,
635 1084 685 1127 nti
698 1082 808 1117 scribit
820 1082 1037 1118 Innocentius
1047 1083 1159 1122 tertius

279 1135 437 1172 Pontifex
461 1134 502 1167 ad
533 1131 853 1177 Archi-Episcopum
886 1132 1159 1177 strigoniensem.

280 1184 372 1226 Hinc
383 1182 578 1225 ordinatori
588 1182 630 1217 ab
641 1183 813 1227 Episcopo*
828 1181 943 1217 Elesto
965 1181 1074 1218 offerri
1094 1193 1160 1226 per-

280 1235 384 1272 mittit
407 1233 613 1268 Elec‘luarium
633 1234 673 1267 de
693 1237 764 1266 vino
788 1241 844 1265 aut
878 1234 947 1266 aliis
971 1230 1160 1275 hujusmodl,

281 1297 349 1329 quae
374 1284 480 1318 modici
496 1288 588 1326 pretii
600 1282 727 1325 fuerunt
738 1309 745 1317 .
771 1286 907 1316 Romana
926 1281 1053 1324 Ecclefia
1071 1288 1158 1316 inter-

278 1341 396 1379 pretari
418 1345 476 1368 non
495 1332 645 1378 consuevit
663 1338 852 1376 accipientem
867 1338 900 1366 in
914 1332 961 1366 bis
973 1332 1138 1375 delinquere
1150 1357 1160 1374 ‚

282 1388 336 1420 vel
351 1387 530 1423 donantem,
557 1383 669 1418 Etiam
691 1394 812 1429 equum
827 1382 846 1416 ὲ
869 1382 947 1418 dicu
966 1381 1071 1418 Archi
1086 1382 1160 1425 Epi-

281 1436 370 1480 scopi
382 1436 477 1470 fratre
504 1433 665 1469 donatum
677 1433 845 1469 Cardinali
858 1433 986 1478 Legato
997 1433 1031 1466 in
1045 1434 1158 1476 impar-

278 1484 505 1520 titionePallii
516 1485 649 1519 excusat
660 1484 701 1518 ab
713 1485 806 1518 omni
828 1483 958 1525 scabie,
985 1483 1074 1527 quod
1101 1482 1159 1517 ille

280 1538 355 1570 eflet
383 1535 463 1579 quid
483 1534 652 1569 modicum
675 1536 814 1579 respedh
833 1532 939 1568 dantis
958 1542 1056 1578 atque
1081 1533 1163 1568 acci-

280 1585 420 1631 pientis.
446 1583 678 1619 Nihilominus
698 1586 851 1619 Sanctum
878 1585 1062 1629 Hugonem
1085 1584 1162 1623 Lin-

280 1636 480 1671 colniensem
512 1635 713 1679 Episcopum
746 1633 826 1675 reste
856 1634 966 1674 laudat
995 1634 1163 1674 Henricus

281 1685 518 1731 Cnightonus‚
546 1684 635 1727 quod
660 1684 894 1728 Episcopatum
911 1682 1021 1719 cedere
1043 1685 1164 1721 malue-

280 1737 345 1778 rit,
369 1747 466 1780 quam
489 1733 760 1770 Archi-Diacono
781 1732 1019 1769 inthronizanti
1040 1735 1163 1772 donare

280 1798 431 1832 equum?
470 1785 557 1821 Eum
586 1784 705 1830 quippe
732 1783 1023 1825 Archi-Diaconus
1053 1786 1162 1831 exige-

284 1837 355 1877 bat.

335 1889 378 1921 Et
402 1885 480 1922 hinc
501 1886 538 1921 fit
558 1887 648 1923 locus
669 1886 759 1923 alteri
780 1888 950 1933 quaestioni
966 1912 978 1935 ².
1001 1898 1042 1923 an
1064 1886 1163 1925 dietas

281 1936 535 1976 consuetudines
553 1937 851 1972 Ecclesiasticorum
871 1939 1037 1973 Ordinum
1062 1936 1161 1972 dona·

283 1990 375 2026 tione
388 1989 518 2032 exigere
539 1988 574 2021 sit
595 1988 754 2022 simonia?
780 1988 845 2022 Pro
857 2000 945 2032 parte
964 1987 1162 2022 adfirmativa

281 2038 361 2073 facit
394 2037 566 2081 Philippus
605 2037 752 2072 Ecclefiae
787 2038 1163 2081 Constantinopolitanae

282 2087 478 2130 Presbyter,
505 2084 645 2121 Eusebio
663 2087 808 2130 Ancyrae
818 2088 982 2131 Episcopo
1004 2086 1163 2131 postulan-

283 2140 307 2173 ti
321 2164 331 2180 ,
357 2147 390 2172 ut
413 2143 554 2170 civitates
576 2145 633 2178 pro
652 2139 896 2174 ordinationibus
926 2138 1162 2181 Episcoporum

283 2190 414 2223 suorum
425 2187 578 2230 deinceps
588 2184 780 2223 Patriarchae
792 2187 1163 2231 Constantinopolitano

284 2251 342 2274 non
350 2237 492 2282 solvant,
518 2236 733 2279 respondens:
762 2240 816 2269 Ex
840 2238 954 2280 Regula
966 2237 1016 2269 hoc
1026 2243 1162 2272 interem-

282 2298 372 2331 ptum
382 2287 421 2327 est
433 2312 443 2328 ,
469 2285 531 2319 baec
541 2287 658 2330 Regalis
681 2287 715 2320 fir
734 2286 846 2329 legibus
869 2292 1051 2328 interempta
1066 2285 1163 2332 sunt,

287 2341 405 2372 Altaria
413 2338 528 2370 munda
535 2334 626 2379 sunt,
653 2335 767 2379 utique
780 2335 798 2371 fa
817 2335 904 2378 lepra
925 2336 1070 2370 simoniae
1080 2335 1161 2378 ejus-

286 2389 379 2423 modi
392 2398 447 2431 per
469 2386 626 2420 Canones
646 2386 679 2420 ὃς
699 2385 787 2430 leges
806 2384 980 2422 damnatae.
1009 2385 1053 2419 Et
1078 2385 1163 2429 apud

287 2438 514 2474 Caffiodorum
537 2434 743 2471 Athalaricus
755 2434 943 2469 Gothorum
956 2436 1027 2470 Rex
1039 2436 1074 2468 in
1088 2435 1165 2469 Edi-

287 2490 338 2524 eto
351 2488 391 2523 ad
402 2487 562 2531 Joannem
573 2485 753 2520 secundum
766 2485 962 2520 Pontificem
972 2485 1074 2530 rigide
1087 2496 1162 2519 tam-

286 2549 385 2582 quam
408 2538 587 2572 Canonutn
606 2546 760 2570 executor
779 2536 916 2571 mandat
935 2535 1090 2569 omnibus
1108 2534 1164 2569 Pa-

286 2585 450 2628 triarchis,
478 2599 518 2621 ne
539 2586 618 2629 quid
637 2586 773 2630 exigant
795 2585 836 2620 ab
863 2585 1032 2630 Episcopis
1054 2585 1165 2619 conse·

287 2637 431 2673 crandis.
470 2635 514 2672 Et
544 2634 724 2680 Gregorius
753 2634 900 2680 Magnus
922 2635 1054 2673 decreto
1086 2636 1165 2675 suo,

288 2700 354 2732 quo
368 2689 460 2721 sacrae
473 2686 705 2723 Ordinationis
724 2687 760 2720 &
777 2684 846 2721 dati
868 2685 967 2720 Pallii
988 2684 1165 2720 Pastellum

289 2738 489 2782 proscripfit,
515 2735 683 2780 adjungit:
712 2738 745 2769 51
765 2742 834 2778 quis
855 2735 924 2769 binc
954 2735 1073 2778 aliquid
1095 2745 1166 2767 com·

290 2789 370 2822 modi
391 2794 504 2831 exigere
525 2788 577 2820 vel
584 2785 703 2828 deferre
711 2784 795 2830 forte*
806 2784 1029 2829 praesumpserit
1041 2809 1052 2826 ,
1077 2790 1110 2818 in
1122 2786 1167 2818 dt-

285 2837 386 2878 flrt'c‘lo
406 2839 459 2868 Dei
480 2842 682 2878 omnipotentis
712 2842 849 2870 examine
871 2842 969 2869 reatui
981 2834 1167 2879 subjacebit.

290 2887 337 2921 Et
370 2887 485 2924 Sancio
517 2886 693 2928 Bonifacio
725 2887 927 2921 Francorum
964 2885 1129 2929 Apostolo
1156 2909 1167 2926 ,

291 2936 471 2980 Ecclesiam
486 2937 673 2980 Romanam
693 2936 843 2980 arguenti
865 2937 905 2969 de
928 2934 1087 2977 ejusmodi
1108 2934 1167 2969 Pa-

291 2985 407 3027 ssello,
434 2986 571 3029 idedque
592 2997 692 3031 nuper
711 2986 872 3029 postulata
896 2985 1045 3022 Ecclesia:
1068 2984 1169 3020 Galli-

291 3047 380 3074 canae
400 3035 503 3078 Pallia
526 3048 593 3071 non
605 3036 833 3080 prosequenti,
859 3036 1025 3079 respondit
1047 3034 1170 3074 Zacha-

293 3086 355 3121 rias
376 3085 542 3130 ¹Pontifex
566 3089 627 3121 effe
648 3084 925 3123 mendaciffimam
949 3084 1168 3126 calumniam,

294 3135 451 3179 ejusmodi
464 3135 647 3168 exactiones
659 3136 720 3170 effe
744 3136 1036 3180 praevaricationem
1060 3136 1170 3172 Cano-

296 3197 376 3221 num
399 3185 433 3218 ὅ(
451 3194 595 3228 apertam
616 3184 809 3225 simoniam,
835 3184 1089 3229 Romanamque
1110 3186 1169 3223 Ec-

297 3235 424 3271 clesiam
444 3236 507 3270 esse
532 3233 573 3268 ab
593 3233 648 3267 illa
669 3234 750 3268 adeo
770 3235 910 3269 alienam
926 3260 937 3276 ,
962 3247 1000 3269 ut
1023 3247 1084 3270 nec
1112 3247 1170 3279 pro

298 3281 406 3319 charta
425 3283 504 3326 quid
526 3284 636 3329 exigat
660 3293 714 3317 aut
736 3295 794 3326 pro
817 3286 976 3326 Scriptura
996 3310 1003 3318 .
1031 3285 1171 3321 Ecclesia

298 3330 381 3369 elim
392 3332 647 3368 Mediolanenfis
657 3333 970 3368 consuetudinaliter
991 3336 1026 3367 de
1047 3335 1171 3369 Subdiu-

299 3391 405 3419 conatu
426 3383 569 3416 duodecim
590 3394 742 3422 nummos,
770 3384 807 3415 de
828 3385 992 3416 Diaconatu
1021 3386 1118 3418 decem
1137 3387 1171 3421 (θ’

297 3433 377 3471 οᾶο,
404 3432 439 3464 de
461 3432 667 3470 Presbyteratu
684 3431 865 3475 suscipiendo
895 3439 1003 3476 viginti
1025 3443 1147 3476 quatuor
1160 3461 1171 3477 ,

864 152 1494 200 DISSERTATJO

1222 231 1304 264 Item
1324 232 1404 274 qnid
1420 231 1461 266 de
1480 234 1718 280 Epist-:operum
1742 237 2039 275 consec-rationibus
2059 238 2094 275 δε

1222 280 1500 316 benedictionibus
1523 283 1715 323 Abbatum?
1740 286 1866 323 Verum
1891 289 2008 325 Guido
2033 290 2095 324 Ar·

1221 328 1468 375 chi-Episcopus
1479 332 1513 365 in
1533 334 1681 371 manibus
1693 337 1784 374 Petri
1791 339 1950 374 Damiani
1961 340 2095 376 Ostien-

1222 381 1284 421 fis,
1309 381 1504 418 &Anselmi
1525 382 1677 421 Lucensis
1693 387 1867 432 Episcopi,
1893 401 1949 433 per
1970 390 2095 426 Roma-

1223 442 1297 465 nam
1320 431 1495 470 Ecclefiam
1515 433 1614 476 jussus
1631 434 1860 480 estabjurue,
1883 438 1918 472 &
1937 439 2096 483 abjuravit

1221 490 1388 525 tamquam
1416 480 1595 524 lethalem,
1621 483 1820 527 pestiferam,
1844 477 2033 525 damnatam
2059 490 2095 523 fi-

1222 533 1342 570 moniae
1353 530 1493 572 haeresim
1504 557 1517 573 ,
1543 533 1591 567 uti
1621 533 1734 568 multis
1754 534 1848 568 refert
1869 538 2016 577 laudatus
2036 539 2098 574 Pe·

1220 591 1287 616 trus
1297 581 1454 621 Damiani
1466 608 1473 615 .
1497 584 1676 626 Episcopus
1696 582 1894 619 Morinenfis
1914 588 1956 622 ab
1965 589 2097 625 Abbate

1221 632 1330 667 Sancti
1351 632 1479 666 Bertini
1502 631 1624 668 solebat
1643 645 1703 677 pro
1725 632 1961 671 benedictionis
1986 639 2098 674 xenio

1221 682 1349 726 exigere
1377 693 1513 727 cappam
1535 683 1689 723 sericam,
1716 683 1922 720 Palafredum
1936 711 1947 726 ,
1983 685 2101 723 Pastel-

1221 731 1290 766 lum
1319 741 1375 766 aut
1386 732 1487 767 aliam
1506 734 1796 768 consuetudinemz
1823 744 1857 770 at
1876 745 2048 780 tamquam·
2063 737 2101 772 fi·
2118 732 2186 806 ἑοὶ·
2201 731 2269 767 Ep„

1222 781 1369 816 moniam
1394 782 1574 826 proscripsit
1595 784 1810 832 Innocenltius
1837 785 1965 820 tertius.
2001 786 2100 822 Innu-

1224 834 1304 865 meri
1326 832 1481 870 Canones
1501 831 1547 868 ita
1568 835 1700 869 censent
1721 834 1764 870 de
1782 833 1942 877 ejusmodi
1961 837 2102 873 exactio.

1226 879 1336 919 nibus.
1843 921 1848 924 ι

1274 930 1404 968 Partem
1426 942 1536 968 tamen
1555 933 1743 979 negativam
1762 936 1870 970 firmat
1902 936 2102 979 Iustinianus

1226 978 1394 1027 Augustus
1413 984 1448 1017 in
1468 984 1540 1028 lege
1561 983 1602 1018 ad
1623 983 1756 1020 Petrum
1770 985 1973 1025 ,officiorum
1994 987 2103 1032 Magi·

1227 1031 1342 1066 strum.
1369 1033 1463 1068 Licet
1476 1045 1615 1078 namque
1628 1033 1880 1070 inClericorum
1891 1037 2102 1073 ordinatione

1227 1079 1491 1119 Cathedraticam
1501 1083 1773 1118 consuetudinem
1787 1094 1871 1119 vetet
1888 1084 1929 1119 ab
1939 1087 2007 1130 ipso
2016 1087 2107 1121 ordi·

1229 1142 1324 1166 nante
1344 1133 1530 1178 Episcopo,
1558 1134 1718 1178 permittit
1738 1145 1848 1168 tamen
1868 1135 1957 1179 exigi
1978 1135 2020 1170 ab
2036 1134 2105 1178 ejus

1226 1182 1401 1225 ministris,
1427 1183 1461 1217 &
1473 1183 1605 1228 quidem
1617 1193 1761 1223 tantam,
1786 1195 1856 1227 quae
1876 1196 2000 1228 aequare
2010 1184 2110 1230 poffit

1228 1232 1427 1277 unius-anni
1445 1244 1659 1278 proventum.
1697 1235 1810 1269 Etiam
1837 1234 1856 1267 a
1889 1234 2106 1277 Patriarclrisz

1227 1282 1449 1324 Primafibus,
1475 1295 1513 1318 ac
1523 1283 1750 1329 Metropolitis
1770 1283 1858 1329 exigi
1879 1284 2038 1328 permittit
2061 1284 2104 1322 de

1229 1332 1398 1378 Episcopis
1421 1335 1634 1376 consecratis,
1660 1334 1922 1377 eximenssolos
1949 1345 2102 1379 pauperes

1228 1383 1429 1429 Episcopus,
1455 1395 1594 1428 quorum
1605 1385 1754 1424 Ecclesiae
1774 1386 1809 1419 in
1819 1384 1949 1419 redditu
1962 1384 2103 1420 habeant

1227 1432 1354 1475 minus,
1380 1434 1478 1476 quam
1504 1435 1584 1469 duas
1608 1433 1704 1476 libras
1734 1437 1822 1475 auri.
1850 1434 1883 1468 A
1909 1434 2105 1479 quibusdam

1227 1483 1315 1528 exigi
1338 1484 1413 1529 sinit
1432 1485 1532 1519 etiam
1553 1486 1673 1531 viginti
1687 1487 1764 1520 auri
1785 1485 1879 1529 libras
1892 1510 1903 1526 ,
1928 1496 1998 1529 quae
2007 1485 2103 1529 juxta

1229 1532 1441 1570 Eustachium
1455 1533 1699 1571 Gothofredum
1709 1537 1835 1571 faciunt
1847 1547 1960 1572 aureos
1973 1535 2102 1570 nostros

1228 1585 1319 1622 mille
1335 1627 1337 1629 ,
1352 1586 1611 1634 quadringentos
1631 1587 1847 1632 quadraginta
1867 1613 1875 1620 .
1914 1584 2012 1623 Adeo
2031 1596 2104 1620 non

1228 1636 1294 1672 fine
1307 1637 1402 1672 eausa
1413 1636 1570 1672 Eusebius
1583 1636 1724 1680 Ancyrae
1742 1637 1923 1680 Episcopus
1944 1637 1979 1669 in
2000 1635 2108 1678 Syno-

1227 1685 1271 1724 do
1295 1686 1554 1723 Chalcedonenfi
1567 1688 1696 1731 questus
1716 1687 1761 1721 est
1783 1697 1839 1729 per
1856 1684 2106 1720 cathedraticas

1228 1735 1420 1772 Patriarchae
1453 1736 1819 1780 constantinopolitani
1850 1734 2106 1771 consuetudines

1228 1787 1373 1821 solviseu
1386 1787 1526 1830 diffipari
1540 1786 1748 1821 substantiam
1771 1784 2004 1824 Ecclefiarum,
2026 1793 2108 1827 qua·-

1228 1848 1301 1871 rum
1319 1836 1474 1880 Episcopi
1495 1837 1536 1871 ab
1554 1836 1612 1871 illo
1632 1834 1920 1881 consecrabantur.
1946 1832 2040 1882 Qin
2066 1833 2105 1869 in

1230 1888 1300 1931 lege
1313 1887 1353 1921 ad
1367 1887 1528 1922 Mennam
1551 1882 1773 1922 patriarcham
1791 1885 1879 1920 idem
1893 1884 2104 1928 ³Justinianus

1229 1935 1479 1972 consuetudines
1509 1936 1717 1973 insinuativas
1737 1961 1748 1977 ‚
1783 1946 1862 1979 quas
1893 1931 2060 1978 prescribit
2085 1931 2106 1966 ὸ,

1229 1987 1353 2026 cunctis
1366 1986 1515 2022 Ecclefiis
1528 2012 1539 2027 ,
1565 1986 1736 2022 confirmat
1747 1986 1782 2019 in
1803 1996 1922 2029 magna
1943 1983 2108 2025 Constan-

1228 2036 1464 2082 tinopolitana.
1494 2038 1538 2072 Et
1558 2037 1658 2073 Isaaci
1674 2036 1845 2071 Comneni
1865 2031 2010 2084 Augusti
2033 2032 2108 2068 No-

1230 2087 1311 2122 vella
1338 2088 1530 2125 constitutio
1551 2087 1591 2121 de
1616 2084 1928 2125 consuetudinibus,
1951 2094 2022 2126 quae
2046 2091 2108 2125 pro

1229 2136 1437 2172 ordinatione
1447 2138 1586 2178 dantur,
1604 2136 1730 2176 statuit,
1755 2142 1787 2167 ut
1812 2139 1904 2167 etiam
1930 2139 1963 2165 in
1988 2132 2109 2165 ordina-

1230 2194 1307 2222 tione
1327 2188 1511 2221 sacerdotum
1527 2187 1561 2219 Θ
1585 2190 1731 2219 Canonico
1750 2192 1834 2224 vetus
1850 2183 1956 2261 fang
1982 2181 2109 2214 auam-

1229 2246 1323 2271 tatem
1343 2238 1493 2276 obtineat,
1518 2237 1552 2268 <5
1575 2234 1652 2267 nibil
1673 2239 1706 2266 in
1724 2234 1905 2266 ordinatione
1942 2230 2080 2273 piscopus
2093 2253 2107 2269 ,

1230 2294 1282 2330 qui
1305 2289 1444 2324 ordinat,
1467 2285 1596 2327 amplius
1622 2288 1766 2325 accipiat,
1792 2280 2106 2326 qudmfflaestantiorls

1230 2345 1353 2370 monetae
1388 2343 1483 2377 eptem
1514 2345 1612 2368 aureos
1642 2343 1773 2372 nummos
1799 2327 1976 2377 damma-at:
2010 2333 2106 2362 Unum

1225 2384 1350 2430 scilicet,
1375 2386 1492 2427 quando
1506 2383 1585 2426 facit
1602 2382 1763 2425 simplicem
1786 2383 1904 2423 Papam
1919 2379 1987 2441 (ive
2007 2379 2115 2414 Ledo·-

1230 2448 1293 2470 rem
1317 2448 1327 2477 ;
1359 2446 1418 2470 tres
1444 2435 1562 2477 quando
1586 2434 1705 2465 ordinat
1731 2435 1895 2464 Diaconum
1909 2454 1919 2470 ,
1944 2431 2017 2467 alios
2042 2438 2104 2463 tres

1230 2486 1345 2529 quando
1365 2484 1544 2519 Sacerdotem
1563 2482 1626 2525 five
1652 2482 1850 2520 Presbyterum
1868 2480 2005 2523 perficit.
2044 2480 2107 2514 Ca-

1232 2536 1391 2570 nonicum
1417 2534 1463 2569 est
1490 2532 1692 2568 ordinarium
1718 2531 1875 2565 tributum
1894 2555 1905 2571 ,
1933 2532 2106 2574 verumque

1233 2583 1502 2620 Cathedraticum
1515 2607 1526 2623 ‚
1549 2582 1712 2627 Episcopo
1734 2581 1753 2614 a
1769 2581 1904 2625 fingulis
1923 2580 2053 2624 oppidis
2072 2580 2106 2614 ὃς

1233 2636 1312 2670 vicis
1325 2635 1422 2679 pendi
1437 2635 1630 2671 consuetum
1641 2657 1648 2665 .
1676 2632 1821 2674 Simplex
1834 2631 1923 2674 Papa
1933 2629 1979 2664 est
1996 2628 2083 2663 idem
2094 2654 2107 2670 ‚

1232 2685 1322 2729 quod
1337 2685 1423 2729 apud
1442 2696 1502 2718 nos
1523 2684 1633 2727 prima:
1656 2683 1796 2717 tonsurae
1820 2680 1985 2716 Clericus:
2014 2679 2107 2714 Nam

1232 2736 1266 2769 &
1289 2735 1424 2780 Belgica
1443 2734 1551 2771 nostra
1571 2733 1682 2778 lingua
1702 2736 1838 2769 omnem
1859 2730 2025 2765 Clericum
2050 2741 2106 2763 vo-

1232 2795 1285 2822 cat
1296 2784 1435 2829 Papam.

1282 2836 1327 2871 Et
1352 2836 1393 2870 ab
1419 2833 1480 2871 hac
1502 2834 1689 2868 Graecorum
1710 2831 1902 2876 Theologia
1925 2832 2026 2866 etiam
2048 2831 2109 2864 La«

1232 2885 1296 2921 tini
1328 2897 1396 2920 non
1425 2883 1621 2919 abhorrent.
1662 2883 1798 2917 Etenim
1823 2882 1946 2917 Calixti
1974 2879 2106 2915 secundi

1233 2937 1266 2970 &
1281 2935 1468 2970 Innocentii
1489 2934 1619 2969 secundi
1640 2933 1841 2974 Pontificum
1861 2932 1997 2966 decretis
2011 2954 2021 2970 ,
2047 2927 2107 2962 hu·

1233 2986 1373 3028 jusmodi
1405 2983 1650 3022 Cathedraticas
1673 2982 1925 3017 consuetudines
1950 2991 1986 3015 ut
2012 2980 2108 3013 fimo-

1235 3037 1342 3070 niacas
1361 3033 1615 3074 damnantibus,
1642 3043 1792 3077 potenter
1825 3034 1856 3066 se
1882 3030 2003 3075 objecit
2029 3030 2108 3064 San-

1234 3088 1301 3122 ‹stus
1311 3085 1511 3122 Lanfrancus
1534 3084 1776 3119 Cantuariensis
1788 3080 2084 3124 Archi-Episcopus
2094 3102 2106 3118 ,

1234 3136 1380 3171 adserens
1399 3135 1470 3170 illas
1496 3146 1564 3169 non
1596 3134 1901 3173 Sacramentorum,
1928 3130 1981 3165 sed
2007 3127 2107 3170 subje-

1234 3186 1350 3220 &ionis
1373 3185 1470 3221 titulo
1492 3183 1605 3228 pendi:
1633 3185 1740 3218 Sancti
1755 3181 1934 3227 Augustini
1964 3187 2107 3219 namque

1233 3236 1465 3271 monasterium
1491 3233 1688 3268 monasterio
1721 3229 1907 3267 cathedrali
1928 3227 2106 3271 quotannis

1234 3287 1269 3320 in
1291 3298 1378 3320 caena
1400 3285 1541 3320 Domini
1565 3284 1648 3318 duos
1659 3284 1794 3323 arietes,
1817 3289 2002 3320 certamque
2013 3277 2107 3320 panis

1233 3336 1267 3369 &
1291 3337 1361 3370 vini
1380 3336 1562 3371 mensuram
1582 3333 1741 3369 solvebat.
1768 3331 1920 3373 Longam
1947 3327 2040 3362 litem
2061 3338 2108 3360 re·
2127 3325 2159 3353 A*
2177 3331 2260 3360 1¹43·

1235 3388 1295 3420 fert
1320 3387 1355 3420 in
1379 3386 1443 3419 suis
1462 3383 1648 3418 Annalibus
1670 3378 1865 3415 Guilielmus
1875 3376 2035 3411 Thorne.
2063 3376 2108 3409 Et
2131 3374 2212 3399 1¹44·

1235 3437 1385 3480 Rogerus
1411 3434 1614 3469 Hovedenfis
1641 3435 1724 3469 inter
1757 3429 1844 3462 varia
1873 3427 2048 3462 Theodini
2074 3427 2109 3459 <Sc

298 3480 381 3529 quasi
393 3479 614 3528 perpraefixam
626 3484 800 3523 condicionis
810 3483 973 3532 Regulam,
998 3484 1170 3530 exigebat.
1236 3483 1363 3523 Alberti
1378 3485 1632 3523 cardinalium,
1660 3478 1840 3518 Alexandri
1860 3478 1947 3516 tertii
1970 3478 2113 3520 Legat&

1965 3537 2036 3572 rum
2048 3550 2060 3567 ,

2114 611 2225 653 opusc·
2245 620 2270 647 ς·
