2340 3736
67 325 202 365 Epist.82.

620 163 942 215 Senotns,
978 174 1040 203 er
1076 170 1250 204 Νοτῐε
1285 166 1684 204 ILLu'srRATI.

237 246 446 285 excellentiora
459 238 591 277 membra
595 241 684 286 suum
695 244 817 284 officium
839 242 985 282 impleant
997 266 1008 281 ,
1035 241 1070 273 Θ
1083 244 1128 271 in-

233 297 350 340 firma
371 293 574 338 superioribus
585 304 643 326 non
663 291 804 335 resultent
815 317 822 324 .
852 292 895 326 Et
910 292 942 324 in
960 291 1076 325 litteris
1088 288 1127 322 ad

235 346 405 391 Juliiuum
417 345 581 378 Coensem
607 343 830 386 Episcopum,
856 342 949 375 suum
963 340 1127 374 Constan—

234 395 394 442 stinopoli
407 394 572 439 Legatum
584 420 591 426 .
619 399 767 427 Miramur
771 392 905 439 fratrem
924 390 1100 429 Thalaffium
1113 414 1121 428 ‚

236 445 473 481 Caesareensem
495 445 532 479 in
561 444 768 487 Cappadocia
800 442 978 476 Primatem
1003 438 1125 482 ,Episco-

231 504 331 539 pum,
357 496 441 538 quod
448 498 571 539 Georgio
580 493 748 538 nesciocui,
773 497 825 534 qui
835 489 1043 533 praesumendo
1066 491 1123 522 illi—

235 551 298 579 cita
309 547 344 579 ὠ·
350 545 528 589 propost'tum
538 544 671 579 monachi
681 543 716 575 ό*
728 553 833 576 nomen
846 539 942 582 amifit
960 564 971 580 ‚
994 538 1124 583 scriben-

235 597 271 629 di
293 596 346 629 vel
358 597 554 638 praedicandi
574 596 708 636 aliquam
733 589 903 634 permiserit
916 590 1098 631 facultatem
1114 615 1120 622 .

63 665 150 704 Epist·
175 668 220 703 53·
235 646 276 680 In
288 646 405 680 litteris
427 646 468 680 ad
480 643 733 680 Theodoretum
756 641 840 684 Cyri
853 641 1052 684 Episcopum
1067 640 1123 674 ad-

63 709 121 737 06.

236 697 346 731 firmat
366 696 495 732 editum
505 694 681 732 Canonem
703 691 852 726 adversus
875 691 1121 734 improbitatem

235 746 454 788 quorumdam
479 741 718 782 monachorum
749 742 895 787 regionis
920 741 1119 782 Orientalis,

236 808 293 840 per
302 806 384 840 quos
396 819 408 835 ‚
427 793 586 828 Barsuma
596 792 701 831 duce,
728 792 854 826 turbata
869 793 972 826 fuerat
994 792 1121 825 univer-

62 860 97 890 1„
106 870 131 897 3·
145 860 221 891 eon,
235 848 271 884 sa
292 846 401 889 Syria.
435 843 587 878 Eandem
599 842 770 883 audaciam
782 843 916 877 damnat
936 842 1122 876 Martianus

61 899 168 931 Chalc.

61 939 181 978 Epist-9.

59 1843 175 1884 Epist.4.

58 2223 194 2264 Epist-700

58 2940 142 2981 Epist.
150 2953 198 2978 40.

240 895 409 940 Augustus
421 894 456 927 in
468 892 642 928 monachis
661 893 857 934 Palaestinis,
882 891 1120 926 adhaerentibus

233 946 341 989 ,impio
361 943 579 985 Theodosio,
606 944 746 978 invasori
768 944 982 988 Episcopatus
1004 942 1123 978 Hiero÷

233 995 426 1039 solymitani
447 1019 455 1026 .
490 995 639 1029 Hausere
662 993 754 1028 illam
775 993 816 1027 ab
848 993 918 1037 ipso
945 991 1120 1033 Eutyche,

231 1056 332 1089 quem
354 1057 410 1089 per
429 1044 655 1084 catecheses&
676 1043 913 1087 disputationes
922 1043 1071 1077 effutiiffe
1082 1054 1119 1076 ac

233 1096 450 1130 disseminasse
471 1096 557 1130 virus
578 1094 668 1138 supra
686 1094 874 1129 audivimus
907 1093 949 1128 ab
973 1093 1119 1127 Eusebio

233 1146 430 1189 Doryleensi
442 1171 449 1179 .
478 1144 643 1180 Adversus
654 1145 792 1179 similem
800 1143 1118 1185 priscillianistarum

233 1196 464 1237 insolentiam,
491 1204 527 1229 ut
550 1196 660 1229 nullus
683 1194 866 1230 monachus
875 1205 931 1229 aut
950 1194 1051 1229 laicus
1061 1205 1118 1228 no-

233 1257 311 1280 men
323 1245 381 1280 fibi
415 1245 573 1280 Dostoris
591 1244 760 1290 adsumat,
786 1245 965 1280 statuerunt
995 1243 1118 1289 priores

230 1294 363 1340 Synodi
379 1295 567 1339 Hispanicae
577 1321 585 1329 .
750 1294 753 1296 “

242 1388 245 1393 ι
285 1345 418 1392 Quinto
429 1345 563 1386 mandat
575 1346 717 1389 Canon,
745 1355 784 1382 ut
795 1344 952 1382 monachi
962 1343 996 1378 in
1009 1345 1092 1380 locis
1105 1369 1117 1386 ,

230 1396 268 1431 in
290 1395 410 1440 quibus
420 1397 695 1437 renunciaverunt
717 1397 855 1440 saeculo,
883 1407 1093 1440 permaneant
1106 1420 1117 1436 ,

232 1457 339 1490 neque
359 1447 555 1487 monasteria
570 1449 626 1482 sua
647 1448 813 1489 deserants
839 1448 999 1482 Statuitur
1010 1446 1117 1481 adver-

231 1496 286 1531 sus
296 1496 485 1532 Barsumam
495 1522 507 1539 ‚
532 1497 575 1533 de
583 1509 650 1542 quo
663 1499 699 1533 in
710 1497 772 1533 hac
784 1497 923 1541 synodo
934 1497 1116 1532 clamarunt

233 1547 391 1592 Episcopi
412 1548 627 1584 orientales:
656 1553 781 1582 omnem
805 1551 917 1587 syriam
950 1546 1117 1591 Barsumas

231 1604 366 1639 evertit,
393 1600 485 1632 duxit
500 1598 592 1642 ficper
614 1610 666 1632 nos
693 1601 774 1633 mille
798 1598 953 1632 monachos
966 1623 976 1639 ‚
1002 1600 1118 1642 utique

233 1647 276 1681 ad
287 1659 348 1681 nos
367 1648 549 1690 ejiciendos
560 1649 602 1683 de
627 1649 775 1689 sedibus,
804 1649 945 1692 istosque
956 1647 1053 1682 nobis
1066 1649 1118 1682 su-

231 1697 507 1739 perordinandos.
537 1698 594 1733 Est
616 1698 874 1740 fundamentalis
902 1700 938 1733 &
962 1700 1118 1743 antiquus

231 1746 419 1780 monasticae
437 1748 656 1782 institutionis
680 1749 798 1783 Canon
812 1773 823 1789 ‚
847 1749 970 1792 dequo
989 1751 1120 1792 sandius

231 1796 465 1839 Hieronymus
476 1796 511 1830 in
523 1797 637 1831 litteris
648 1798 687 1831 ad
703 1798 879 1832 Rusticum
893 1797 1096 1832 monachum
1109 1812 1119 1832 .-

231 1847 265 1878 .Β
290 1854 318 1879 te
329 1847 496 1880 clericatus
516 1848 626 1880 titillat
650 1847 823 1886 desiderium
835 1872 846 1888 ,
871 1850 917 1880 itti
927 1851 1025 1892 age&
1045 1854 1119 1882 vive

231 1901 266 1928 in
288 1895 458 1937 monasterio
475 1920 486 1935 ‚
510 1907 545 1930 ut
566 1899 696 1932 Clericus
719 1900 770 1941 effe
791 1904 932 1931 merearis
955 1924 961 1930 .
990 1898 1119 1932 Defide-

231 1946 318 1981 rium
332 1947 365 1981 &
386 1947 547 1981 ambitum
560 1947 655 1982 illum
677 1949 740 1982 effe
751 1946 969 1982 monachismi
998 1948 1119 1991 pestem

231 1995 350 2033 Patres
360 1997 472 2039 paffim
492 1997 687 2032 adfirmant.
716 1999 762 2035 Et
785 1998 960 2037 Aurelium
986 1998 1121 2033 Cartha-

233 2043 403 2089 ginensem
430 2047 655 2091 Episcopum,
681 2048 771 2093 quod
785 2048 979 2083 ambitiosos
1004 2060 1118 2084 mona-

232 2095 405 2129 steriorum
417 2096 641 2130 desertores-in
661 2098 797 2132 Clerum
818 2098 1024 2139 adsumeret,
1050 2110 1118 2144 gra-

233 2145 316 2178 viter
336 2147 468 2184 Sanctus
489 2145 695 2191 Augustinus
718 2148 850 2181 monuit
875 2172 886 2188 ‚
918 2159 1054 2190 eamque
1076 2159 1119 2183 te-

229 2195 415 2228 meritatem
434 2205 491 2238 per
515 2195 690 2231 canonem
702 2197 743 2230 ab
765 2197 859 2231 omni
874 2195 1032 2232 Africana
1057 2198 1117 2232 Ec-

228 2243 321 2278 clesia
333 2245 495 2279 eliminari
507 2246 630 2279 curavit
650 2247 787 2280 Sanetus
800 2246 1006 2290 Augustinus
1017 2273 1024 2279 .
1051 2247 1120 2282 Ne·

232 2305 297 2338 que
309 2295 400 2329 enirn
420 2295 524 2329 malus
544 2294 728 2332 monachus
741 2296 836 2340 poffit
846 2297 909 2331 esse
929 2297 1035 2331 bonus
1046 2298 1119 2332 Cle-

231 2345 335 2378 ricus.
372 2345 498 2380 Verum
517 2356 614 2389 quam
634 2357 705 2381 non
729 2347 903 2390 profecerit
923 2347 1043 2381 Canon
1067 2347 1120 2381 ad-

234 2394 363 2428 versum
376 2395 644 2439 Eutychianistas
657 2421 668 2437 ,
693 2396 790 2431 docet
802 2396 980 2431 Timothei
1005 2397 1118 2432 AEluri

231 2444 730 2489 &Theodofii‚impiiffimorum
742 2459 818 2481 cum
829 2448 893 2481 suis
906 2448 1029 2482 asseclis
1043 2449 1118 2482 Mo-

231 2493 415 2530 nachorum
429 2519 439 2535 ,
465 2497 635 2541 plusqnim
647 2495 810 2532 barbarica
832 2497 984 2543 grassatio
995 2497 1028 2530 in
1042 2499 1118 2532 Ale-

231 2544 430 2579 xandrinam
443 2558 481 2580 ac
503 2547 845 2590 Hierosolymitanam
863 2548 1020 2583 Ecclefias
1032 2573 1044 2589 ,
1068 2560 1117 2583 ea-

237 2605 374 2639 rumque
385 2594 617 2631 Patriarchales
631 2598 797 2631 Dioeceses
811 2623 818 2630 .

285 2645 444 2679 Attamen
467 2658 536 2680 non
549 2646 654 2681 solum
682 2647 863 2685 Clericatus
886 2648 1049 2684 ambitum
1061 2660 1116 2684 aut

233 2695 360 2729 sedium
388 2696 631 2742 Episcopalium
654 2698 877 2739 invasionem,
906 2698 959 2732 sed
981 2711 1115 2733 omnem

233 2745 364 2788 penitsis
384 2745 535 2781 civilium
566 2758 663 2791 atque
691 2748 992 2783 Ecclefiasticorum
1019 2760 1117 2793 nego·

232 2796 357 2829 tiorum
387 2798 557 2831 tractatum
579 2798 751 2833 monachis
783 2798 902 2834 Canon
930 2799 1115 2838 interdicit,

233 2846 278 2880 Et
299 2845 416 2882 merito
433 2872 440 2878 .
466 2845 521 2882 Ad
535 2848 763 2883 Haimericum
777 2850 865 2883 enim
886 2849 1045 2885 Romanae
1057 2851 1116 2884 Ec-

231 2896 332 2929 clefiae
355 2896 597 2932 Cancellarium
619 2898 728 2933 scribit
753 2901 887 2936 Sanetus
913 2899 1114 2934 Bernardus.

233 2949 357 2979 Gravor
378 2947 509 2989 interesse
528 2947 637 2989 causis,
662 2960 789 2990 quarum
814 2961 880 2982 mea
904 2961 962 2982 non
987 2952 1116 2994 interesse

232 2995 362 3039 cognosco
390 3022 397 3028 .
425 3000 545 3030 Gravor
568 3022 578 3038 ,
599 2998 658 3042 sed
682 2999 786 3032 trahor
810 3025 818 3032 .
846 3001 1021 3033 Indicantur
1049 3024 1059 3041 ,
1091 3001 1121 3043 fi

229 3048 330 3089 placet
339 3070 349 3086 ‚
373 3046 502 3087 clamosis
514 3059 549 3082 ac
559 3055 737 3090 importunis
750 3055 835 3086 ranis
848 3051 884 3086 de
895 3056 1034 3083 cavernis
1058 3063 1115 3085 non

231 3097 352 3140 egredi,
374 3095 498 3139 sedsuis
520 3107 671 3133 contentas
683 3100 734 3142 esse
752 3100 916 3143 paludibus
932 3125 939 3132 .
965 3104 1039 3133 Non
1061 3114 1118 3135 au-

233 3147 358 3179 diantur
379 3152 412 3181 in
435 3149 575 3182 conciliis
588 3173 598 3188 ‚
623 3154 655 3182 in
669 3150 799 3186 Palatiis
825 3162 883 3185 non
893 3156 1090 3186 inveniantur
1108 3178 1114 3184 .

234 3197 285 3229 Ad
302 3194 408 3238 causas
421 3220 431 3236 ,
456 3198 499 3229 ad
518 3204 633 3241 negott'a
653 3200 739 3233 nulla
766 3202 931 3242 net-effitas,
956 3202 1039 3234 nulla
1057 3211 1106 3235 tra

232 3246 302 3280 here
320 3247 402 3288 poffit
423 3246 602 3280 auotoritas.
628 3250 675 3281 Sic
689 3249 907 3292 forfitdnpoffit
927 3251 1020 3292 vester
1042 3258 1115 3284 ami-

234 3307 283 3329 cus
302 3297 452 3330 declinare
464 3295 709 3340 praesumptionis
736 3308 836 3332 notam
859 3325 866 3332 .
895 3304 983 3333 Nam
1008 3313 1116 3335 noxam

234 3347 315 3382 unde
323 3346 496 3381 contrahere
505 3355 652 3389 potuerim
670 3373 680 3388 ,
705 3355 804 3392 ignoro
817 3363 827 3382 :
855 3348 1029 3393 cumscIam
1052 3364 1116 3385 con-

229 3394 325 3436 filium
344 3396 419 3429 mihi
437 3398 488 3440 effe
503 3399 537 3431 (5
556 3397 731 3440 propositum
745 3423 755 3438 ‚
783 3410 936 3440 nunquam
950 3424 960 3439 ‚
978 3401 1009 3442 Ji
1028 3400 1116 3445 causa

237 3445 389 3480 duntaxat
410 3449 535 3480 Ordinis
554 3447 641 3488 nostri
665 3461 722 3482 non
727 3449 826 3490 fuerit
839 3472 850 3488 ,
875 3445 959 3482 entre
971 3452 1008 3483 de
1017 3463 1116 3485 mona-

228 3493 318 3535 sterio
328 3520 339 3536 ‚
364 3496 420 3538 nist
426 3497 594 3540 Apostolicae
608 3500 695 3533 Sedis
717 3503 827 3544 Legato
838 3523 848 3540 ‚
875 3507 929 3532 aut
934 3506 1055 3543 proprio
1068 3513 1115 3535 vo-

1188 245 1278 269 cante
1287 234 1432 284 Episcopo
1442 258 1454 276 ,
1476 236 1581 278 quibus
1598 242 1799 280 contradicere
1808 241 1910 282 nostrae
1921 243 2073 279 bumilita-

1189 292 1214 320 ti
1219 286 1280 329 fas
1289 297 1347 325 *non
1356 285 1396 326 est
1407 311 1417 326 ,
1443 286 1545 328 nisiex
1556 300 1731 334 quocumque
1738 288 1903 335 superioris
1913 294 2073 329 auetorita-

1189 343 1230 370 tis
1249 338 1425 387 privilegio.
1453 335 1622 380 Ejusmodi
1642 341 1833 377 ambitiosos
1857 344 2071 387 negotiorum

1188 384 1373 420 monachos
1395 386 1514 430 merito
1527 398 1622 431 vocat
1632 400 1726 425 ranas
1737 393 1939 437 importunas
1960 394 1994 427 ὃς
2006 395 2069 428 cla-

1187 438 1294 474 mosas
1306 462 1313 469 .
1341 437 1385 470 Et
1399 437 1621 485 Joannem,ac
1634 438 1847 482 Benedicium
1858 468 1868 484 ‚
1882 443 1990 485 Sansti
2003 443 2072 478 Ro-

1188 487 1312 531 mualdi
1335 487 1538 527 monachos,
1563 488 1743 533 plurimum
1753 492 1789 535 in
1814 493 1901 528 iilius
1914 494 1982 528 vita
2002 493 2071 527 lau-

1187 537 1243 571 dat
1279 540 1413 572 Sanetus
1435 538 1551 573 Petrus
1570 539 1755 580 Damiani‚
1792 543 1882 585 quod
1908 543 2070 580 Busclavo

1185 588 1374 631 Sclavorum
1395 589 1506 633 Regi,
1531 588 1551 622 ὲ
1573 600 1641 634 quo
1652 589 1799 625 Romam
1820 588 1864 626 ob
1875 592 1950 634 fidei
1970 605 2071 639 nego·

1186 639 1231 672 tia
1244 638 1330 672 miffi
1351 637 1551 683 rogabantur
1561 639 1626 674 una
1650 640 1764 686 Regni
1775 652 1932 676 coronam
1957 644 1975 677 a
1988 643 2071 679 Sede

1185 685 1378 731 Apostolica
1401 699 1511 732 petere
1533 690 1566 724 &
1592 701 1758 734 reportare
1779 716 1790 733 ,
1826 692 2069 734 responderint:

1185 743 1252 771 Nos
1265 744 1298 770 in
1301 737 1388 781 sacro
1399 741 1512 774 Ordine
1521 739 1714 785 pofitisumus
1728 766 1739 782 ,
1764 742 1899 776 tradar-e
1922 741 2005 775 nobis
2012 742 2071 786 sae-

1183 790 1296 822 cularia
1308 794 1423 832 negotia
1434 793 1556 835 minime
1564 791 1651 835 licet.
1680 793 1724 826 Et
1737 792 1783 827 ita
1802 794 2000 836 relinquentes
2012 796 2069 835 Re-

1178 849 1245 883 gem
1255 840 1299 872 ad
1305 841 1408 872 cellam
1413 838 1504 883 suam
1520 843 1674 876 redierunt
1683 866 1690 874 .
1885 844 1887 846 '

1233 889 1340 924 Addit
1361 889 1483 926 Canon
1504 905 1516 925 .·
1542 891 1707 934 Ntfifhrte*
1722 898 1921 936 praecipiatur
1945 902 2070 937 propter

1182 947 1255 982 opus
1282 940 1466 983 necessarium
1489 941 1529 977 ab
1549 940 1695 986 Episcopo
1717 949 1858 984 civitatis
1879 969 1887 976 .
1914 945 2068 988 Exponit

1183 990 1317 1025 Sanetus
1327 989 1534 1035 Augustinus
1553 993 1588 1036 in
1600 993 1718 1028 litteris
1740 993 1781 1028 ad
1795 994 1990 1030 Eudoxium
2003 995 2070 1029 Ab·
2088 1004 2226 1046 Epist,31.

1183 1039 1291 1076 batem
1310 1041 1551 1076 monachorum
1574 1043 1685 1078 insula:
1701 1044 1862 1088 Caprariae
1882 1070 1890 1078 .
1917 1044 2071 1079 Exhorta-
2095 1041 2097 1043 ¹

1183 1101 1271 1129 mur,
1297 1100 1331 1124 ut
1346 1090 1523 1134 propositum
1549 1093 1677 1136 vestrum
1694 1094 1862 1138 custodiatis
1885 1120 1895 1136 ,
1921 1096 1956 1138 <a
1979 1094 2069 1139 usque

1182 1145 1214 1181 in
1230 1139 1325 1182 finem
1338 1140 1561 1185 perseveretis:
1588 1143 1664 1187 Acfi
1679 1156 1770 1187 quam
1790 1153 1909 1188 operam
1936 1145 2067 1186 vestram

1182 1199 1279 1224 mater
1298 1190 1426 1235 Ecclesa
1445 1192 1616 1234 defiderarit
1643 1219 1654 1235 ,
1681 1206 1732 1229 nec
1751 1196 1881 1233 elatione
1900 1197 2000 1237 avida
2016 1195 2068 1239 su·

1176 1239 1333 1284 feneratis,
1359 1253 1411 1282 nec
1420 1241 1594 1287 blandiente
1605 1243 1717 1285 defidta
1740 1243 1911 1287 respuatis,
1932 1244 1991 1288 sed
1999 1252 2070 1280 mitt

1180 1293 1266 1326 corde
1286 1295 1350 1326 Deo
1369 1291 1574 1336 obtemperetis
1586 1319 1594 1326 .
1621 1299 1689 1329 Nec
1710 1294 1840 1338 oestrum
1860 1301 1949 1328 otium
1975 1294 2071 1339 neces-

1174 1341 1315 1384 fitatibus
1336 1342 1469 1385 Ecclesiae
1484 1350 1675 1388 praeponatis
1688 1370 1700 1387 ,
1723 1345 1997 1387 cuiparturt'entisi'
2005 1347 2071 1379 nul-

1176 1390 1204 1436 li
1223 1392 1290 1426 boni
1313 1394 1480 1435 ministrare
1502 1395 1616 1438 vellent
1643 1420 1655 1436 ,
1689 1397 1830 1439 quomodo
1853 1395 2067 1440 nasceremini,

1181 1455 1239 1484 non
1250 1449 1428 1478 inveniretis
1439 1470 1446 1478 .
1475 1446 1520 1482 Et
1532 1443 1612 1480 hinc
1623 1446 1665 1481 ad
1676 1446 1853 1481 Rusticum
1867 1446 2069 1482 monachum

1181 1493 1291 1528 scribit
1301 1495 1435 1529 Sanetus
1445 1496 1695 1540 Hieronymus:
1721 1500 1898 1539 Numquam
1921 1498 1959 1530 de
1978 1508 2070 1530 manu
2091 1501 2208 1545 fipist4.

1181 1546 1215 1579 (9·
1226 1544 1314 1578 oculis
1324 1547 1445 1579 recedat
1455 1545 1527 1580 liber
1538 1547 1551 1579 ?
1577 1545 1811 1590 amascientiam
1822 1549 2044 1590 scripturarum
2059 1573 2066 1579 .

1182 1594 1261 1628 Hoc
1274 1595 1364 1629 enim
1385 1596 1430 1630 est
1451 1597 1495 1631 sic
1508 1597 1628 1641 degere
1651 1598 1686 1633 in
1700 1597 1918 1640 monasterio,
1946 1607 1983 1631 ut
1995 1598 2071 1631 Cle-

1182 1645 1267 1678 ricus
1288 1646 1352 1679 effe
1372 1657 1441 1679 non
1464 1646 1614 1687 ambias,
1639 1647 1694 1681 sed
1714 1649 1880 1691 merearis.
1910 1647 2071 1693 Legenda.

1182 1695 1227 1729 est
1247 1695 1355 1730 Sansti
1374 1695 1545 1732 Athanasii
1561 1696 1709 1740 Epistola
1722 1723 1733 1739 ‚
1758 1709 1823 1741 qua
1845 1698 2068 1732 Dracontium

1183 1743 1385 1779 monachum
1396 1744 1546 1781 hortatur
1569 1747 1703 1789 &quasi
1726 1749 1820 1793 cogit
1843 1748 1885 1782 ad
1897 1745 2073 1791 suscipien-

1182 1795 1262 1830 dum
1283 1796 1519 1840 Episcopatum
1543 1822 1554 1838 ,
1580 1796 1756 1831 ostendens
1781 1798 1876 1832 illum
1903 1798 2070 1841 proposito

1183 1846 1367 1881 monastico
1386 1858 1455 1881 non
1468 1847 1643 1887 adversari.
1670 1848 1849 1882 Pluresille
1874 1848 1914 1882 ad
1925 1857 2072 1882 everten-

1182 1897 1258 1930 dam
1284 1895 1445 1930 Arianam
1469 1898 1592 1932 rabiem
1614 1898 1727 1931 dostos
1741 1896 1923 1936 monachos
1936 1898 2072 1942 Episco-

1183 1947 1274 1990 patui
1299 1947 1458 1989 imposuit
1478 1949 1514 1982 ὃς
1534 1947 1628 1982 omni
1654 1947 1754 1982 Clero
1775 1971 1786 1987 ‚
1809 1948 1943 1992 ejusque
1964 1958 2072 1981 exem·

1182 1997 1274 2040 plum
1295 1997 1352 2030 alii
1378 1998 1478 2031 etiam
1505 1996 1700 2037 Patriarchae
1723 2022 1734 2039 ,
1763 1998 1799 2032 ὃς
1823 1998 2072 2041 Metropolitae,

1182 2047 1216 2080 δε
1240 2046 1395 2090 Episcopi
1416 2048 1489 2081 sunt
1511 2047 1691 2082 felicissime
1709 2048 1852 2089 aemulati
1872 2074 1879 2080 .
1913 2048 2002 2096 Qia
2027 2058 2072 2082 ta-

1182 2108 1258 2130 men
1269 2095 1403 2139 quidam
1423 2098 1617 2132 monasteria
1628 2096 1888 2138 exhauriebant,
1915 2098 2072 2135 addidere

1181 2146 1372 2189 posteriores
1385 2147 1539 2180 canones
1552 2145 1753 2188 monachum
1763 2146 1804 2181 ab
1816 2147 1988 2192 Episcopis
2001 2159 2072 2182 non

1183 2195 1271 2239 posse
1293 2196 1420 2229 adsumi
1442 2197 1476 2230 in
1501 2197 1634 2231 Clerum
1648 2198 1716 2231 fine
1737 2197 1871 2231 licentia
1884 2197 2043 2232 Abbatis.

1188 2244 1191 2247 ’
1234 2246 1344 2280 Etiam
1366 2246 1509 2280 docendi
1534 2246 1740 2281 &scribendi
1768 2248 1935 2282 licentiam
1958 2259 2070 2282 mona-

1181 2294 1252 2329 chis
1264 2295 1339 2330 dare
1364 2298 1489 2340 semper
1503 2297 1611 2342 potuit
1624 2297 1806 2341 Episcopus
1819 2322 1826 2329 .
1852 2298 1958 2352 Qod
1977 2298 2070 2332 enim

1181 2346 1328 2388 Symeon
1340 2346 1473 2390 Stylites
1491 2347 1590 2381 etiam
1603 2349 1673 2392 post
1696 2346 1786 2382 hunc
1799 2347 1976 2383 Canonem
1989 2360 2071 2392 quo-

1181 2396 1262 2433 tidie
1284 2392 1415 2430 doceret
1436 2396 1455 2430 ἐ
1476 2398 1632 2432 columna
1670 2397 1829 2444 populum
1851 2423 1862 2440 ‚
1899 2398 2014 2433 scribit
2036 2399 2070 2432 &

1181 2445 1290 2480 laudat
1303 2447 1336 2479 in
1350 2445 1484 2481 historia
1505 2448 1684 2482 monastica
1697 2447 1949 2483 Theodoretus.
1978 2446 2069 2483 Tha·
2085 2461 2121 2491 c,
2137 2465 2166 2495 2,-

1180 2496 1305 2530 laffium
1318 2497 1550 2531 Caesareensem
1566 2498 1672 2543 arguit
1683 2498 1818 2533 Sanctus
1829 2499 1900 2533 Leo
1911 2499 2070 2544 Magnus,
2141 2494 2144 2497 ’

1180 2558 1249 2580 non
1272 2547 1362 2590 quod
1384 2548 1570 2594 simpliciter
1593 2547 1761 2583 monacho
1783 2573 1794 2588 ‚
1821 2548 1874 2583 sed
1894 2550 1986 2591 quod
2001 2561 2069 2583 mo-

1181 2596 1288 2631 nacho
1301 2597 1559 2641 Eutychianistae
1570 2599 1709 2632 similem
1731 2597 1898 2633 licentiam
1910 2599 2046 2633 dedisset
2058 2624 2066 2632 .

1181 2647 1290 2681 Etiam
1315 2649 1449 2682 sanetus
1472 2648 1666 2688 Antonius,
1693 2648 1869 2689 Astures,
1896 2648 2068 2692 Julianus,

1179 2698 1379 2732 monasterio
1399 2698 1572 2732 adversum
1585 2698 1727 2733 Arianos
1747 2699 1857 2743 egreffi
1871 2722 1881 2738 ,
1907 2698 2068 2743 populum

1178 2749 1408 2782 confortarunt
1434 2749 1468 2782 ὃς
1488 2749 1671 2791 docuerunt
1693 2774 1700 2780 .
1739 2749 1931 2793 Numquam
1955 2759 2066 2783 tamen

1179 2797 1219 2831 ad
1243 2798 1420 2832 solenniter
1440 2799 1474 2832 in
1495 2798 1739 2834 Eccclesiastico
1763 2808 1932 2841 conventu
1956 2799 2067 2842 praedi-

1178 2848 1322 2883 candum
1349 2849 1459 2893 potuit
1482 2849 1612 2884 admitti
1625 2847 1832 2884 monachus.-
1857 2849 1961 2895 Qod
1984 2849 2065 2884 dum

1179 2898 1314 2944 quidam
1335 2899 1435 2934 etiam
1446 2899 1486 2933 ad
1511 2899 1694 2941 monachos
1707 2899 1994 2936 sacrisOrdinibus
2018 2900 2066 2933 in-

1178 2949 1313 2993 signitos
1337 2947 1523 2984 extendunt
1547 2975 1558 2990 ,
1583 2950 1730 2985 damnari
1755 2959 1940 2983 meruerunt
1961 2949 1978 2983 a
2002 2949 2066 2983 Bo-

1179 3001 1300 3034 nifacio
1321 3010 1438 3044 quarto
1452 3000 1618 3035 pontifice
1631 3024 1642 3040 ,
1667 3000 1707 3034 de
1719 2999 1838 3043 quibus
1858 2999 1917 3035 suo
1940 2998 2016 3034 loco
2031 3025 2038 3031 .

1226 3050 1327 3085 Sexto
1348 3051 1481 3085 tandem
1503 3060 1591 3084 vetat
1602 3051 1722 3085 Canon
1736 3051 1843 3084 servos
1866 3050 1932 3084 fine
1943 3049 2061 3085 Domi-

1180 3100 1212 3132 ni
1225 3101 1359 3134 licentia
1380 3101 1420 3134 ad
1433 3101 1623 3134 monasteria
1636 3100 1734 3143 recipi
1747 3123 1758 3140 ‚
1785 3111 1827 3134 ne
1841 3100 1982 3136 Domini
1995 3098 2062 3132 Dei

1179 3161 1301 3184 nomen
1319 3149 1579 3193 blasphemetur.
1613 3150 1752 3184 Causam
1772 3149 1829 3185 dat
1850 3150 1984 3184 Sanetus
1997 3149 2064 3192 Ge·

1177 3199 1267 3233 Iasius
1290 3200 1448 3239 Pontifex
1459 3199 1493 3233 in
1515 3199 1629 3238 litteris
1648 3200 1690 3234 ad
1717 3200 1871 3238 Lucaniae
1891 3223 1903 3239 ‚
1929 3198 2061 3241 Brutii,

1177 3251 1208 3283 &
1231 3249 1349 3287 Siciliae
1372 3249 1570 3295 Episcopos.
1599 3250 1754 3285 Generalis
1777 3250 1903 3293 querelae
1925 3250 2060 3291 vitanda
2079 3267 2099 3296 Ε

1174 3298 1366 3347 praesumptio
1404 3300 1444 3340 est
1463 3324 1474 3340 ,
1494 3297 1561 3343 ⁴qua
1578 3302 1788 3344 propemodum
1815 3297 1974 3342 causantur
1997 3306 2063 3332 uni-

1177 3349 1254 3392 versi
1271 3375 1282 3395 ‚
1313 3351 1418 3393 paffim
1437 3349 1545 3394 servos
1564 3353 1600 3386 (ν
1618 3355 1803 3395 originarios
1828 3373 1839 3390 ,
1875 3350 2060 3383 dominorum

1174 3403 1251 3442 jura
1268 3402 1505 3444 poffeffionemque
1519 3401 1693 3448 fugientes,
1714 3399 1771 3443 sub
1781 3397 1921 3444 religiosae
1942 3411 2062 3439 conver,

1172 3450 1299 3494 sationis
1324 3448 1458 3488 obtentu
1474 3453 1518 3483 ad
1538 3450 1710 3490 monasteria
1725 3449 1759 3493 se
1781 3449 1912 3492 conferre
1934 3461 1942 3481 z
1977 3452 2058 3492 ,Qua

1177 3502 1272 3536 modis
1285 3501 1416 3536 omnibus
1437 3501 1475 3541 est
1483 3502 1649 3537 amovenda
1655 3505 1808 3545 pernicies
1816 3525 1827 3543 ‚
1855 3512 1892 3534 ne
1898 3508 1956 3543 per
1969 3499 2058 3534 cbri-

1915 3549 2008 3590 stiam*

2085 778 2222 815 C.28.29.

2104 3266 2195 3308 pist.9.'
