2340 3736
367 173 466 221 196⁶

286 245 364 287 dalo
388 249 579 294 &periculo
599 247 838 293 plurimorum.-
865 246 952 286 Cum
971 245 1063 290 gravi
1084 244 1191 285 oble-f

287 302 367 350 quio
387 300 487 339 totius
510 299 624 345 Regiae
646 299 807 341 civitatis,
833 310 871 333 ac
893 296 1091 336 nominatim
1114 297 1172 329 viri

286 349 390 397 longe
399 350 644 393 eminentissimi
659 375 672 392 ,
696 350 804 390 Sansti
826 346 1011 387 Dalmatii,
1038 345 1174 389 Presby-

288 401 349 441 teri
370 402 405 436 ὅτ
428 399 741 435 Archi-Mandritae.
769 399 881 443 Rogat
908 395 1020 431 induci
1042 396 1076 437 βε
1096 396 1172 440 cogi

287 451 333 491 ad
351 450 616 490 subscribendum
631 449 688 489 suo
701 450 743 484 ad
754 447 933 490 Armenios
944 456 1060 487 tomo,
1085 444 1174 479 dam-

287 501 398 536 nanda
410 500 584 545 subscripta
600 500 742 545 capitula
752 524 762 540 ,
790 497 995 542 purgandum
1008 497 1073 532 sese
1089 495 1173 539 apud

286 551 470 592 Ecclesias,
503 551 538 591 ὃς
558 551 697 596 ipsarum
728 547 917 586 scandalum
941 545 1172 584 auferendum,

283 600 442 645 capitula
454 600 513 637 ista
534 611 627 644 erant
645 598 800 639 deflorata
813 610 853 633 ex
871 595 964 631 libris
974 596 1151 634 Theodori
1163 621 1174 637 ‚

287 651 434 695 adeoque
446 651 495 687 uti
504 651 562 693 illa
575 676 587 692 ,
612 651 657 686 ita
669 650 811 694 ipsorum
824 647 1035 689 laudatricem
1048 645 1175 691 Episto-

285 704 355 742 lam
371 701 505 737 Sanetus
526 701 665 740 Proclus
683 698 869 734 damnavit.
907 697 1174 739 Fundamentum

286 751 354 793 hoc
374 751 523 793 adversus
542 750 723 795 Epistolam
751 748 814 789 ess‘c
835 748 1007 795 insigniter
1029 747 1174 789 validum

285 804 422 855 praesens
433 800 588 845 synodus
598 800 757 845 judicavit
768 826 777 834 .
901 796 910 803 '⁷

336 853 392 887 De
414 851 592 893 Theodori
601 850 753 895 capitulis
778 851 814 885 in
835 849 983 895 linguam
1006 846 1174 891 Syriacam

284 902 469 945 translatis,
494 901 587 942 &ad
598 902 702 942 varias
712 901 871 939 Ecclefias
896 897 1102 938 transmiffis,
1130 908 1173 930 re-

286 955 359 990 vera
370 953 473 992 fuerat
487 952 560 989 Ibas
577 953 761 994 frequenter
782 950 966 989 accusatus,
995 947 1106 981 Primo
1131 946 1173 986 ab

285 1004 438 1040 Ecclefiae
465 1002 633 1036 Edeffenae
663 1000 801 1038 Clericis
834 1001 866 1033 ὃς
891 998 1054 1038 militibus
1084 997 1175 1038 Cone

286 1051 504 1095 ssantinopoli
538 1050 623 1094 apud
654 1049 882 1090 Theodosium
917 1047 1106 1093 Augustum
1140 1048 1174 1082 ὅ(

284 1106 443 1139 Sannum
452 1101 608 1141 Proclum
621 1100 820 1144 Episcopum
834 1123 846 1140 ,
872 1099 928 1143 qui
949 1110 1029 1138 tunc
1054 1097 1172 1141 scripsit

284 1154 330 1195 ud
342 1154 503 1197 Ioannem
526 1148 716 1186 Antiochiae
725 1146 945 1189 Patriarcham
966 1148 1088 1186 litteras
1105 1147 1172 1191 jam

278 1204 388 1239 distas
399 1226 407 1235 .
432 1201 480 1241 At
492 1202 633 1246 Joannes
644 1201 690 1235 eis
702 1212 813 1239 motus
828 1210 895 1237 non
915 1199 981 1233 fuit
992 1222 1003 1239 ,
1029 1210 1090 1233 nec
1102 1209 1173 1232 mo.-

282 1251 463 1295 *nuitlbam
476 1250 494 1286 .’
510 1252 620 1298 Qare
630 1250 727 1285 iidem
739 1250 859 1284 Clerici
874 1250 909 1286 ,δε
919 1248 1039 1287 milites
1065 1249 1174 1282 secunr

280 1303 332 1337 do
346 1304 537 1343 accusarunt
548 1301 640 1341 Ibam
652 1301 738 1344 apud
750 1302 924 1340 Domuum
937 1297 1171 1339 patriarcham,

282 1354 425 1397 joannis
454 1352 679 1387 successorem.
727 1351 808 1398 Qio
837 1351 939 1391 etiam
961 1348 1171 1394 negligente,

283 1404 464 1448 autpotius
476 1403 538 1443 lbae
557 1401 699 1446 partibus
721 1402 850 1437 favente
867 1424 878 1441 ,
904 1401 986 1434 facta
1004 1395 1052 1436 'est
1077 1398 1171 1432 tertia

280 1455 454 1488 accusatio
475 1453 562 1497 apud
592 1461 810 1492 memoratum
831 1449 938 1484 rursus
962 1448 1149 1492 Principem
1162 1472 1172 1488 ‚

285 1504 322 1544 βε
342 1504 495 1544 Sanstum
518 1502 712 1536 Flavianum
725 1525 737 1541 ,
763 1499 871 1535 Sanffi
892 1499 1000 1536 Procli
1021 1498 1172 1539 successo-

285 1565 379 1592 rem,
406 1554 464 1597 qui
494 1550 618 1585 Photio
641 1550 731 1593 Tyri
753 1573 765 1589 ,
799 1549 950 1587 Eustatio
975 1548 1110 1591 Beryti,
1135 1559 1172 1587 ac

287 1603 425 1638 Uranio
437 1601 651 1636 Himerorum
665 1601 830 1645 Episcopo
842 1599 937 1637 causa
958 1596 1148 1643 delegarunt
1161 1622 1172 1639 ‚

284 1665 325 1687 ac
336 1652 450 1696 judicii
463 1651 690 1691 adsistentes&
700 1660 890 1690 executores
912 1648 1030 1686 dedere
1051 1649 1176 1683 Darna-

285 1704 391 1743 scium
419 1703 529 1736 virum
551 1701 781 1744 spectabilem,
807 1700 1023 1735 Notariorum
1050 1698 1172 1733 Tribu-

283 1764 369 1788 num
378 1777 389 1793 ‚
411 1754 446 1787 δε
458 1752 640 1797 Eulogium
653 1752 843 1786 Diaconum
854 1748 1003 1785 Ecclefiae
1015 1749 1173 1783 Conssan-

282 1803 552 1846 stinopolitanae‚
578 1802 634 1845 qui
656 1800 748 1839 Ibam
768 1802 802 1836 ὅ(
821 1799 889 1843 ejus
912 1800 1110 1840 accusatores
1130 1810 1173 1833 ex

286 1853 407 1888 Edessa
420 1851 600 1892 Osrhoenae
620 1850 804 1888 Provinciae
822 1851 959 1894 Tyrum
978 1850 1014 1889 in
1037 1849 1174 1893 primam

285 1902 491 1942 Phaeniciam
499 1901 692 1945 judicandos
704 1902 963 1945 transportarunt
974 1925 981 1932 .
1010 1897 1173 1943 Iudicium

283 1953 355 1988 :fuit
377 1953 491 1995 Beryti
517 1951 722 1988 institutum,:
750 1951 794 1984 Et
821 1950 980 1993 quoniam
1005 1949 1047 1984 de
1073 1950 1174 1992 spreta

285 2001 457 2048 ‚Ephesina
489 2000 648 2046 SynodO,
681 2000 881 2044 culpatisque
917 1999 1026 2036 Sansti
1052 1998 1173 2043 Cyrilli

284 2055 426 2101 persona
453 2052 489 2092 ὅ(
528 2050 707 2091 duodecim
737 2050 901 2093 Capitulis
922 2050 1081 2093 praecipua
1106 2058 1173 2083 erat

284 2102 445 2146 quaestio,
487 2100 722 2143 compendiosa
752 2100 948 2144 purgatione
979 2108 1075 2136 utens
1101 2098 1174 2137 lbas

285 2153 430 2193 adseruit
452 2153 485 2185 se
505 2151 576 2195 post
595 2152 711 2190 fastam
750 2150 969 2190 Ecclesiarum
989 2158 1100 2192 pacem
1125 2147 1175 2181 ni÷

291 2202 344 2242 hil
364 2202 443 2242 mali
462 2200 503 2241 de
525 2201 591 2240 illis
617 2200 741 2238 sensisse
761 2208 816 2235 aut
835 2199 971 2238 dixisse.
998 2198 1047 2235 lta
1077 2196 1173 2231 abso-

285 2253 376 2289 lutus
388 2253 473 2292 fuit,
499 2251 708 2292 remissusque
728 2250 763 2283 in
787 2248 918 2290 sedem,
943 2247 980 2286 ea
1002 2258 1111 2282 tamen
1132 2246 1173 2280 le-

283 2315 332 2348 ge
344 2327 355 2343 ,
375 2313 411 2336 ut
424 2301 530 2346 palam
542 2301 576 2338 in
588 2302 644 2338 sua
658 2299 800 2339 Ecclesia
809 2297 1096 2337 anathematizaret
1109 2297 1174 2334 Ne-

212 2350 215 2354 ⁴
286 2353 425 2386 storium
437 2350 619 2386 cumomni
639 2351 697 2384 suo
717 2350 896 2394 dogmate,
921 2349 956 2382 ὅ(
978 2345 1174 2391 Ephelinam

286 2402 484 2446 Synoduxn,
510 2410 546 2435 ut
558 2399 713 2438 directam
735 2398 886 2443 aSpiritu
907 2398 1036 2438 santsto,
1062 2397 1095 2434 ὅ(
1116 2396 1173 2430 Ni-

283 2464 382 2488 caenae
403 2463 457 2495 per
475 2450 588 2484 omnia
607 2461 716 2492 parem
739 2449 958 2492 profiteretur.
986 2448 1040 2480 De
1054 2445 1171 2489 Cyrilli

285 2501 452 2546 Capitulis
465 2499 550 2534 nihil
569 2500 632 2533 fuit
643 2500 811 2537 exailum,
836 2498 925 2542 quod
947 2497 1011 2541 ipse
1033 2497 1068 2530 in
1089 2496 1174 2539 pacis

284 2552 505 2590 transaffione
537 2550 670 2585 Sanetus
701 2548 846 2596 Cyrillus
868 2546 952 2585 nihil
974 2544 1016 2580 de
1037 2546 1108 2589 ipsis
1133 2545 1174 2579 ab

212 2598 215 2599 ⁷
285 2600 521 2638 Orientalibus
544 2597 715 2644 Episcopis
735 2597 911 2643 exegisset·
945 2597 989 2630 Et
1008 2593 1087 2629 hinc
1109 2593 1172 2629 sedi

287 2651 433 2688 redditus
467 2650 539 2689 ibas
559 2661 629 2684 non
661 2645 794 2682 'cessavit
823 2647 978 2683 damnare
998 2645 1174 2689 Capitula,

292 2713 391 2746 atque
403 2700 479 2740 ideo
499 2699 541 2739 ab
553 2698 718 2742 Ephefino
739 2697 916 2735 latrocinio
926 2696 988 2734 fuit
1009 2706 1174 2739 tamquam

290 2750 458 2795 Ephefinae
478 2748 606 2794 Synodi
642 2748 866 2791 praevaricator
886 2745 1080 2791 degradatus
1110 2746 1175 2779 una

290 2813 368 2839 cum
390 2802 530 2836 Domno
550 2800 608 2836 suo
631 2797 818 2836 Patriarcha
830 2822 841 2839 ‚
866 2797 901 2833 ὃς
920 2797 954 2831 in
975 2795 1042 2839 ejus
1063 2796 1175 2830 locum

292 2852 439 2888 Nonnus
451 2850 496 2889 est
516 2849 704 2885 ordinatus.
743 2848 930 2882 Damnatus
943 2846 1006 2880 fuit
1027 2845 1072 2883 ob
1091 2845 1174 2880 duo.

293 2900 408 2937 Primo
426 2902 470 2936 ob
492 2900 646 2936 damnata
668 2897 788 2941 Cyrilli
811 2896 965 2940 Capitula
982 2895 1080 2930 etiam
1104 2895 1175 2940 post

292 2950 465 2995 Synodum
488 2949 719 2993 Berytensem.
756 2945 927 2985 Secundo,
959 2944 1049 2989 quod
1072 2946 1108 2982 in
1129 2956 1176 2980 ea·

292 3001 371 3036 dem
387 3001 523 3044 Synodo
534 3000 683 3034 adserens
693 2998 723 3032 se
733 2997 803 3040 post
829 2996 1042 3033 Ecclesiarum
1065 3006 1176 3038 pacem

294 3050 381 3086 nihil
405 3050 484 3087 mali
513 3050 554 3084 de
573 3050 694 3084 Sansto
726 3046 879 3091 Cyrillo‚
904 3045 971 3088 ejus
993 3045 1177 3088 Capitulis,

297 3110 356 3135 aut
367 3099 525 3143 Ephesina
536 3097 672 3141 Synodo
684 3096 799 3131 dixisse
814 3121 824 3137 ‚
849 3098 928 3131 esset
940 3093 1045 3138 palam
1062 3094 1178 3133 menti-

294 3161 368 3186 tus.
395 3149 529 3188 Etenim
551 3148 673 3184 famosa
694 3147 735 3183 ad
767 3148 891 3182 Marim
913 3144 1079 3189 Epistola,
1115 3145 1179 3178 tria

296 3202 358 3240 ista
381 3196 554 3244 nigerrime
573 3199 725 3241 culpans,
750 3197 796 3233 est
820 3197 878 3231 ista
904 3207 983 3239 pace
1011 3193 1179 3228 manifeste

299 3251 474 3295 posterior.
502 3246 628 3283 Verum
639 3246 831 3283 alatrocinii
841 3245 1000 3280 sententia
1021 3243 1062 3279 ad
1084 3242 1179 3282 Chal·

298 3300 516 3334 cedonensem
527 3296 700 3340 synodum
721 3295 894 3338 appellavit
915 3295 987 3333 lbas
1000 3319 1012 3335 ,
1036 3296 1178 3330 retraeta-

300 3358 334 3382 ta
346 3349 409 3381 fuit
430 3349 502 3382 istic
523 3347 592 3390 ejus
611 3345 703 3382 causa
716 3367 727 3384 ,
751 3345 916 3383 absolutus
939 3344 1023 3388 ipse,
1048 3344 1179 3389 sedique

298 3397 500 3441 &dignitati
513 3397 693 3432 restitutus.
723 3395 819 3433 Lesta
842 3393 963 3428 ibidem
976 3395 1039 3428 fuit
1057 3394 1179 3431 famosa

303 3446 475 3491 Epistola,
501 3456 559 3479 nec
582 3445 754 3486 damnata,
790 3442 931 3486 ideoque
951 3444 1181 3487 Capitulorum

300 3497 485 3538 defensores
495 3495 605 3530 dixere
616 3494 805 3545 probatam,
831 3493 863 3528 ὅ(
885 3494 903 3528 ὲ
923 3492 1032 3532 nostra
1043 3494 1179 3543 Synodo

947 162 1582 215 Dlssssltrarlo

1236 247 1302 280 sine
1313 244 1588 283 Chalcedonensis
1609 251 1867 294 praevaricatione
1887 263 1955 289 non
1979 253 2120 298 potuisse

1237 297 1401 330 damnari·
1438 296 1587 337 palmate
1609 300 1644 337 id
1664 313 1732 338 erat
1750 315 1811 347 pro
1832 304 1899 348 ipsa
1925 306 2118 342 fundament

1235 356 1308 387 ,tum
1319 371 1326 379 ·

1286 395 1413 431 Verum
1435 396 1521 441 apud
1545 399 1730 440 praesentem
1751 402 2116 444 Synodumintercesse·

1235 455 1312 481 runt
1323 446 1525 487 Theodorus
1537 448 1781 487 Caesareensisin
1795 452 2001 497 Cappadocia
2012 481 2023 496 ‚
2047 455 2118 492 An-

1235 496 1327 532 dreas
1362 497 1575 542 Ephesiorum
1602 522 1614 539 ‚
1653 498 1845 544 Megethius
1879 503 2042 539 Heracleae
2080 505 2116 539 in

1236 545 1405 590 Thracia,
1432 549 1467 582 ὅ(
1486 547 1643 583 Eusebius
1660 550 1845 592 Tyriorum
1871 551 2117 598 Archi-Episco-

1236 597 1295 640 pi,
1320 598 1467 633 dicentes
1487 598 1585 636 unius
1605 610 1661 636 aut
1680 611 1859 642 paucorum
1880 602 2116 647 Episcoporum

1234 647 1269 686 in
1282 648 1428 692 generali
1448 648 1585 692 Synodo
1608 650 1896 687 interlocutionem
1916 651 2029 686 haberi
2046 665 2116 688 non

1237 699 1324 740 posse
1347 709 1407 742 pro
1428 699 1582 741 synodali·
1599 699 1741 742 judicio,
1770 700 1892 735 Dixere
1914 702 2117 745 paucissimos

1235 746 1448 783 Chalcedone
1460 746 1638 793 Episcopos
1648 749 1712 784 Ibae
1727 751 1773 785 uti
1786 750 1927 785 innoxio
1949 753 2046 786 fuisse
2057 752 2119 789 suf?

1236 798 1397 843 fragatos:
1425 797 1598 843 Plerosque
1608 799 1676 842 ejus
1692 801 1819 835 senium
1832 801 2013 847 &longam
2037 802 2121 837 cala-

1235 848 1383 888 mitatem
1395 849 1583 890 miseratos,
1607 861 1704 895 atque
1728 850 1879 886 itaillum
1900 863 1937 886 ut
1958 852 2119 896 poeniten·

1237 908 1327 939 tem,
1353 909 1410 934 aut
1426 898 1511 933 certe
1521 909 1558 936 ut
1568 899 1716 944 impofita
1737 902 1874 936 crimina
1894 901 2118 947 abnegantem

1236 949 1333 984 fuisse
1343 949 1384 984 ab
1396 948 1468 993 ipfis
1485 950 1519 984 in
1541 952 1680 995 gratiam
1701 951 1899 995 susceptum.
1929 953 2118 996 Susceptam

1234 997 1344 1035 dixere
1356 1000 1458 1034 solam
1480 998 1548 1042 ejus
1571 1001 1765 1043 personam,
1791 1013 1861 1035 non
1890 1002 1968 1036 vero
1990 1003 2118 1047 Episto-

1235 1048 1301 1086 lam
1313 1074 1325 1090 ,
1350 1049 1490 1098 idque&
1502 1051 1519 1083 a
1533 1049 1699 1093 Berytensi
1720 1050 1858 1094 Synodo
1884 1051 1919 1086 &
1938 1052 1957 1086 a
1981 1052 2120 1087 Chalce⁴

1236 1099 1389 1135 donensi.
1418 1099 1553 1139 Etenim
1577 1100 1619 1134 ab
1643 1110 1776 1145 utraque
1799 1100 1903 1143 jussus
1927 1102 1973 1136 est
1998 1102 2118 1145 ejerare

1237 1150 1425 1187 Nestorium
1437 1175 1449 1192 ‚
1484 1150 1519 1184 ὅ(
1539 1151 1682 1193 profiteri
1706 1149 1901 1194 Ephefinam
1920 1151 2092 1195 Synodum
2105 1175 2118 1192 ,

1235 1199 1322 1245 quod
1334 1200 1414 1244 quid
1439 1200 1503 1235 fuit
1523 1198 1614 1234 aliud
1640 1200 1736 1242 quam
1765 1200 1944 1244 Epistolam
1971 1200 2117 1244 ejerare?

1235 1250 1279 1286 Et
1299 1250 1373 1285 sane
1398 1249 1580 1294 Berytensis
1601 1249 1751 1294 Synodus
1776 1250 1959 1294 Epistulam
1975 1251 2119 1296 ‘quidem

1237 1300 1294 1335 fibi
1310 1301 1434 1334 recitari
1455 1300 1601 1341 audivit,
1628 1311 1771 1337 attamen
1795 1300 2007 1343 injudicatam
2027 1300 2121 1335 dimi-

1235 1351 1273 1385 sit
1283 1375 1294 1392 ,
1306 1350 1409 1388 immo
1419 1351 1669 1386 &indiscussam
1683 1375 1690 1383 .
1702 1353 1848 1386 Omnem
1857 1349 1918 1385 lbae
1938 1351 2031 1385 litem
2041 1361 2122 1386 tam-

1236 1409 1334 1445 quam
1346 1401 1520 1436 mediatrix
1533 1400 1667 1443 pacifice
1684 1400 1854 1446 transegit.
1883 1401 1927 1437 Et
1947 1400 2004 1435 vix
2028 1400 2118 1440 aliud

1238 1451 1313 1491 fecit
1327 1450 1480 1494 Synodus
1490 1450 1780 1486 Chalcedonensis.

1285 1501 1369 1547 Qae
1387 1502 1501 1538 omnia
1528 1501 1648 1546 largius
1676 1500 1806 1543 probari
1830 1502 1944 1536 volens
1964 1500 2118 1546 synodus

1238 1551 1344 1586 nostra
1364 1562 1419 1595 per
1430 1548 1656 1594 Calonymu'm
1675 1551 1824 1587 Ecclesiae
1836 1551 2116 1595 Constantinopo-

1238 1602 1343 1637 litanae
1355 1601 1547 1635 Diaconum
1562 1601 1596 1635 ἀ
1607 1601 1783 1638 Notarium
1795 1601 1859 1645 legi
1872 1601 1930 1636 fibi
1949 1600 2034 1644 juffit
2045 1611 2121 1645 prae-

1236 1651 1490 1695 cipuaEcclesiae
1511 1651 1718 1685 monimenta
1739 1660 1796 1693 pro
1814 1652 1992 1693 Dominica
2012 1652 2119 1685 Incar-

1239 1698 1396 1739 nation‘e:
1423 1700 1506 1736 Asta
1533 1699 1702 1743 Ephesinae
1721 1700 1869 1743 Synodi,
1893 1701 2060 1736 decretum
2084 1699 2121 1734 fir

1238 1751 1291 1786 dei
1314 1752 1349 1786 &
1374 1750 1498 1792 reliqua
1524 1750 1608 1786 Asta
1636 1750 1784 1785 Concilii
1822 1748 2121 1790 Chalcedonensis,

1238 1801 1430 1844 Symbolum
1442 1800 1618 1835 Nicaenum
1641 1801 1676 1835 δε
1686 1800 2096 1844 constantinopolitanum
2108 1822 2123 1841 ‚

1238 1852 1344 1887 Sancti
1368 1845 1487 1894 cyrilli
1513 1849 1663 1892 Capitula
1676 1873 1687 1889 ,
1713 1850 1747 1883 δε
1765 1850 1845 1883 duas
1866 1850 1907 1883 ad
1927 1850 2120 1884 Nestorium

1240 1900 1422 1945 Epistolas3
1449 1900 1556 1934 Sancti
1567 1899 1726 1934 Celestini
1737 1899 1910 1933 Pontificis
1923 1899 2044 1933 litteras
2065 1899 2120 1933 ad-

1237 1949 1342 1986 versus
1351 1950 1555 1990 Nestorium,
1571 1948 1692 1983 litteras
1702 1949 1905 1993 dogmaticas
1915 1950 2023 1986 Sansti
2036 1949 2120 1983 Leo·

1237 2002 1288 2035 nis
1311 1997 1433 2045 Magni
1455 1999 1497 2034 ad
1517 2000 1671 2034 Sanctum
1696 1998 1893 2032 Flavianum
1919 1999 2118 2043 Episcopum

1239 2048 1648 2093 constantinopolitanum
1658 2060 1664 2079 :
1674 2079 1677 2083 ,
1687 2049 1719 2082 &
1734 2048 1891 2092 quoniam
1901 2050 2064 2083 contraria
2077 2047 2119 2082 ad

1241 2100 1384 2135 invicem
1394 2100 1493 2143 posita
1510 2097 1628 2132 clarius
1649 2097 1857 2139 elucescunt,
1883 2098 1983 2132 etiam
2003 2098 2120 2132 Nesto·

1239 2151 1278 2184 rii
1297 2150 1417 2187 litteras
1437 2149 1477 2182 ad
1498 2149 1654 2183 Sanctum
1672 2147 1855 2191 Cyrillum.
1885 2148 1957 2182 Istis
1975 2148 2117 2193 regulis,

1237 2199 1375 2244 Synodo
1387 2198 1560 2243 praesertim
1582 2195 1842 2235 chalcedonensi
1855 2222 1866 2239 ‚
1890 2198 2037 2237 contulit
2057 2197 2120 2232 lbae
2145 2233 2153 2240 ¹!

1241 2249 1419 2293 Epistulam
1432 2273 1444 2289 ‚
1479 2248 1515 2282 in
1552 2247 1707 2284 undecim
1740 2248 1902 2292 capitibus
1936 2247 2120 2283 discordem

1238 2298 1405 2335 ostendere
1415 2307 1534 2333 conata
1544 2297 1589 2331 est
1599 2322 1610 2338 ,
1636 2298 1670 2331 ἃ.
1683 2297 1902 2336 solenniffima
1915 2296 2122 2332 acclamatio-

1239 2361 1280 2384 ne
1303 2348 1492 2386 damnavit:
1520 2351 1593 2381 Haec
1613 2358 1711 2385 omnes
1730 2348 1853 2381 dicimus
1866 2372 1878 2388 ,
1902 2348 1967 2380 Ibae
1987 2346 2120 2388 Epistola

1240 2398 1380 2434 baerettca
1391 2397 1450 2440 est3
1478 2396 1643 2439 Epistolam
1656 2420 1666 2436 ‚
1690 2407 1757 2438 quae
1771 2398 1888 2430 ‘dicitur
1908 2396 1970 2430 Ibae
1983 2420 1994 2436 ,
2019 2408 2120 2431 omnes

1239 2450 1465 2483 condemnamus
1479 2471 1486 2478 .
1511 2446 1601 2486 Istam
1611 2457 1708 2480 omnes
1721 2445 2011 2479 anathematizamus
2021 2471 2028 2479 .
2043 2449 2120 2490 Epa·-

1233 2498 1308 2540 stola
1322 2499 1421 2532 aliena
1434 2499 1454 2529 ei
1474 2496 1579 2534 synodo
1607 2495 1667 2535 est,
1692 2494 1825 2536 Epistola
1846 2500 1995 2530 contraria
2013 2496 2121 2538 defini-

1237 2554 1309 2582 tioni
1328 2546 1365 2588 est
1377 2572 1389 2588 ,
1414 2555 1479 2579 tota
1499 2544 1633 2587 Epistola
1654 2545 1795 2578 baerettca
1816 2545 1854 2587 est
1867 2569 1878 2585 ,
1902 2554 1965 2579 tota
1986 2545 2120 2589 Epistola

1240 2595 1409 2641 blasphema
1417 2595 1471 2636 est.
1500 2598 1566 2638 ,Qui
1586 2593 1663 2628 hanc
1675 2607 1733 2629 non
1743 2594 2003 2637 anathematizat,
2029 2595 2119 2631 baere-

1239 2653 1312 2681 ticus
1325 2647 1381 2687 est:
1408 2649 1473 2689 Qui·
1484 2646 1567 2679 illam
1573 2642 1718 2687 suscipit,
1745 2644 1902 2681 haerencus
1925 2643 1980 2685 est.
2004 2645 2120 2688 Episto-

1238 2700 1300 2733 lam
1310 2696 1415 2731 sandi
1426 2693 1666 2736 Chalcedonensis
1687 2696 1810 2731 concilii
1829 2695 1962 2737 definitio
1984 2697 2120 2730 condem-

1238 2753 1329 2781 navit
1341 2771 1348 2778 .
1375 2749 1440 2790 ‚Qui
1453 2757 1520 2779 eam
1527 2743 1649 2788 fitftipil
1660 2768 1671 2785 ,
1698 2756 1755 2778 non
1771 2745 1922 2787 confitetur
1942 2748 2038 2778 Deum
2047 2749 2120 2779 Ver-

1238 2798 1307 2831 bum
1317 2794 1587 2838 hominemfac‘lum
1604 2819 1610 2825 .
1640 2795 1704 2836 ‚Qui
1723 2806 1791 2828 eam
1808 2793 1931 2838 suscipit
1942 2818 1954 2835 ,
1978 2796 2119 2833 cyrillum

1242 2858 1298 2881 non
1314 2844 1453 2890 suscipit,
1481 2847 1546 2889 ,Qui
1566 2842 1730 2884 Epfiolam
1743 2842 1891 2887 suscipit,
1915 2845 2037 2878 Sanaos
2060 2846 2121 2877 Pa-

1239 2907 1301 2931 tres
1312 2892 1561 2938 chalcedonenses
1572 2895 1670 2935 rejicit
1679 2918 1686 2925 .
1720 2892 1950 2929 Acclamatum
1960 2894 2007 2929 est
2018 2894 2118 2930 etiam

1239 2946 1316 2984 huic
1329 2945 1489 2980 articulo:
1516 2946 1645 2985 scriptor
1657 2942 1796 2986 Epssolae
1823 2943 1977 2985 batericus
1999 2943 2120 2984 estendt·

1240 3006 1287 3030 tur
1299 2999 1332 3030 (τ
1341 2997 1538 3029 calumniator
1552 3019 1560 3028 .

1290 3047 1374 3080 Dixi
1394 3044 1434 3079 de
1446 3044 1583 3088 synodo
1607 3045 1733 3081 nostraz
1761 3045 1919 3087 ostendere
1940 3044 1978 3085 est
1996 3050 2134 3079 conata--

1241 3095 1366 3130 Revera
1377 3096 1466 3130 enim
1479 3094 1520 3132 de
1535 3095 1668 3141 singulis
1691 3095 1848 3131 undecim
1869 3094 2026 3138 capitibus
2047 3101 2117 3125 non

1240 3145 1402 3181 ostendit.
1442 3145 1480 3177 ln
1504 3145 1698 3188 quibusdam
1722 3145 1856 3184 detorsit
1882 3142 2057 3188 Epistulam
2080 3141 2118 3174 in

1241 3196 1369 3230 sensum
1391 3195 1410 3234 a
1431 3194 1601 3238 scriptoris
1622 3204 1731 3230 mente
1755 3196 1919 3234 alienum,
1943 3193 1976 3226 &
2001 3189 2118 3233 injuria

1240 3245 1359 3284 adfecit
1372 3271 1379 3278 .
1405 3244 1558 3280 Faciliter
1568 3245 1602 3280 id
1611 3245 1739 3284 ostendi
1750 3245 1861 3289 poffit,
1890 3240 1943 3276 sed
1955 3251 2003 3275 res
2016 3240 2117 3284 longa

1240 3295 1285 3330 est
1296 3320 1307 3336 ‚
1333 3295 1367 3329 &
1380 3294 1574 3331 odiofiffima
1587 3321 1594 3328 .
1623 3295 1774 3329 Remitto
1785 3292 1825 3327 ad
1837 3289 2027 3326 Facundum
2037 3290 2120 3323 Here
2185 3318 2187 3320 .

1242 3346 1461 3385 mianensem,
1488 3354 1521 3379 at
1531 3355 1607 3379 cum
1629 3342 1831 3380 discretionis
1849 3339 1981 3384 spiritu,
2007 3339 2119 3376 recta&

1242 3395 1349 3431 curvis
1361 3394 1533 3440 prudenter
1542 3394 1809 3431 discriminante,
1833 3387 2028 3434 legendum.
2051 3388 2120 3422 Ne-

1243 3445 1331 3480 storii
1342 3469 1353 3485 ‚
1378 3444 1454 3479 licet
1466 3455 1534 3479 non
1545 3443 1666 3488 dogma
1675 3464 1687 3480 ‚
1711 3450 1822 3476 tamen
1834 3440 2002 3483 personam
2012 3438 2120 3472 omni-

1245 3495 1289 3534 no
1309 3493 1478 3540 defendit,
1503 3494 1705 3541 finitamque
1727 3487 1923 3539 Ephesinam
1944 3487 2120 3579 {agndum

2018 3546 2070 3576 212⁹
