2340 3736
130 1040 283 1073 L-1.c.13.

126 1499 188 1534 L4.
199 1507 274 1534 c.:5.

119 1766 208 1803 Epist.
229 1777 278 1806 13.

121 1815 186 1846 <li-

384 155 482 193 290

302 221 483 268 Episcopus
495 248 506 265 ,
533 221 612 257 dum
624 222 786 258 cathedrae
798 224 860 258 suat
882 223 951 268 post
964 224 1099 258 exilium
1120 223 1188 257 red-

302 272 439 309 debatur
449 299 460 316 ,
487 275 504 308 a
515 275 725 319 suffraganeis
736 274 905 319 Episcopis
915 275 1013 308 fuerit
1036 273 1077 307 ad
1088 273 1187 307 altare

300 323 479 367 deductus,
506 324 719 359 &solennem
729 336 805 359 cum
818 325 882 359 illis
895 324 1028 358 Miffam
1049 321 1190 357 celebra·

300 375 366 415 rit,
392 374 886 419 dederitquecommunionem‚
913 373 1022 407 scribit
1047 373 1082 406 in
1111 372 1188 415 ejus-

299 424 378 459 dem
402 425 550 459 Ecclefiae
561 423 695 460 historia
718 425 941 460 Flodoardus.
969 423 1111 463 Ritum3
1138 433 1188 457 ut-

301 474 379 519 pote
399 475 494 509 omni
514 475 640 510 Latinae
661 476 810 510 Ecclefiae
835 474 988 508 usitatum
1001 497 1012 513 ,
1038 471 1186 507 accurate

300 524 451 559 describit
478 526 631 570 antiquus
656 527 751 561 Ordo
780 525 968 558 Romanus.
998 523 1127 557 Laudat
1153 520 1188 556 δε

301 576 449 610 decimus
459 578 590 610 octavus
602 576 721 610 Canon
741 576 918 613 Nicaenus,
943 572 1104 608 mandans
1128 573 1191 607 Eu-

301 625 487 661 charistiam
499 626 586 671 prius
597 625 639 660 ab
659 625 825 668 Episcopo
838 648 848 664 ,
873 622 992 658 deinde
1014 623 1031 656 a
1054 622 1192 666 Presby-

300 677 401 715 teris,
424 677 608 711 tertioloco
620 676 703 709 sumi
723 675 741 708 ὲ
762 675 926 709 Diaconis
939 687 950 708 .·
978 672 1081 721 Qod
1102 684 1191 712 nem,-

302 738 343 770 pe
364 726 550 770 Episcopali
568 725 736 760 Sacrificio
758 734 848 759 totus
873 724 989 759 Clerus
1007 722 1167 758 adsisteret
1179 748 1189 764 ,

301 776 530 820 &Presbyteri
543 775 827 812 concelebrarent.
856 774 977 809 Eidem
1000 773 1188 808 fundamen-

301 837 338 861 to
352 827 501 862 innititur
521 827 654 860 octavus
677 826 820 870 vulgaris
841 824 1076 869 Apostolicus,
1103 823 1189 857 dam-

302 887 384 910 nans
421 876 622 920 Episcopum
643 901 654 917 ,
682 874 911 919 Presbyterum
932 899 943 915 ‚
969 875 1184 915 Diaconum,

300 937 438 960 omnem
458 925 645 965 Geticum,
682 927 794 960 ausum
820 926 910 960 faciae
929 924 1093 959 oblationi
1116 935 1199 958 non-

302 976 568 1011 communicare:
597 976 767 1019 Ejusmodi
791 975 899 1010 varios
918 976 951 1010 δε
964 975 1133 1019 Hispanos
1154 972 1188 1009 &

300 1027 496 1061 'Gallicanos
506 1026 663 1060 Canones
684 1027 744 1060 suo
766 1035 912 1070 tempore
929 1025 1188 1060 elucidabimus.

298 1078 475 1111 Domuum
486 1076 565 1110 item
577 1074 769 1111 Antiochiae
779 1074 1003 1111 Patriarcham
1027 1076 1091 1109 una
1112 1086 1189 1110 cum

301 1128 418 1161 Sancto
429 1127 594 1170 symeone
605 1126 725 1170 Stylita
736 1125 934 1170 Presbytero
955 1126 1090 1161 Missam
1110 1137 1190 1160 con-

299 1176 469 1212 celebrasie
489 1176 641 1212 adfirmat
663 1176 823 1222 Evagrius
845 1175 1114 1222 Epiphanienfis.
1145 1175 1189 1209 Et

301 1227 452 1262 Ecclefiae
464 1227 643 1263 Gallicanae
652 1227 789 1270 antiqua
800 1227 949 1263 Ritualia
962 1226 1086 1262 habent
1097 1225 1188 1260 hunc

300 1279 435 1313 titulum
450 1291 457 1311 ι
487 1281 536 1312 De
547 1277 672 1321 diverfis
684 1277 891 1312 sacerdotibus
898 1276 987 1322 ficper
996 1289 1086 1311 unam
1097 1276 1188 1309 Obla-

297 1336 363 1361 tam
373 1328 587 1363 celebrantibus
599 1354 606 1361 .
626 1329 746 1363 Ritum
758 1328 846 1374 large
857 1338 1048 1373 exponunt.
1068 1327 1185 1360 Romae

299 1380 358 1412 suo
370 1377 477 1412 adhuc
501 1389 650 1423 ternpore
675 1378 813 1423 viguiffe
826 1403 838 1419 ,
863 1379 897 1412 &
917 1379 1069 1413 Domino
1090 1377 1187 1420 Papae

294 1434 413 1463 'omnes
449 1427 660 1472 presbyteros
695 1428 888 1463 Cardinales
927 1426 1186 1467 concelebrasse,

296 1478 431 1514 testatur
443 1479 478 1512 in
490 1479 582 1513 libris
602 1479 643 1514 de
664 1478 769 1513 Miffae
790 1478 956 1512 Sacrificio
973 1477 1187 1511 Innocentius

295 1530 426 1564 tertius.
453 1529 532 1563 Scio
545 1528 801 1568 moremillum,
828 1527 877 1561 uti
899 1528 1017 1562 Romae
1037 1527 1104 1570 jam
1127 1527 1186 1570 pri-

294 1579 371 1612 dem
382 1578 577 1623 abrogatum
591 1602 602 1618 ‚
628 1578 661 1613 δε
674 1577 715 1612 ab
727 1577 927 1612 Innocentio
939 1578 1037 1611 tertio
1062 1586 1133 1611 non
1144 1587 1185 1611 ex

294 1627 447 1663 cathedra
460 1653 471 1669 ,
498 1629 552 1663 sed
563 1639 604 1662 ex
615 1629 740 1672 privata
752 1627 772 1662 d
783 1628 932 1662 umtaxat
942 1628 1102 1672 opinione
1114 1630 1185 1670 p'ro-

294 1679 428 1720 batum,
455 1678 813 1713 damnariaDurando
834 1678 870 1712 in
892 1678 999 1722 quarti
1020 1675 1094 1711 libri
1119 1679 1185 1711 sen-

294 1730 473 1764 tentiarum
484 1729 755 1771 commentariis;
782 1738 817 1763 at
837 1727 887 1762 illi
911 1728 992 1762 reste
1013 1727 1184 1772 respondet

295 1779 476 1823 Capreolus
488 1793 500 1812 .·
527 1781 579 1812 Ad
586 1791 643 1820 ea,
669 1790 737 1823 quae
757 1780 830 1812 dicit
841 1780 1001 1812 Durandus
1023 1787 1124 1812 contra
1136 1782 1184 1810 In-

294 1836 458 1864 nocentium
475 1831 510 1864 6·
523 1828 682 1872 Eccleliqm
703 1833 892 1870 Romanam,
919 1840 976 1862 non
998 1837 1110 1871 oportet
1129 1826 1182 1870 ref

288 1882 422 1924 pondere
433 1905 442 1920 ‚
469 1885 543 1922 quia
555 1882 665 1914 temerii
678 1882 713 1914 (5
725 1879 898 1914 detractorie*
911 1880 993 1913 dili'a
1012 1878 1085 1922 sunt
1096 1903 1104 1910 .
1133 1878 1182 1911 Ex

293 1931 412 1975 quibus
422 1930 522 1975 liquet
534 1940 660 1964 morem
672 1929 769 1963 istum
781 1929 866 1973 apud
879 1930 1013 1963 Latinas
1029 1926 1183 1962 Ecclefias

292 1983 380 2022 inter
395 1980 585 2014 Innocentii
604 1980 693 2014 tertii
712 1980 747 2014 &
761 1978 910 2013 Durandi
924 2004 934 2019 ‚
961 1989 1095 2013 centum
1116 1977 1183 2011 fere

292 2031 390 2065 annis
410 2030 601 2064 distantium
616 2054 626 2070 ‚
653 2039 801 2072 tempora
812 2028 954 2064 defiiffe.
984 2029 1182 2062 Etiamnum

251 2079 255 2086 '
291 2090 404 2115 tamen
417 2077 519 2114 hodie
531 2080 640 2114 omnis
659 2079 694 2113 in
708 2081 768 2113 suae
779 2078 1035 2113 consecrationis
1058 2077 1113 2112 die
1127 2088 1182 2111 no-

292 2131 395 2166 vellus
407 2130 677 2175 Episcopuseum
688 2130 748 2163 suo
772 2128 1012 2164 Consecratore
1033 2126 1181 2162 eamdem

293 2180 437 2216 hostiam
461 2181 650 2215 consecrat:
677 2178 782 2228 Qod
806 2178 910 2222 ipsum
935 2177 1075 2212 novellis
1096 2176 1183 2212 Pres-

294 2232 419 2275 byteris
441 2229 820 2274 praescribitRomanum
844 2228 998 2270 Miffale,
1023 2228 1058 2262 δε
1078 2227 1182 2272 plerae-

294 2293 357 2326 que
370 2281 521 2315 Ecciefiae
538 2282 667 2314 servant
680 2305 687 2311 .

346 2330 513 2365 Adversus
540 2329 740 2374 Stephanum
768 2328 855 2363 dixit
881 2327 981 2363 etiam
1018 2327 1185 2363 Caffianus

293 2380 492 2423 Presbyter,
519 2380 657 2414 Baffiani
674 2379 864 2422 syncellus.-
892 2379 992 2411 Media
1001 2378 1186 2412 bebdomada

294 2438 447 2475 coegerunt
457 2442 508 2462 nos
525 2454 535 2470 ‚
562 2431 837 2463 &introduxerunt
854 2435 887 2462 in
900 2428 1115 2471 Baptrstcrium
1125 2430 1187 2462 Ste-

291 2481 416 2524 phanus
453 2480 703 2520 reverendtffimus
739 2477 903 2522 Episcopus
930 2502 941 2518 ‚
979 2480 1013 2511 (w
1040 2482 1185 2511 Maeonius

297 2531 398 2566 Niffae
422 2530 601 2574 Episcopus
616 2552 626 2567 ‚
652 2531 686 2563 (θ’
703 2529 847 2562 dederunt
869 2527 944 2560 mihi
965 2530 1186 2572 Evangelium,

296 2583 331 2617 (ΞΤ
351 2582 586 2623 conjuraverunt
606 2591 652 2612 me
672 2581 707 2613 Θ
730 2580 890 2612 dixerunt:
919 2581 1014 2618 Veni,
1033 2579 1108 2619 jura
1130 2589 1187 2610 non

297 2629 443 2675 discedere
469 2630 508 2664 ab
525 2631 594 2671 illo,
617 2627 673 2672 sed
683 2636 791 2663 vivere
800 2629 923 2662 camillo
935 2652 945 2668 ,
971 2629 1006 2662 (θ’
1019 2639 1077 2660 non
1088 2628 1188 2660 trade-

297 2694 330 2715 re
351 2693 434 2715 eum.
463 2683 560 2721 Dixi,
588 2681 683 2713 Hodie
703 2684 814 2723 viginti
826 2683 956 2722 quinque
964 2683 1055 2710 annis
1065 2688 1189 2711 commu-

299 2739 386 2773 nico,
411 2729 662 2772 Constantinopoli
686 2736 832 2773 negotium
853 2739 964 2772 agens,
992 2729 1027 2761 (9
1048 2731 1130 2761 Deus
1151 2726 1189 2767 est

299 2789 350 2825 qui
374 2788 458 2815 novit
478 2806 489 2820 ,
517 2787 589 2823 quia
612 2790 766 2822 nunquam
776 2782 887 2821 juravi
911 2773 998 2811 alicui·
1021 2802 1032 2818 ‚
1058 2780 1093 2811 (st
1116 2788 1190 2810 nunc

300 2836 371 2865 dum
394 2831 548 2870 Presbyter
563 2828 655 2874 sum,
677 2836 779 2874 cogitis
792 2840 838 2862 me
841 2829 973 2870 jurare?
1000 2826 1190 2872 ,Quisumen-

303 2892 346 2915 tes
365 2883 567 2926 Evangelium
586 2881 733 2914 dederunt
752 2879 826 2912 mibi
837 2902 849 2919 ,
874 2880 908 2912 (θ’
922 2880 1035 2918 juravi
1051 2885 1095 2910 eis
1107 2903 1114 2909 .
1144 2880 1191 2910 Et

304 2936 411 2974 quinta
424 2932 510 2973 feria
531 2933 570 2965 de
585 2929 690 2974 sanlio
709 2928 828 2973 Pascha
847 2926 1192 2970 tollentes&ipsumin-

305 2979 469 3024 cluserunt,
495 2984 531 3015 ό·
550 2992 596 3015 me
617 2981 793 3014 caeciderunt
817 3004 827 3020 ,
853 2979 887 3012 (9·
910 2977 1035 3011 debilem
1053 2977 1192 3019 fecerunt

306 3031 453 3065 calcibus.
480 3033 525 3064 Et
546 3031 739 3065 adduxerunt
762 3039 824 3063 tres
843 3028 1037 3062 subdiaconos
1051 3051 1062 3067 ,
1090 3029 1191 3062 &vix

307 3082 431 3116 tandem
448 3082 577 3114 tulerunt
594 3105 605 3121 ,
632 3083 666 3116 ό·
687 3082 834 3114 duxerunt
845 3083 934 3112 mein
945 3079 1063 3111 domum
1072 3089 1169 3111 meam
1179 3102 1191 3119 ,

308 3134 343 3167 (9·
350 3128 505 3174 poficerunt
523 3141 567 3162 me
579 3130 762 3174 semivivum
774 3155 784 3171 ,
812 3131 845 3165 (δ’
853 3127 1129 3172 plebotomaverunt
1139 3138 1192 3160 mc.

309 3186 350 3215 Ut
369 3191 436 3225 ergo
457 3191 515 3213 non
531 3182 698 3221 peJ'erarem
709 3206 720 3222 ‚
746 3181 831 3214 hodie
853 3187 977 3222 quatuor
995 3190 1090 3212 annos
1101 3177 1194 3211 habeo

310 3232 435 3264 errando
455 3254 465 3271 ,
492 3231 526 3264 <ff
546 3231 739 3262 mendicando
765 3229 1014 3270 Constantinopoli
1034 3254 1044 3270 ‚
1075 3238 1109 3261 ut
1136 3239 1194 3261 non

307 3283 474 3322 pejerarem
496 3289 598 3318 nomen
622 3280 695 3311 Filii
715 3282 788 3312 Dei.
815 3280 866 3313 Ita
890 3280 1013 3322 primus
1036 3280 1195 3313 Romanae

314 3329 462 3364 Ecclesia:
483 3328 668 3373 Anti-Papa
692 3328 898 3362 Novatianus
909 3329 1057 3363 miseram
1069 3329 1196 3373 plebem

313 3378 354 3413 de
377 3379 408 3412 se
428 3389 495 3412 non
517 3377 720 3419 deserendo,
744 3378 779 3412 &
799 3377 840 3412 ad
863 3377 1047 3422 legitimum
1073 3378 1196 3423 Papam

302 3427 457 3465 'sanetum
476 3427 670 3464 Cornelium
693 3439 861 3474 nunquam
883 3428 1075 3465 revertendo
1096 3453 1108 3473 ,
1142 3440 1197 3473 per

956 141 1516 186 ‘APnssNDIX'

1254 222 1486 255 sacrosanctam
1515 221 1753 262 Eucharistiarn
1772 224 1877 273 jurare
1894 224 2008 277 coegit
2032 258 2041 267 .
2079 236 2141 271 Ea*

1254 270 1519 353 gelen-impietate
1539 271 1678 310 schisma
1700 280 1792 314 suum
1811 282 1910 317 etiarn
1932 282 2071 319 Photius
2082 286 2141 323 sta-

1277 333 1285 354 l
1305 329 1363 354 lvnt
1374 346 1381 352 .

1303 370 1430 405 Verum
1455 368 1473 406 a
1499 379 1567 415 quo
1593 370 1783 431 Cassianus,
1809 379 1846 414 in
1871 381 1978 430 Regia
2007 385 2144 422 civitate

1253 431 1434 462 mercator,
1460 431 1515 465 per
1536 429 1626 456 totos
1649 425 1926 475 vigintiquinque
1939 437 2142 471 annosdidi.

1251 472 1298 506 cir.
1320 482 1492 516 nunquam
1515 472 1619 515 jurare
1630 473 1647 505 ἓ
1673 473 1874 520 Respondeo
1885 482 2043 520 Divinam
2055 486 2142 522 hanc

1252 522 1391 567 gratiam
1414 521 1523 556 deberi
1534 523 1652 557 Sancto
1664 523 1786 570 Ioanni
1799 527 2056 575 Chrysostomo‚
2081 538 2140 581 qui

1252 571 1360 606 adhuc
1381 570 1555 615 Presbyter
1574 575 1687 608 urbem
1710 576 1981 624 Antiochenam,-
2005 577 2141 622 omnem

1252 622 1434 677 sermonem
1459 621 1477 655 ἐι
1495 622 1678 666 juramento
1701 627 1865 672 incipere,
1890 632 1925 665 &
1942 633 1981 667 ad
2003 634 2141 679 singulas

1251 682 1349 706 voces
1370 683 1475 714 jurare
1496 675 1687 710 consuetam
1700 679 1852 722 peffime,
1878 681 2010 717 adsidua
2034 686 2143 728 praedi-

1252 723 1383 757 catione
1395 723 1478 757 adeo
1493 725 1633 758 mutavit
1644 749 1654 765 ‚
1679 738 1715 760 ut
1730 730 1837 772 quivis
1852 731 1922 767 illic
1933 734 2032 767 etiam
2044 733 2063 769 ὲ
2079 735 2145 778 ple·

1252 772 1301 807 bis
1323 774 1400 807 faece
1422 773 1554 808 infimus
1574 775 1725 812 maluerit
1748 778 1806 814 fibi
1830 780 1976 827 linguam
1988 784 2144 827 excindi,

1252 834 1350 867 quam
1373 823 1422 858 vel
1445 825 1481 857 in
1505 825 1640 859 taberna
1662 827 1703 862 ad
1715 829 1819 865 aleam
1830 830 1954 874 jurare.
1981 834 2060 868 Hoc
2075 835 2142 878 ipse

1251 872 1371 908 meritc
1385 883 1481 908 vocat
1493 876 1687 911 miraculum
1700 877 1953 917 Antiochenam
1968 910 1976 917 .
2006 885 2142 928 Episco-

1228 945 1230 947 »
1252 934 1311 967 pus
1322 923 1406 957 istud
1417 923 1520 968 ipsum
1532 926 1691 969 plantavit
1702 928 1995 978 Constantinopoli
2006 952 2025 975 ,⁸
2042 946 2141 979 atque

1250 975 1295 1008 ita
1309 974 1460 1018 perduxit
1480 976 1521 1010 ad
1536 976 1741 1011 Cassianum.
1767 979 1920 1028 Qaliter
1931 985 2083 1019 adversus
2096 995 2142 1019 te-

1249 1025 1413 1059 terrimam
1435 1035 1473 1059 ac
1497 1026 1692 1062 infernalem
1716 1030 1832 1072 istam,
1859 1033 1977 1068 nostris
1988 1037 2142 1078 tempori-

1252 1075 1311 1109 bus
1323 1075 1420 1109 nimis
1430 1077 1625 1120 grassantem
1637 1103 1648 1119 ‚
1660 1078 1788 1122 jurandi
1799 1084 2074 1126 consuetudinem
2088 1096 2143 1128 pu‹

1249 1125 1359 1171 gnarit
1372 1126 1470 1161 etiam
1483 1128 1615 1161 Sanctus
1624 1128 1840 1173 Augustinus,
1849 1134 1950 1168 edicit
1962 1134 2071 1178 ipsein
2084 1135 2144 1169 ser—

1248 1186 1347 1209 mone
1367 1176 1409 1210 de
1431 1174 1586 1221 Apostoli
1607 1179 1731 1213 verbis.
1761 1180 1874 1217 Plures
1885 1184 2020 1219 SanCIos
2031 1184 2143 1219 Patres

1248 1226 1304 1271 qui
1326 1227 1361 1260 in
1384 1226 1451 1260 vita
1473 1238 1642 1272 nunquam
1659 1229 1817 1273 jurarinr,
1844 1233 1981 1268 laudaznt
1996 1235 2031 1269 in
2043 1234 2142 1269 Prato

1249 1276 1406 1321 spirituali
1426 1277 1563 1318 Sanetus
1573 1278 1797 1322 sophronius,
1823 1283 1902 1318 &in
1916 1285 2074 1319 Laufiaca
2092 1283 2144 1319 hib

1248 1326 1345 1361 storia
1384 1327 1553 1362 Palladius
1588 1330 1771 1373 Episcopus
1805 1332 2108 1378 Helenopolitanus
2123 1348 2141 1368 ’.

1249 1427 1383 1461 testatur
1404 1429 1540 1463 Sanctus
1560 1429 1696 1464 Bafilius
1715 1455 1723 1462 .
1750 1432 1845 1479 Qin
1869 1434 1905 1467 in
1925 1434 2078 1470 oratione
2099 1435 2143 1469 d'e

1250 1476 1406 1520 patientia
1419 1479 1451 1511 ἀ
1462 1479 1637 1513 tolerantia
1651 1480 1762 1515 laudat
1773 1482 1921 1518 Cliniam
1934 1510 1946 1526 ,
1967 1484 2141 1519 hominem

1248 1527 1404 1572 gentilem
1430 1552 1441 1568 ‚
1479 1527 1677 1573 Pythagorae
1702 1529 1898 1577 Philosophi
1924 1534 2142 1572 familiai-emh

1246 1576 1335 1622 quod
1358 1576 1460 1612 tribus
1480 1580 1612 1612 talentis
1631 1580 1765 1614 multari
1776 1583 1927 1619 maluerit
1941 1609 1952 1625 ,
1979 1596 2078 1628 quam
2089 1596 2141 1618 ve-

1247 1629 1334 1662 ritati
1347 1638 1401 1670 per
1410 1628 1655 1678 juramentum,
1681 1629 1756 1664 licet
1773 1630 1871 1674 jussus
1893 1634 1911 1666 a
1931 1633 2068 1677 judice,
2093 1644 2141 1668 at-

1246 1677 1352 1712 testari
1364 1702 1370 1709 .
1397 1676 1497 1712 Adeo
1517 1679 1722 1713 tremendum
1734 1681 1797 1715 fuit
1809 1682 1944 1717 Divinai
1955 1678 2139 1728 Maiestatis

1246 1739 1368 1763 nomen
1390 1728 1491 1763 etiam
1513 1729 1599 1773 apud
1618 1728 1786 1775 paganos.
1816 1731 1944 1767 Reverai
1955 1733 2023 1769 fine
2035 1734 2138 1769 totius

1244 1778 1391 1822 corporis
1403 1779 1437 1813 &
1460 1780 1563 1813 animi
1586 1790 1727 1814 tremore
1744 1782 1848 1824 ipsum
1860 1782 1974 1818 audire
1985 1796 2054 1818 non
2065 1783 2138 1827 pos-

1245 1830 1354 1863 sumus
1375 1852 1386 1868 ‚
1422 1829 1524 1873 longe
1551 1829 1661 1863 minus
1679 1832 1820 1873 proferre
1841 1857 1848 1864 .
1877 1832 1987 1868 Unde
2004 1833 2137 1875 ‚iurandi

1245 1876 1517 1914 consuetudinem
1544 1878 1654 1913 Patres
1677 1890 1746 1913 uno
1765 1892 1821 1914 ore
1840 1881 2000 1916 damnant
2011 1884 2136 1926 peccati

1244 1928 1392 1964 mortalis
1405 1952 1413 1960 .
1442 1929 1487 1962 Et
1508 1929 1544 1962 in
1565 1930 1680 1964 nostro
1699 1929 1853 1964 Caffiano
1863 1931 1938 1966 vide
1948 1932 2051 1968 etiam
2063 1940 2137 1968 coa'-

1243 1980 1284 2014 &i
1303 1978 1479 2022 juramenti
1500 1981 1715 2013 reverentiam
1739 1993 1750 2013 :
1777 1979 1840 2014 Per
1864 1992 2006 2025 quatuor
2028 1988 2135 2019 annos

1243 2031 1358 2072 sponte
1368 2028 1500 2062 exulare
1510 2053 1521 2069 ‚
1547 2040 1652 2063 errare
1662 2053 1673 2070 ,
1684 2029 1872 2064 mendicare
1885 2031 2020 2072 maluit,
2035 2031 2133 2076 quani

1243 2078 1392 2112 Pseudo·
1405 2078 1571 2122 Episcopo
1602 2078 1768 2122 Stephano
1801 2090 1916 2115 contra
1952 2081 2137 2116 miserabile

1244 2130 1336 2162 suurn
1349 2152 1359 2168 ,
1385 2127 1509 2170 aliquid
1521 2128 1707 2163 Herodiani
1723 2130 1864 2165 omnino
1881 2129 2005 2166 habens
2017 2155 2027 2171 ‚
2052 2132 2136 2175 jura·-

1244 2189 1396 2213 mentum
1407 2189 1476 2212 non
1488 2189 1734 2213 communicare
1746 2203 1754 2210 .

1294 2229 1339 2263 Et
1359 2227 1438 2262 hinc
1449 2228 1521 2271 ejus
1529 2228 1716 2263 calamitate
1728 2240 1766 2263 ac
1783 2230 1991 2275 simplicitate
2003 2241 2133 2274 permo-

1245 2289 1297 2313 tus
1317 2278 1482 2314 Lucianus
1502 2278 1657 2321 Byzenfis
1680 2279 1860 2324 Episcopus
1873 2281 2037 2325 resumpsit
2056 2281 2133 2315 Bas-

1245 2330 1323 2362 fiani
1346 2329 1564 2372 patrocinium
1578 2342 1589 2362 .·
1614 2329 1845 2370 obstrinxerunt
1864 2342 1917 2364 nos
1936 2333 2045 2374 reliqui
2055 2334 2131 2373 Epi*-

1240 2377 1320 2422 scopi
1333 2376 1475 2421 nobiscum
1487 2377 1640 2420 residentes
1663 2402 1674 2418 ‚
1697 2388 1732 2412 ut
1741 2380 1961 2424 unusquisque,
1987 2382 2069 2423 quod
2083 2392 2135 2415 now

1245 2435 1293 2463 vit
1303 2434 1336 2461 t'n
1349 2433 1479 2462 veritate
1489 2452 1500 2468 ,
1527 2431 1561 2462 (ν
1571 2430 1616 2461 ad
1628 2435 1775 2469 pietatem
1786 2431 1906 2463 tendere
1915 2455 1926 2471 ‚
1953 2430 2054 2463 dicat.
2083 2434 2113 2463 E
2116 2439 2130 2464 t

1245 2479 1370 2512 licet-ex
1392 2477 1477 2510 nobis
1495 2476 1564 2519 ipfis
1579 2477 1686 2510 bonum
1696 2478 1762 2521 ψ»
1771 2477 1823 2511 boc
1825 2479 1930 2520 facere
1941 2504 1953 2520 ,
1973 2480 2131 2513 verumta-
2177 2483 2183 2490 '

1246 2539 1314 2562 men
1335 2529 1460 2560 dicimus
1485 2532 1624 2569 quonlam
1647 2537 1775 2569 quatuor
1785 2535 1878 2561 annis
1900 2528 2131 2571 operatusestin

1241 2576 1382 2623 scdefine
1390 2583 1570 2610 contentione
1584 2600 1594 2616 ,
1614 2576 1676 2618 fine
1690 2579 1919 2611 contradidione
1930 2603 1940 2619 ‚
1965 2581 2001 2613 ὑ·
2011 2580 2131 2612 ordina*-

1248 2633 1295 2662 vit
1313 2628 1410 2661 decem
1430 2625 1592 2670 Episcopos
1613 2628 1648 2661 (9
1665 2627 1792 2661 clericos
1804 2630 1932 2670 multos,
1961 2630 2131 2663 &canimu-

1249 2683 1364 2711 nicavit
1375 2682 1402 2710 ei
1412 2682 1466 2719 qui
1475 2679 1561 2710 modo
1572 2676 1611 2717 est
1622 2680 1652 2709 E
1649 2676 1785 2720 pisiopus
1796 2678 1969 2721 stephanus
1979 2702 1991 2718 ,
2014 2679 2078 2712 cum
2087 2678 2133 2723 es-

1243 2728 1289 2772 set
1297 2730 1366 2769 ejus
1379 2726 1530 2766 Presbyter
1543 2751 1553 2767 ‚
1579 2729 1613 2761 (π
1625 2739 1724 2761 omnes
1735 2729 1841 2771 reliqui
1851 2729 1959 2763 Clerici
1971 2754 1978 2762 .
2004 2731 2050 2761 Et
2059 2735 2130 2771 quoa

1249 2780 1334 2812 mod&
1350 2777 1474 2820 poffibile
1491 2776 1529 2817 cst
1540 2789 1616 2811 nunc
1635 2778 1807 2818 Baffianum
1821 2779 1932 2822 expelli
1940 2787 2058 2821 praeter
2067 2790 2131 2812 con-

1244 2827 1433 2872 sequentiam
1464 2828 1633 2871 rcgularum
1658 2853 1669 2868 ,
1695 2829 1760 2863 cum
1777 2830 1930 2871 praecipu?
1958 2827 2130 2870 beattffimu‘s

1252 2878 1374 2913 Proclus
1386 2881 1488 2921 Regiae
1499 2877 1766 2920 Constantinopolis
1777 2883 1844 2921 Epi
1842 2877 1945 2922 ſsopus
1957 2882 1987 2912 ei
2004 2877 2130 2912 commu-

1251 2933 1419 2969 nicaverit,
1446 2929 1481 2960 Θ
1499 2935 1557 2970 per
1573 2926 1725 2971 fflnodicas
1744 2930 1866 2962 litteras
1873 2928 2046 2971 firmaverit
2065 2928 2132 2971 ejas

1251 2977 1462 3022 Episcopatum
1482 2978 1495 3010 ?
1523 2977 1687 3021 Adjunxit
1706 2979 1737 3013 se
1759 2979 2012 3025 Meliphtongus
2031 2977 2132 3024 Juiio-

1252 3030 1418 3074 politanus
1439 3027 1474 3060 in
1493 3026 1616 3062 Arabia
1642 3029 1822 3074 Episcopus
1844 3044 1855 3063 .·
1880 3029 2046 3072 oportebat
2065 3034 2131 3062 eum

1252 3085 1304 3122 qui
1322 3088 1450 3122 quatuor
1470 3084 1560 3110 annis
1573 3077 1636 3121 fine
1645 3086 1825 3113 contentione
1837 3078 2051 3123 Episcopatum
2061 3076 2133 3111 obti-

1253 3133 1339 3169 nuit,
1364 3135 1420 3161 aut
1440 3126 1590 3170 accusari,
1616 3137 1671 3164 aut
1692 3135 1737 3163 ita
1755 3128 1814 3171 fine
1826 3132 1942 3171 ‚iudicio
1960 3126 2131 3163 nannetici.

1254 3182 1298 3211 Et
1310 3183 1447 3222 quoniam
1459 3179 1494 3211 (9⁹
1502 3189 1551 3222 ego
1565 3185 1732 3214 coniuratus
1738 3178 1806 3223 ficm
1817 3180 1858 3213 ab
1866 3179 2021 3224 EpiftopIs
2030 3177 2131 3217 Juxta

1253 3240 1298 3262 me
1313 3227 1486 3274 sedentibus
1498 3252 1509 3268 ,
1533 3231 1683 3271 quatenus
1696 3228 1842 3271 tranfiens
1850 3235 1884 3263 in
1893 3229 2021 3262 medium
2033 3227 2133 3258 dicam

1254 3292 1310 3321 ea,
1337 3291 1403 3322 quae
1414 3290 1459 3312 me
1468 3288 1590 3312 movent
1600 3306 1611 3322 ‚
1636 3291 1735 3314 coram
1747 3280 1880 3314 omnibus
1890 3302 1903 3319 ,
1928 3287 2083 3317 tamquam
2101 3286 2136 3308 ω·

1255 3329 1374 3371 effeHus
1387 3330 1565 3372 reliquorum
1571 3338 1664 3374 prqpe
1674 3342 1720 3363 me
1729 3330 1914 3372 refidentium
1924 3324 2135 3369 Episcoporum

1257 3392 1295 3414 ex
1313 3378 1441 3424 pcrfima
1462 3379 1631 3414 cum‘iorum
1648 3379 1716 3414 haec
1733 3379 1823 3420 refero
1842 3377 1877 3410 ¹&
1893 3375 1997 3420 sanc‘lo
2010 3377 2139 3408 Concilio

1259 3433 1293 3465 ὁ·
1315 3429 1419 3473 vestrae
1442 3429 1603 3473 Potestati,
1629 3441 1696 3473 quae
1716 3432 1866 3462 Lactarius
1886 3426 2139 3466 reverendiffimus

1648 3488 1650 3490 >
1682 3487 1684 3489 ·
2016 3480 2090 3518 Epi-

2161 1148 2243 1178 Serm.
2266 1156 2312 1183 ²9·

1248 1376 1352 1423 Qod
1378 1377 1483 1420 ipsum
1505 1378 1547 1413 de
1569 1379 1689 1414 sanilo
1709 1381 1873 1426 Gregorio
1883 1383 2142 1429 Thaumaturgo
2158 1374 2309 1446 ggisswii?
2337 1364 2340 1370 A
