2340 3736
556 133 641 176 AD
678 129 965 172 SYNODUM
1000 126 1612 179 CHALCEDONENSEM.

229 237 270 259 ex
291 219 543 259 contradictorio
565 218 688 261 judicio
710 217 742 255 ἀ
767 215 862 260 plena
882 215 983 249 causae
1002 214 1119 250 notitia

229 274 445 309 confirmasset
465 295 477 311 ‚
512 269 643 313 gloriosi
670 256 797 311 jtidices
822 276 997 310 rogarunt.
1046 265 1124 299 Res-

180 348 183 351 ·
230 324 348 368 pondit
379 322 455 356 vero
476 318 688 362 Theophilus
723 316 916 359 Presbyter:
957 319 994 348 Ut
1025 326 1123 348 coram

231 377 310 415 Deo,
338 369 502 415 &suscepit
523 381 588 403 eum
606 368 721 412 sanc‘lae
743 372 893 401 memoriae
918 366 1038 398 Procius
1055 387 1065 402 ,
1092 366 1125 397 (5

229 422 403 467 JJvnodaliter
425 424 532 454 litteris
564 419 712 452 honorans
734 415 841 456 dimrfit
865 427 931 448 eum
955 416 999 447 ad
1020 413 1119 455 Ephe-

227 472 317 517 sum,
343 474 422 506 &in
441 469 586 512 dyptichis
604 467 699 512 posuit
721 470 786 507 ejus
810 476 912 498 nomen
926 488 938 505 ,
963 466 998 498 ὁ*
1021 469 1125 497 recita-

231 522 320 555 batur
331 521 420 565 usque
433 522 477 553 ad
485 521 628 553 modicum
639 518 679 551 ab
702 517 771 549 hinc
781 522 918 556 tempus.
946 513 1049 561 Qod
1077 513 1123 556 ip-

232 573 303 606 sum
326 571 430 606 caeteri
452 571 615 615 praesentes
640 566 791 601 Ecclefiae
817 561 1120 606 Constantinopoli·

231 632 315 656 tanae
339 621 461 656 Clerici
474 621 549 654 sunt
559 616 747 653 contestati.
775 614 827 647 Ex
848 626 915 658 quo
939 613 1026 647 lucet
1053 613 1124 646 Bas·

231 673 380 712 sianum,
406 668 624 715 promotionis
636 668 697 700 suae
709 663 881 699 adversum
902 662 1033 698 aemulos
1055 674 1124 706 pur-

231 722 346 766 gandae
358 722 393 755 &
405 717 667 754 confirmationis
679 713 866 749 obtinendae
876 715 979 759 gratia
994 738 1004 753 ,
1033 713 1123 747 Con-

229 769 481 814 stantinopolim
494 767 672 802 accessisse.
701 762 866 798 Videntur
887 764 1047 798 &omnes
1070 774 1124 806 per

230 819 454 855 patriarcham
492 814 903 858 constantinopolitanum
937 813 1122 847 confirmati

231 870 386 914 Episcopi
400 867 492 902 fuisse
509 867 602 900 sacris
612 864 752 908 ejusdem
770 864 919 898 Ecclefiae
932 862 1048 897 tabulis
1072 862 1122 895 in.

231 920 368 963 scripti,
394 918 429 953 &
453 918 511 951 suo
525 927 672 959 tempore
683 914 723 949 ad
736 914 930 949 sacrificium
949 913 1098 946 recitati.

284 969 334 1003 Ea
345 966 555 1003 confirmatio
568 966 752 1000 Baffianum
766 964 932 1008 insigniter
943 961 1123 1004 adjuvabat.

231 1018 326 1054 Hinc
340 1018 380 1052 ad
403 1016 604 1061 Stephanum
630 1015 762 1061 gloriosi
782 1015 924 1057 judices:
955 1017 1047 1046 Nunc
1068 1015 1128 1045 ste-

228 1068 352 1112 phanus
363 1066 527 1111 Episcopus
542 1068 624 1100 dicat
638 1091 648 1107 ‚
677 1065 920 1108 quemadmodum
945 1068 1027 1096 novit
1050 1060 1126 1105 Bas:

227 1118 344 1162 fianum
356 1118 395 1151 ab
408 1116 589 1162 Episcopatu
601 1125 762 1155 remotum,
790 1116 823 1149 (ι’
839 1113 868 1156 ]ῑ
888 1110 949 1154 ipse
966 1121 1023 1154 per
1046 1115 1128 1150 syno-

233 1171 308 1203 dum
330 1169 488 1201 ordinatus
503 1167 557 1208 est.
585 1167 629 1200 Et
641 1164 842 1209 Stephanus:
869 1165 1008 1196 Relatum
1030 1160 1068 1202 est
1089 1161 1128 1194 ab

234 1217 382 1261 Episcopo
405 1218 620 1251 Alexandrinae
632 1221 765 1250 civitatis
781 1240 791 1255 ,
814 1212 997 1257 sanc‘liffimae
1027 1223 1129 1245 memo-

234 1273 292 1303 riae
312 1266 463 1308 Theodofio
489 1268 625 1308 Principe
643 1264 791 1308 scribente
814 1264 905 1303 illuc,
942 1263 1037 1295 illatae
1056 1259 1129 1304 sunt

238 1322 332 1352 etiam
343 1317 456 1350 Iltterae
468 1338 479 1354 ‚
505 1318 524 1348 ἃ
536 1315 686 1355 beanffimo
697 1312 909 1357 acsancitffimo
921 1314 1009 1353 Papa
1021 1313 1125 1342 Roma-
1143 1342 1145 1360 5

234 1378 274 1401 m
291 1391 301 1408 ‚
328 1366 475 1409 quatenus
488 1364 570 1404 istum
581 1365 632 1408 effe
643 1375 700 1396 non
713 1372 854 1406 oporteret
867 1359 1044 1403 Episcopum
1056 1386 1066 1400 ,
1095 1361 1129 1393 (9⁶
1143 1365 1146 1407 λ

235 1416 401 1459 manifestae
421 1414 495 1460 sunt
504 1415 630 1448 litterae.
660 1414 755 1446 nabere
782 1418 884 1447 venire
904 1414 1048 1443 Notarios
1062 1434 1072 1449 ‚
1097 1408 1146 1460 uti

236 1467 404 1501 declaretur
415 1466 555 1508 quomodo
569 1472 696 1498 remotus
713 1462 751 1504 est
763 1487 775 1504 ‚
800 1464 834 1496 (θ’
855 1463 994 1504 quomodo
1016 1459 1054 1500 est
1074 1462 1146 1525 eje-i

232 1516 301 1550 blus
315 1540 326 1557 ,
353 1516 539 1559 &quomodo
560 1525 610 1558 ego
629 1512 696 1557 sum
719 1514 892 1546 ordinatus.
922 1514 988 1542 Nos
1006 1517 1128 1552 propter

232 1566 325 1610 fidem
349 1571 487 1599 venimus
503 1588 511 1596 .
548 1563 712 1605 Numquid
739 1573 789 1606 ego
809 1560 964 1604 sciebam,
988 1567 1129 1602 quoniam

234 1616 289 1649 hoc
310 1616 445 1657 potuisset
469 1613 639 1657 emergere?
664 1613 759 1646 Semel
770 1611 864 1654 finem
883 1616 994 1652 accepit
1020 1608 1127 1652 causa.

236 1669 326 1700 Venit
350 1665 540 1698 silentiarius
562 1664 629 1696 illuc
644 1686 655 1702 ,
693 1671 754 1695 tres
777 1660 883 1704 menses
904 1660 1002 1702 fecit,
1029 1671 1126 1702 cogno-

236 1714 320 1759 scens
338 1721 416 1748 inter
430 1725 496 1748 eum
518 1715 552 1747 o·
562 1714 688 1746 elericos
702 1737 709 1744 .
738 1713 863 1744 Clarent
877 1723 911 1744 ea
921 1722 990 1752 quae
1006 1709 1130 1751 definita

234 1763 308 1808 sunt
320 1789 328 1796 .
355 1764 416 1798 Ait
428 1765 460 1798 se
474 1763 515 1797 ad
528 1762 733 1797 statuendum
742 1760 783 1795 de
793 1761 862 1795 laesa
883 1772 937 1804 per
960 1759 1125 1802 Eutyche-

240 1824 315 1849 tem
329 1814 393 1847 fide
403 1835 416 1853 ,
440 1823 508 1846 non
520 1812 561 1846 ad
576 1811 807 1854 disputandum
818 1811 859 1844 de
871 1810 1070 1853 Episcopatu
1082 1820 1129 1842 vo-

239 1863 324 1897 nisse
345 1861 619 1901 chalcedonem,
647 1859 724 1894 hinc
747 1860 807 1894 fibi
834 1858 874 1893 ad
897 1871 1032 1893 manum
1060 1871 1127 1893 non

238 1913 306 1948 effe
325 1911 475 1956 requisita
498 1911 565 1945 litis
587 1911 784 1945 documenta
799 1935 809 1952 ,
836 1911 963 1944 causam
983 1909 1049 1952 jam
1072 1909 1128 1943 du-

237 1963 323 1998 dum
334 1960 504 1996 definitive
525 1961 686 2000 decisam,
711 1961 905 1995 sententiam
923 1960 1123 1994 tranfiiffein

239 2024 312 2048 rem
343 2011 542 2055 judicatam,
579 2011 719 2054 ideoque
742 2022 810 2044 non
839 2011 926 2053 posse
946 2010 1128 2043 retractari.

239 2061 421 2096 Praesertim
440 2061 515 2094 cum
537 2062 636 2095 fuerit
655 2061 814 2095 sententia
838 2061 984 2094 Ecclefiae
1006 2059 1127 2093 Rorna-

242 2123 314 2148 nae.
342 2111 423 2144 Haec
439 2112 490 2144 sua
503 2110 600 2144 verba
629 2110 670 2144 de
692 2111 819 2154 Legato
841 2110 1048 2148 silentiario,
1073 2113 1127 2141 Co-

236 2161 466 2206 gnoscensimer
477 2172 543 2193 eum
567 2162 739 2194 &elericos
754 2184 764 2199 ‚
791 2158 928 2193 lucidius
950 2160 1039 2202 supra
1065 2159 1129 2193 Ste-

242 2211 372 2255 phanus
384 2211 535 2254 exposuit
550 2224 560 2244 .·
587 2210 666 2251 Mifit
686 2215 853 2253 ¹Imperator·
876 2208 1047 2248 Eustatium
1060 2233 1071 2249 ‚
1097 2218 1131 2241 ut

241 2259 414 2304 cognosceret
426 2267 504 2294 inter
515 2271 579 2294 eum
594 2284 603 2299 ,
632 2261 666 2293 (3
681 2261 800 2293 clerum
813 2283 823 2298 ‚
850 2261 1034 2300 &pauperes
1052 2283 1062 2298 ,
1079 2265 1130 2300 qui

244 2312 283 2343 ab
295 2322 325 2343 eo
338 2310 509 2351 injustitiam
517 2310 647 2351 fuerant
663 2311 756 2351 paffi.
779 2304 872 2342 'Cum
897 2309 1031 2343 Clericis
1053 2307 1130 2352 ergo

243 2371 399 2405 pauperes
409 2360 558 2393 adversus
568 2359 680 2394 datam
702 2358 851 2392 Bassiano
873 2358 890 2391 a
914 2359 1031 2392 Sancto
1053 2358 1131 2391 Pro-

242 2410 297 2444 clo
317 2410 607 2444 confirmationem
619 2409 820 2452 appellarant
843 2409 988 2442 Romam
1002 2432 1012 2447 ,
1038 2408 1131 2451 acip-

244 2462 312 2494 sam
323 2460 432 2493 caffari
444 2460 463 2493 a
476 2459 590 2493 Sanito
603 2459 690 2501 Papa
703 2459 815 2492 Leone
827 2458 1035 2501 impetrarant
1047 2483 1054 2490 .
1079 2458 1127 2491 Ita

244 2507 513 2543 Alexandrinum
528 2508 666 2551 Georgii
678 2508 883 2551 Cappadocis
894 2507 1126 2551 Episcopatum

245 2559 293 2594 ob
305 2559 461 2602 irrogatas
474 2556 664 2601 pauperibus
687 2557 822 2599 injurias
841 2558 980 2601 graviter
999 2558 1032 2590 in
1054 2558 1130 2601 Epi-

246 2608 329 2642 stola
342 2608 383 2641 ad
406 2605 590 2642 monachos
611 2607 745 2641 Sanstus
769 2605 965 2640 Athanasius
984 2608 1127 2651 exagitat

246 2659 284 2692 δε
304 2658 457 2692 damnat.
484 2656 666 2700 pauperes,
702 2656 871 2698 praesertim
892 2656 1128 2699 matriculares,

248 2707 297 2742 uti
309 2707 454 2750 proprios
465 2706 550 2739 filios
562 2707 681 2748 semper
694 2705 837 2740 Ecclefia
850 2706 933 2739 fovit
945 2730 954 2737 .

298 2756 459 2800 Reposuit
478 2765 587 2790 autem
609 2755 792 2789 Baffianus:
818 2754 987 2797 stephanus
1013 2754 1129 2795 Presby-

246 2817 294 2840 ter
304 2818 387 2840 meus
391 2805 460 2846 fuit
472 2830 479 2837 .
508 2808 645 2850 ‚Quatuor
656 2811 747 2840 annis
761 2804 863 2850 Miffas
875 2817 986 2839 mecum
1007 2806 1128 2840 celebra-

247 2857 323 2897 bat,
350 2867 461 2889 mecum
473 2856 726 2895 communicabat,
752 2855 1031 2890 &communicabat
1053 2857 1129 2889 ime

247 2916 402 2948 tamquam
412 2906 451 2939 ab
462 2904 621 2948 Episcopo.
649 2909 694 2938 Et
705 2905 772 2949 ipsa
781 2908 854 2946 die,
877 2918 938 2948 qua
950 2904 1129 2949 recluserunt

247 2968 317 2996 me,
337 2955 426 2997 simul
435 2961 731 2996 communicavimus,
758 2956 936 2998 &arripuit
947 2967 1014 2996 me,
1039 2957 1131 2989 &in-

248 3005 327 3048 clufit
348 3017 394 3039 me
407 3030 414 3038 .
441 3009 489 3038 Et
508 3011 552 3038 ita
570 3004 638 3048 sum
656 3005 755 3049 paffus
771 3030 778 3038 .
806 3008 865 3039 Per
889 3005 1024 3039 'virtutes'
1040 3008 1097 3038 Dei
1116 3029 1127 3046 ,

246 3054 508 3098 aquam-quaesivi,
534 3057 568 3089 (9
581 3066 638 3087 non
658 3057 800 3089 dederunt
810 3054 883 3088 mihi
896 3079 903 3086 .
927 3054 1036 3088 Tribus
1051 3067 1126 3089 men·

240 3105 321 3148 sibus
345 3105 509 3140 habuerunt
522 3116 567 3137 me
581 3103 726 3147 clausum.
751 3103 893 3148 Episcopi
901 3114 998 3138 autem
1011 3129 1022 3144 ,
1048 3107 1128 3148 quia

243 3167 293 3189 me
305 3152 531 3203 ordinatisunt,
556 3152 610 3196 ipfi
628 3148 750 3188 &bunc
769 3156 985 3189 ordinaverunt
1005 3154 1128 3198 Episco-

241 3213 338 3247 pum,
364 3206 435 3238 dum
455 3205 534 3248 effem
554 3202 698 3247 inclusus.
726 3206 758 3237 Si
786 3216 843 3238 non
863 3216 913 3248 ego
938 3203 1102 3247 Episcopus
1116 3230 1127 3246 ‚

246 3265 341 3296 neque
351 3256 414 3295 illi,
442 3255 578 3296 quidme
588 3252 821 3296 ordinatisunt‚
847 3255 898 3298 effe
921 3254 1030 3287 debent
1051 3258 1127 3296 Epi-

239 3301 341 3347 scopi,
367 3315 460 3347 neque
480 3300 604 3339 clenti.
631 3303 803 3346 Proprium
830 3303 1062 3348 Episcopatum
1083 3304 1129 3338 vi-

249 3353 332 3388 dens
342 3353 360 3386 ὲ
374 3354 405 3388 se
418 3365 486 3389 non
498 3355 585 3397 posse
596 3353 725 3387 defendi
742 3378 754 3394 ,
779 3353 936 3398 Stephani
947 3354 1045 3388 etiam
1057 3363 1128 3396 pro·

247 3402 431 3439 motionem
466 3403 603 3438 tentavit
639 3414 813 3438 evacuare.
864 3403 978 3438 Primo
1001 3426 1013 3444 ,
1046 3403 1128 3438 dicit

346 3452 455 3493 christ.
472 3457 549 3496 Lupi
559 3457 647 3497 oper.
661 3456 740 3486 Tom.
751 3456 792 3486 Π.

1904 144 1929 174 2
1939 129 1962 174 8
1968 143 2000 182 9

1186 223 1255 247 eam
1267 239 1278 254 ‚
1306 223 1373 246 non
1386 211 1496 246 minus
1507 212 1604 255 quam
1616 213 1706 249 suam
1718 237 1730 254 ,
1756 213 1849 248 fuifl'e
1861 213 2039 249 violentam
2049 239 2058 247 .

1187 262 1356 301 Secundo,
1393 263 1439 295 ait
1461 260 1659 304 Stephanum
1682 263 1700 297 ὲ
1726 265 1917 298 consecratis
1953 276 2007 308 per
2028 267 2062 299 se

1187 313 1357 357 Episcopis
1378 312 1472 346 fuifle
1483 312 1705 347 consecratum
1715 339 1727 354 ,
1754 315 1892 357 ideoque
1905 325 1959 347 aut
1971 317 2061 349 suam

1188 363 1318 397 valuisse
1330 362 1576 406 promotionem
1591 386 1601 402 ‚
1626 373 1681 396 aut
1692 365 1790 397 etiam
1811 363 1968 407 Stephani
1988 376 2064 397 con-

1189 414 1400 448 secrationem
1412 424 1480 447 non
1492 411 1579 456 poffe
1592 411 1712 444 valere.
1743 414 1796 447 Ex
1814 425 1881 457 quo
1902 414 2065 456 principio

1186 465 1283 498 etiam
1295 464 1336 497 ad
1348 470 1541 498 coronatum
1563 462 1579 494 a
1592 462 1623 494 se
1637 460 1839 497 Michaelem
1851 462 2039 507 Augustum
2051 488 2063 503 ,

1186 514 1220 546 δε
1234 515 1287 557 ipsi
1300 514 1518 556 conspirantes
1540 512 1557 545 a
1572 513 1602 545 se
1614 511 1815 545 consecratos
1831 513 2008 557 Episcopos
2019 513 2066 547 di-

1187 564 1234 597 xit
1247 565 1379 598 Sanctus
1394 562 1541 607 ignatius
1552 559 1739 595 Patriarcha
1763 561 2066 607 Constantinopoli-

1187 624 1299 647 tanus:
1328 616 1359 646 si
1371 625 1419 657 ego
1438 613 1586 656 legitimus
1601 609 1782 644 Patriarcha
1803 622 1859 643 non
1877 611 1948 652 sim,
1974 624 2066 655 neque

1185 672 1216 695 tu
1229 668 1410 705 Imperator,
1435 674 1527 705 neque
1548 673 1601 695 vos
1624 660 1764 704 Episcopi
1784 660 1866 700 estis.
1896 661 2067 697 Canonica

1189 713 1279 747 enim
1295 715 1348 746 sua
1360 713 1439 746 vitia
1453 713 1611 756 contagio
1622 711 1656 744 in
1669 713 1742 745 suos
1762 711 1965 744 consecratos
1979 736 1989 750 ,
2013 714 2068 745 seu

1187 763 1296 805 potius
1306 764 1484 796 exsecratos
1499 786 1509 801 ,
1535 761 1674 796 traducit
1689 762 1887 806 Episcopus.
1917 760 1994 803 Ejus
2017 761 2072 794 be-

1191 812 1332 847 nedictio
1345 812 1389 846 est
1404 810 1587 846 maledictio
1603 836 1610 843 .
1638 811 1743 844 Satius
1755 811 1799 845 est
1813 810 1918 854 spinas
1930 810 1963 843 in
1974 821 2071 853 caput

1190 864 1281 896 suum
1296 863 1437 905 recipere
1447 885 1458 900 ,
1490 872 1586 904 quam
1600 871 1716 894 manus
1728 860 1880 903 Episcopi
1893 861 2019 894 vitiosi.

1238 912 1398 947 Notanda
1412 913 1486 945 sunt
1498 911 1638 944 Baffiani
1658 909 1771 944 verba:
1793 913 1905 942 Mecum
1921 911 2020 954 Missas
2031 920 2073 942 ce·

1188 962 1323 996 lebrabat
1335 988 1344 1003 ,
1371 974 1482 995 mecum
1491 961 1742 994 communicabat.
1771 959 1961 994 Ostendunt
1983 969 2074 993 vetu-

1189 1013 1270 1046 stum
1283 1013 1315 1046 &
1329 1014 1446 1047 Gtaecoe
1458 1013 1491 1046 ὅ(
1511 1012 1636 1046 Latinae
1651 1011 1798 1052 Ecclefiae
1810 1021 1933 1043 morem
1949 1034 1959 1050 ,
1981 1010 2074 1052 juxta.

1190 1073 1286 1106 quem
1300 1063 1465 1106 Episcopo
1482 1073 1538 1095 aut
1549 1061 1746 1105 Presbytero
1759 1061 1929 1094 solennem
1939 1059 2074 1094 Missam

1190 1113 1369 1146 celebranti
1381 1123 1494 1146 omnes
1508 1113 1671 1156 praesentes
1683 1110 1836 1155 Episcopi
1860 1119 1916 1144 aut
1939 1109 2074 1152 Presby-

1190 1163 1250 1196 teri
1269 1162 1541 1196 concelebrabant
1555 1186 1565 1201 ,
1593 1174 1629 1195 ac
1642 1173 1696 1205 per
1706 1162 1773 1204 ejus
1785 1171 1899 1194 manus
1920 1158 1961 1193 de
1987 1169 2075 1203 com-

1191 1214 1281 1246 muni
1294 1212 1451 1245 sacrificio
1463 1211 1698 1254 participabant
1711 1236 1718 1243 .
1746 1212 1840 1244 Hinc
1864 1210 1903 1244 de
1917 1209 2075 1244 Nestorio

1194 1261 1567 1304 Constantinopolitano
1582 1261 1742 1304 Episcopo
1756 1260 1888 1294 Missam
1912 1261 2004 1293 istam
2027 1269 2075 1292 ce⁴

1191 1311 1335 1345 lebrante
1349 1336 1359 1351 ‚
1397 1313 1429 1344 &
1454 1308 1628 1344 Dorotheo
1651 1310 1974 1351 Marcianopolitano
2001 1309 2078 1352 Epi-

1197 1363 1316 1403 scopo,
1343 1361 1507 1394 inferioris
1527 1361 1646 1393 Moefiae
1668 1361 1905 1403 Metropolita,
1932 1360 1971 1392 ad
1994 1370 2078 1391 earn-

1192 1410 1264 1445 dem
1304 1411 1434 1444 Misiam
1461 1411 1700 1450 concionante,
1738 1411 1771 1442 δε
1799 1420 1911 1442 vocem
1943 1412 2078 1449 Deipara

1191 1459 1485 1494 anathematizante
1498 1485 1508 1500 ,
1538 1460 1645 1493 scribit
1656 1460 1696 1493 ad
1709 1459 1862 1493 Sanctum
1877 1457 2078 1492 Celestinum

1194 1511 1390 1544 Pontificem
1407 1511 1539 1543 Sanctus
1552 1509 1715 1552 Cyrillus:
1744 1512 1901 1552 ,Quamvis
1923 1508 1973 1541 Ne
1998 1514 2081 1541 orius·

1191 1670 1235 1693 ret
1258 1663 1379 1694 induxit
1404 1685 1413 1700 ,
1437 1659 1671 1703 sihor-novitque
1690 1683 1700 1698 ‚
1727 1665 1771 1691 cui
1791 1665 1883 1693 etiam
1907 1657 2076 1699 confestim,

1192 1710 1425 1745 ubiecathedra
1450 1708 1652 1752 defiendzffir,
1679 1714 1711 1741 in
1734 1712 1914 1741 Divinorum
1936 1709 2075 1748 mysterio-

1191 1773 1257 1794 rum
1280 1761 1467 1794 celebratione
1486 1765 1712 1792 communicavit
1729 1784 1734 1790 .
1762 1759 1890 1801 Nempe
1903 1758 2075 1792 Nestorius

1194 1809 1443 1844 patriarchalem
1457 1822 1531 1843 cum
1546 1810 1658 1843 multis
1680 1809 1849 1852 Episcopis
1869 1808 2002 1842 Missam
2025 1821 2075 1843 ce-
2114 1812 2117 1814 “

1193 1860 1334 1895 lebrabat
1347 1874 1356 1903 ς
1382 1871 1521 1904 eumque
1535 1858 1622 1904 quod
1634 1858 1856 1902 blasphemum
1868 1859 2071 1893 blateronem

1192 1911 1232 1944 ab
1254 1911 1323 1954 ejus
1346 1910 1629 1944 concelebratione
1659 1921 1727 1942 non
1753 1910 1941 1952 projecerit,
1967 1910 2075 1953 arguit

1192 1960 1353 2003 Cyrillus.
1379 1960 1428 1994 Ita
1442 1960 1621 2002 Sylvanurn
1635 1959 1831 1993 Tarsensem
1854 1959 2052 2002 Episcopum
2063 1981 2076 1997 ‚

1193 2010 1437 2054 primaeCiliciae
1463 2009 1737 2053 Metropolitam,
1770 2009 1858 2053 quod
1882 2008 2075 2043 damnatum

1192 2062 1224 2094 ὃ(
1244 2059 1285 2094 ad
1299 2061 1328 2093 se
1338 2062 1486 2104 refugam
1501 2059 1664 2102 Cyrillum
1688 2060 1929 2102 Hierosolymae
1942 2058 2077 2101 Episco-

1194 2110 1367 2153 pumasua
1391 2110 1521 2153 liturgia
1546 2120 1612 2141 non
1634 2109 1837 2149 exclufiffet,
1865 2109 2008 2153 graviter
2034 2109 2072 2142 in

1192 2160 1328 2203 synodo
1345 2159 1535 2193 Seleucienli
1547 2159 1653 2203 arguit
1670 2158 1811 2192 Aeacius
1823 2158 1907 2201 apud
1932 2158 2072 2192 Palaesti-

1194 2221 1254 2244 nos
1280 2210 1493 2253 Metropolita
1519 2208 1723 2243 Caesareenfis
1745 2234 1751 2241 .
1781 2208 1825 2241 Et
1852 2208 2078 2243 Poffidonium

1194 2260 1338 2294 Ecclefiae
1373 2259 1601 2293 Alexandrinae
1633 2259 1860 2302 Presbyterum
1882 2283 1893 2298 ,
1920 2259 2078 2292 Dioscori

1193 2308 1384 2344 Patriarchae
1397 2311 1580 2354 Legatum,
1606 2309 1673 2353 quo
1697 2310 1857 2343 Romanae
1869 2308 2018 2342 Ecclefiae
2040 2308 2080 2340 ri-

1191 2370 1243 2394 tus
1256 2359 1435 2394 addisceret
1450 2384 1461 2400 ,
1483 2361 1588 2393 secum
1601 2359 1774 2402 procedere
1786 2360 1840 2392 seu
1852 2357 2080 2392 concelebrare

1191 2410 1414 2443 fecitsanetus
1436 2410 1506 2444 Leo
1529 2408 1692 2452 Magnus.
1720 2409 1822 2442 Hunc
1846 2409 1948 2451 ipsum
1973 2405 2080 2442 hono-

1191 2470 1259 2493 rem
1281 2459 1658 2502 Constantinopolitanae
1677 2459 1711 2493 ὅ(
1737 2458 1940 2492 Ravennatis
1963 2458 2076 2492 Eccle-

1191 2510 1306 2543 fiarum
1328 2508 1527 2552 Presbyteris
1561 2509 1695 2553 Legatis
1716 2509 1871 2551 impartiit
1893 2507 2075 2552 Gregorius

1191 2560 1354 2604 Magnus.
1393 2559 1437 2592 Et
1457 2556 1668 2602 Theophilus
1698 2557 1918 2596 Amorienfis,
1956 2558 1991 2591 ὃς
2017 2558 2078 2591 Za·

1191 2609 1315 2643 charias
1325 2609 1555 2644 Tauromeniae
1576 2609 1609 2642 in
1622 2607 1732 2642 Sicilia
1758 2606 1954 2650 Episcopus,
1981 2607 2077 2641 schis-

1191 2658 1484 2694 maticiPhotiiad
1505 2658 1686 2692 Nicolaum
1712 2657 1853 2702 primum
1879 2657 2076 2692 Pontificem

1192 2709 1332 2754 Legati,
1356 2706 1469 2742 dixere
1480 2708 1520 2743 ad
1534 2707 1705 2751 Synodum
1716 2709 1882 2742 octavam:
1909 2712 1947 2740 Ut
1964 2707 2076 2750 summi

1192 2759 1358 2792 sacerdotes
1363 2756 1489 2801 suscepti
1498 2757 1597 2801 sumus
1619 2759 1639 2790 ἃ
1661 2761 1752 2800 Papa
1776 2759 1897 2791 Nicolao
1911 2782 1921 2797 ‚
1948 2760 1982 2791 (³5
2004 2769 2078 2791 com-

1189 2807 1421 2847 ministravimus
1433 2814 1482 2849 ei,
1510 2810 1662 2850 &recepti
1667 2807 1769 2852 sumus
1793 2808 1908 2841 abillo.
1940 2807 2075 2842 Etenim

1190 2857 1313 2892 advena
1351 2858 1529 2902 Episcopus
1555 2859 1590 2892 in
1618 2859 1691 2893 aliis
1719 2857 1869 2892 Ecclefiis
1895 2858 2006 2901 passim
2033 2859 2075 2892 ad

1190 2907 1409 2953 principaliter
1430 2907 1682 2948 celebrandum,
1708 2909 1824 2943 Rornae
1848 2918 1958 2943 autem
1978 2908 2073 2943 dum-

1190 2957 1277 2992 taxat
1290 2958 1330 2992 ad
1343 2958 1585 3002 procedendum
1606 2970 1680 2992 cum
1694 2959 1846 2993 Domino
1858 2958 1946 3002 Papa
1955 2959 1988 2992 δε
1998 2969 2079 2993 con-

1189 3008 1421 3043 celebrandum
1439 3008 1684 3043 admittebatur.
1718 3007 1821 3056 Qod
1845 3009 1948 3052 ipsum
1974 3009 2074 3043 serva-

1190 3068 1260 3091 tum
1271 3059 1333 3092 fuit
1350 3058 1663 3100 Constantinopoli.
1690 3058 1779 3092 Nam
1802 3058 1865 3092 suis
1886 3058 1928 3092 ad
1950 3058 2073 3092 ditium

1193 3106 1553 3146 Pseudo-patriarcham
1566 3106 1727 3142 Photium
1740 3109 1872 3153 Legatis
1883 3108 2050 3152 Episcopis
2059 3130 2071 3146 ‚

1190 3169 1230 3191 ne
1242 3168 1317 3191 cum
1330 3155 1388 3191 illo
1400 3157 1677 3192 consacrificarent
1687 3182 1697 3198 ,
1717 3159 1820 3192 vetuit
1831 3159 1972 3202 Joannes
1983 3158 2069 3191 odia-

1191 3219 1249 3241 vus
1261 3231 1268 3239 .
1295 3207 1339 3241 Et
1349 3205 1433 3240 istud
1448 3218 1505 3250 pro
1517 3207 1642 3242 summa
1653 3207 1780 3251 ,injuria
1792 3232 1804 3249 ,
1831 3207 1944 3252 utpote
1964 3206 2070 3250 palam

1191 3266 1307 3302 negata
1329 3257 1588 3298 communione,
1613 3255 1754 3292 Photius
1776 3258 1918 3301 accepit.
1957 3258 2072 3291 Etiam

1192 3304 1381 3341 Dorotheus
1415 3306 1754 3351 Marcianopolitanus
1791 3319 1860 3342 non
1897 3305 2072 3341 celebravit

1191 3357 1262 3391 istic
1284 3355 1521 3401 principaliter,
1541 3357 1595 3391 sed
1621 3357 1775 3392 Nestorio
1798 3356 1967 3391 dumtaxat
1990 3367 2071 3390 con-

1165 3415 1167 3417 ·
1191 3405 1386 3442 celebravit.
1413 3404 1599 3455 Qotnodo
1635 3405 1733 3441 Ebbo
1759 3406 1928 3443 Remenfis
1952 3404 2073 3449 Archi·⁴

1601 3455 1635 3489 Ο
1671 3467 1695 3491 0
1945 3455 2022 3501 Epi-

1191 1559 1296 1604 orcsuo
1320 1560 1486 1593 laudatam
1500 1570 1613 1592 vocem
1637 1558 1910 1592 anathematizare
1931 1559 2076 1598 noluerit,
2098 1538 2193 1612 ἓρχξὲῑ

1194 1621 1330 1644 attamen
1334 1609 1443 1652 sedens
1459 1611 1629 1643 &audiens
1645 1633 1655 1648 ,
1689 1608 1866 1641 Dorotheum
1886 1618 1919 1641 ut
1942 1608 1993 1641 boc
2004 1610 2077 1642 dice·
2099 1617 2208 1646 c0n.c.
2222 1625 2257 1651 14
