2340 3736
375 93 476 151 '238

996 97 1458 144 Ari-eunii:

277 173 351 218 ipso
363 171 445 207 Asta
459 197 469 212 ,
494 184 532 206 ac
544 170 672 218 integer
693 170 811 209 denen
827 173 980 211 faciendo
1003 177 1044 211 ad
1066 175 1173 210 Nica-2
1191 177 1195 187 ’
1230 176 1398 221 eleganter
1418 179 1453 213 in
1475 181 1534 214 suo
1562 181 1715 227 suffragio
1739 181 1870 219 vocavit
1891 179 2020 217 Melioris
2043 188 2120 222 vite

278 235 361 257 num
388 221 582 265 Symbolum
608 223 836 260 additamento
862 227 980 261 Canon
997 251 1006 266 ‚
1033 226 1074 258 de
1102 237 1169 268 quo

275 273 458 308 Dioscorus
479 274 524 307 est
538 273 754 309 interlocutus
767 289 778 310 :
805 276 952 316 Existimo
962 275 1170 317 omnibuspla-

277 335 343 358 cere
363 335 421 367 que
442 322 519 366 sunt
537 322 669 366 exposita
687 327 708 358 ἃ
722 324 836 369 sanHis
866 325 1032 365 Patribus,
1058 330 1110 367 qui
1137 330 1169 358 in

276 378 380 416 Nicea
391 375 463 408 olim
484 380 652 418 congregati
669 374 742 418 fiant
756 401 771 416 ,,
793 387 849 418 que
869 377 904 409 (θ’
924 375 1114 416 confirmavit
1135 377 1169 408 (5³

273 422 339 469 sola
353 434 453 458 tenere
463 423 603 466 definivit
613 435 668 467 quf
682 425 727 458 hic
739 425 855 469 Ephesi
865 426 986 468 pridem
1004 423 1114 467 sancqa
1125 427 1145 456 5
1139 438 1169 463 5-

275 476 370 509 nodus
381 474 498 508 colleHa
507 473 545 515 est
555 498 567 516 ,
594 478 656 508 Deo
664 476 807 508 amabilia
822 477 857 508 (Ὗ
866 474 1046 518 sufficienter
1059 474 1170 507 haben-

276 531 324 559 tia
338 550 346 557 .
373 526 465 567 ,Quid
475 524 559 558 vobis
570 526 712 559 videtur?
739 523 938 568 Unusquisque
948 526 1065 567 qualem
1078 524 1168 558 babet

277 576 465 610 voluntatem
475 599 487 616 ‚
509 573 564 618 sub
571 574 696 619 scrIptIs
713 577 794 608 dicat
806 600 813 606 .
839 580 914 607 Non
923 581 1002 609 enim
1019 576 1166 618 possumus

276 624 341 660 baec
351 634 403 658 aut
411 636 531 667 querere
541 634 594 658 aut
603 625 767 659 retrudare
780 649 787 656 .
809 627 840 657 sz·
865 629 936 659 vero
948 627 1059 668 aliquis
1070 630 1168 668 inqui-

271 673 377 717 [iverit
388 677 469 709 ultre}
482 675 556 717 ista,
585 687 641 717 que
661 675 743 708 ailla
758 675 834 718 sunt
847 700 858 715 ,
886 677 921 710 ό*
944 677 1106 716 ordinata,
1131 677 1165 709 (5·

271 726 454 770 placuerunt
464 750 476 767 ‚
502 724 678 766 nonnejuste
685 723 848 768 subjacebit
859 728 988 759 Patrum
993 725 1165 770 sententie?

275 780 368 810 Dicat
381 781 469 821 igitur
479 773 674 821 unusquisque
692 775 821 818 vestrum
833 799 844 817 ,
863 775 894 820 fi
914 778 980 818 eJ'us
1002 776 1041 816 est
1062 776 1165 810 volun-

271 835 350 861 tatis
364 852 370 858 .

323 876 454 912 Primus
464 877 654 923 suffragium
674 876 760 912 dixit
783 875 969 911 Thalamus
988 876 1164 910 Caesareen-

271 926 334 968 sis,
358 926 492 962 laudans
505 929 679 963 Nicaenum
701 927 895 969 Symbolum
909 952 920 967 ,
949 926 1164 970 Ephesinum-

265 988 338 1020 <que
356 977 396 1012 de
408 989 478 1012 non
503 977 656 1012 addendo
678 977 852 1011 Canonem
866 1001 876 1018 ,
903 978 938 1011 ἀ
960 977 1162 1022 adjungens.

270 1030 337 1060 Eos
349 1053 359 1068 ,
386 1034 438 1070 qut⁴
466 1032 616 1061 contraria
635 1033 675 1060 iis
696 1025 825 1069 sapiunt
851 1049 861 1065 ,
885 1027 1036 1060 abominor
1050 1052 1061 1068 ,
1091 1026 1163 1069 ficut

264 1075 418 1121 solventes
429 1078 543 1111 reblam
556 1077 647 1119 fidem
660 1102 667 1108 .
694 1075 795 1124 Qiod
822 1076 984 1120 judicium
1003 1078 1036 1112 ὅ(
1058 1078 1161 1111 caeteri

269 1127 425 1170 Episcopi
437 1127 688 1161 confirmarunt.
716 1127 831 1161 Etiam
852 1126 1000 1170 Julianus
1025 1127 1162 1161 Coenfis

271 1177 453 1221 Episcopus
464 1202 476 1218 ‚
501 1177 605 1211 Sansti
621 1177 747 1211 Leonis
759 1177 853 1220 Papae
867 1177 1019 1212 Vicarius
1041 1189 1078 1212 ac
1100 1178 1159 1212 Le-

267 1237 386 1272 gatus·‚
415 1232 476 1269 Hec
486 1237 567 1262 tenet
578 1227 736 1270 Apostolica
758 1229 848 1262 Sedes
861 1252 868 1259 .
896 1228 941 1262 Et
965 1228 1033 1271 ejus
1055 1228 1166 1263 Colle·

267 1288 310 1322 ga
323 1277 460 1312 Hilarus
473 1278 645 1312 Diaconus
657 1291 668 1311 .·
695 1280 776 1321 .Quae
788 1286 881 1321 nuper
891 1279 967 1312 Iec‘la
975 1277 1046 1321 sunt
1059 1280 1095 1312 de
1101 1277 1162 1320 fide

263 1330 387 1371 prolata
397 1352 408 1368 ,
434 1338 498 1361 tam
508 1340 564 1371 que
574 1334 606 1361 in
618 1333 655 1361 N
656 1334 717 1370 icea
730 1327 768 1368 est
779 1327 908 1370 exposita
922 1352 934 1369 ,
959 1340 1051 1371 quam
1062 1341 1118 1371 que
1142 1329 1161 1360 ἃ

263 1376 374 1422 [αηᾶα
384 1381 494 1417 synodo
513 1380 634 1420 pridem
656 1385 689 1411 in
711 1377 837 1420 prcfia
857 1384 984 1412 civitate
1004 1381 1025 1411 a
1042 1378 1160 1422 sanc'lis

269 1429 419 1461 Patribus
433 1428 606 1470 confirmata
617 1427 655 1468 est
667 1453 678 1468 ,
704 1427 863 1471 apostolica
875 1431 965 1462 sedes
977 1430 1011 1463 (τ
1028 1430 1110 1462 docet
1127 1431 1161 1463 (Ὗ

268 1488 434 1513 veneratur
448 1480 464 1519 ξ
479 1484 540 1520 Ηςσ
549 1482 618 1523 ergo
624 1477 685 1521 scio
691 1477 866 1521 sanllorum
877 1481 1004 1512 Patrum
1025 1477 1161 1522 consima-

266 1539 299 1563 re
313 1528 499 1573 dogmatibus
514 1542 522 1562 z
548 1533 621 1561 Haec
630 1529 806 1569 &propriis
815 1553 825 1569 ,
854 1531 870 1561 ὸ
883 1540 938 1561 vor
948 1531 968 1561 5
969 1527 1137 1571 andis-rimi
1150 1553 1160 1569 ‚

266 1579 380 1612 litteris
394 1603 405 1619 ,
429 1589 507 1621 quas
539 1580 584 1611 ad
598 1590 653 1611 vos
674 1576 838 1618 destinavit
850 1603 860 1619 ‚
889 1578 1048 1620 apostolica
1072 1580 1159 1612 Sedes

1222 229 1450 268 spromfflonem.
1490 229 1627 265 Peffime
1662 233 1697 266 in
1724 235 1784 268 suo
1810 235 1963 279 suffragio
1989 236 2121 270 excessit

1230 276 1409 320 Olympius
1423 277 1609 314 Evazorum
1622 282 1800 327 Episcopus
1815 308 1826 325 ,
1851 285 2051 319 Dioscorum
2060 297 2121 320 vo-

1229 338 1306 361 cans
1322 328 1450 370 synodi
1471 328 1659 370 Praesidem,
1685 331 1854 376 Primum,
1881 334 2013 369 Patrem
2040 334 2120 380 Epi·

1231 377 1402 421 scoporum
1414 401 1425 417 ‚
1455 378 1737 423 Archi-Epifiopum
1759 384 1977 428 universalem.
2007 386 2118 429 Hujus

1229 428 1320 462 vocis
1331 429 1442 463 nescio
1453 429 1645 462 memoriam
1654 429 1861 467 vetustiorem
1874 458 1881 466 .
1909 435 1953 469 Et
1976 434 2056 470 hinc
2066 436 2117 471 di-

1229 478 1279 512 sce
1290 480 1419 512 causam
1432 503 1444 522 ‚
1469 490 1510 513 ex
1520 491 1583 523 qua
1594 480 1732 514 titulum
1750 481 1847 515 istum
1867 484 1985 519 Sancto
2006 487 2117 521 Leoni

1227 526 1385 562 Pontifici
1407 528 1606 573 adscripserit
1643 527 1916 566 Chalcedonensis
1937 535 2116 577 synodus,

1228 579 1376 612 curitem
1398 579 1533 613 sanetus
1556 580 1627 614 Leo
1652 582 1821 615 refutarit.
1849 582 2024 619 Honorem
2046 598 2119 622 om·

1230 639 1304 662 nem
1320 653 1330 669 ,
1356 628 1453 672 'quem
1467 629 1700 665 latrocinaliter
1714 630 1798 675 apud
1813 630 1978 675 Ephesum
1988 633 2046 668 sibi
2067 648 2118 671 ar-

1226 687 1354 722 rogarat
1366 679 1514 713 tumidus
1523 681 1723 722 Dioscorus,
1750 681 1879 716 laudata
1891 682 2044 725 Synodus
2063 685 2118 720 de·

1227 728 1330 762 latum
1342 729 1449 763 voluit
1463 730 1639 770 Romano,
1665 733 1720 766 cui
1742 733 1898 766 veraciter
1918 731 2118 776 debebatur,

1229 778 1412 822 Episcopo;
1440 790 1472 814 at
1485 780 1540 815 ille
1550 780 1647 815 duxit
1659 793 1728 816 non
1746 782 1985 826 acceptandum
2006 784 2053 818 ob
2070 796 2118 820 ra-

1226 829 1335 863 tiones
1346 830 1405 863 suo
1419 829 1496 864 loco
1508 830 1678 874 productas
1687 844 1729 867 ex
1739 833 1856 867 Sansto
1868 833 2033 878 Gregorio
2043 834 2118 869 Ma-

1225 890 1314 924 gno.
1344 879 1484 914 Ultimo
1496 881 1630 915 tandem
1641 882 1916 927 locosuffragatus
1938 883 1983 918 est
2006 885 2118 928 &ipse

1226 930 1427 964 Dioscorus:
1456 930 1611 965 Aliorum
1633 932 1781 977 suffragia
1806 933 1977 968 dumtaxat
1998 935 2116 969 confir-

1227 980 1329 1013 mavit
1346 1003 1357 1020 ‚
1380 979 1526 1024 qudipte
1548 982 1748 1025 iniquissima
1771 983 1807 1016 in
1828 983 1961 1023 Deum,
1990 985 2115 1021 Roma-

1226 1041 1301 1064 nam
1314 1030 1514 1072 Ecclesiam,
1539 1032 1573 1066 &
1595 1032 1751 1067 Samium
1774 1033 1969 1067 Flavianum
1996 1033 2117 1070 Atten-

1225 1090 1292 1115 tata
1307 1079 1472 1115 videretur
1485 1092 1553 1116 non
1567 1082 1691 1117 cudisse
1705 1093 1741 1117 ut
1751 1084 1875 1128 primus
1884 1085 2012 1118 auster.

1884 1246 2128 1257 -—-———-

1283 1371 1514 1417 Haereticum
1528 1377 1534 1385 ”
1547 1370 1762 1437 Eutychetis
1795 1371 2055 1437 monasterium

1365 1439 1579 1507 absolvitur
1625 1445 1677 1490 ab
1709 1441 1970 1508 Ecclesiastico

1555 1511 1776 1561 bzterdibio.

265 1627 411 1671 inseruit,
439 1639 515 1671 quas
530 1627 562 1670 fi
572 1627 719 1671 juffeiitis
740 1633 885 1668 recitari,
919 1626 1090 1671 cognossem
1110 1629 1161 1672 esse
1226 1643 1229 1646 ⁴

266 1677 409 1722 consonas
427 1684 573 1713 veritati.
604 1678 652 1712 At
665 1678 739 1713 istas
747 1678 859 1713 audire
870 1678 993 1714 litteras
1005 1680 1159 1714 Dioscori

270 1730 389 1772 scopus
401 1741 469 1764 non
479 1728 689 1774 permittebat
699 1754 707 1761 .

316 1779 412 1814 Hinc
436 1779 477 1814 ad
500 1778 743 1823 Eutychetem‚
769 1777 932 1824 lesiosque
946 1779 1014 1823 ejus
1032 1778 1161 1814 libellos

262 1831 406 1874 perrexit
418 1830 601 1864 Dioscorus
613 1854 624 1870 ‚
651 1830 869 1864 interlocutus
886 1844 897 1864 .·
923 1830 1092 1872 Manifestis
1107 1829 1161 1872 fa-

263 1880 324 1913 :¹711
339 1904 350 1920 ,
375 1892 443 1922 quae
453 1879 664 1923 relec‘lasunt‚
685 1882 788 1914 dicant
800 1878 1161 1924 fingulipraesentessan-

265 1930 308 1963 c‘li
320 1929 460 1974 Episcopi
473 1954 482 1970 ‚
509 1931 650 1973 quomodo
660 1928 759 1972 sciunt
782 1931 1077 1964 Archi-Mandatum
1097 1934 1161 1963 Eu-

256 1980 367 2019 >sychen
391 1981 528 2022 credere,
556 1982 590 2014 Θ
610 1982 686 2023 quid
704 1982 742 2013 de
761 1992 792 2013 eo
810 1981 969 2014 ordinant.
1008 1980 1160 2022 Primus,

264 2039 344 2065 ante
355 2032 528 2065 Domuum
541 2030 640 2065 etiam
651 2029 874 2064 Patriarcham
893 2029 1162 2071 Antiochenam,

264 2080 458 2125 :suffragium
471 2081 557 2114 dixit
568 2079 735 2124 Juvenalis
759 2080 1002 2124 Hierosolymae
1024 2081 1161 2124 Episco-

263 2141 344 2175 pus:
367 2132 444 2164 Cum
449 2129 625 2173 frequenter
645 2128 839 2171 confiteatur,
863 2133 896 2163 eb
919 2132 1001 2173 quod
1017 2130 1162 2174 sequatur

265 2181 472 2224 expositionem
482 2179 552 2222 fidei
565 2205 575 2223 ‚
602 2192 671 2224 quae
681 2186 714 2213 in
736 2184 848 2214 Nicaea
868 2179 975 2214 habim
986 2180 1045 2223 est,
1069 2183 1104 2215 (τ’
1127 2193 1163 2215 ea

265 2242 334 2274 quae
350 2233 438 2276 prius
459 2237 493 2264 in
516 2243 621 2274 magno
642 2232 771 2263 Concilio
792 2231 879 2272 apud
906 2229 1062 2274 Ephesum
1081 2231 1162 2276 gesta

264 2280 358 2327 sunt,
384 2281 534 2320 Eutychen
557 2281 751 2315 orthodoxum
756 2278 872 2324 summ?
884 2281 935 2324 effe
958 2287 990 2314 tn
1001 2281 1050 2314 bis
1063 2307 1073 2322 ,
1095 2293 1162 2324 quae

267 2330 382 2366 locutus
395 2331 454 2373 est,
480 2337 621 2373 comperi.
647 2334 694 2364 Et
710 2342 759 2375 ego
772 2340 872 2364 autem
906 2332 1028 2365 decerno
1047 2334 1081 2365 (5
1098 2333 1164 2366 volo

267 2394 337 2418 eum
351 2388 382 2415 in
389 2380 440 2425 suo
450 2381 618 2422 monasterio
638 2383 743 2425 degere
756 2405 767 2421 ,
795 2383 830 2416 ὁ·
851 2386 883 2413 in
901 2388 1023 2424 proprio
1041 2383 1140 2426 gradu
1155 2407 1162 2415 .

258 2434 317 2469 'Et
327 2432 495 2467 latronum
520 2443 600 2476 grex
621 2431 840 2465 exclamavit:
870 2435 930 2465 Hoc
942 2431 1058 2473 justum
1078 2433 1163 2474 Judi-

257 2488 367 2519 rium.
394 2482 439 2516 Et
465 2481 586 2527 singuli
613 2482 678 2515 suis
713 2481 873 2525 suffragiis
900 2482 1164 2516 confirmarunt.-

267 2533 384 2568 Etiam
411 2532 569 2566 Domnus
604 2528 790 2565 Patriarcha
818 2529 1071 2577 Antiochenus‚
1096 2533 1163 2566 Ste-

267 2582 398 2628 phanus
418 2581 603 2625 Ephefinus
616 2606 627 2622 ,
654 2580 790 2616 Basilius
809 2580 1037 2620 Seleuciensis,
1067 2582 1163 2616 Euse-

267 2634 345 2669 bius
365 2633 585 2677 Ancyranus,
610 2632 744 2666 Sanctus
766 2631 923 2666 Seleucus
942 2631 1161 2675 Metropolita

269 2683 473 2719 Amasenus.

322 2734 434 2768 Etiam
445 2733 676 2769 Romanorum
696 2733 899 2778 Legatorum
922 2731 1044 2767 amicus
1063 2741 1162 2777 atque

269 2784 427 2828 interpres
448 2809 460 2826 ‚
499 2784 685 2819 Florentius
719 2783 943 2827 Metropolita
978 2783 1138 2818 Sardenfis
1150 2796 1161 2816 .-

272 2838 340 2879 .Ego
354 2834 462 2877 fimilia
476 2834 718 2878 praecedentibus
740 2833 885 2874 decerno,
914 2834 1047 2867 decorari
1070 2837 1160 2871 Euty-

273 2884 346 2918 chen
356 2891 470 2919 nomine
483 2886 662 2924 Presbyteri}
670 2908 682 2925 ‚
708 2884 743 2917 (¹9⁸
747 2883 870 2926 praeeffe
877 2882 901 2927 s
895 2885 1040 2917 ecundum
1047 2891 1160 2926 praece-

274 2935 393 2968 dentem
417 2934 652 2979 consuetudinem
667 2932 882 2976 fraternitati.
909 2932 1059 2968 Vocibus
1074 2958 1085 2974 ‚
1112 2936 1160 2967 Se-

274 2986 404 3019 eundum
420 2987 636 3026 praecedentem
644 2982 880 3027 consuetudinem
891 3008 902 3024 ,
913 2984 989 3016 usus
1000 2984 1045 3018 est
1058 2983 1158 3018 etiam

274 3032 477 3069 Athanasius
498 3036 644 3079 Opuntis
664 3035 699 3068 in
722 3032 852 3076 Achaja
873 3033 1074 3078 Episcopus,
1099 3034 1160 3067 uti-

274 3095 341 3128 que
365 3084 542 3126 desumptis
560 3096 603 3119 ex
624 3094 741 3129 quarto
765 3084 908 3118 Canone
928 3082 1158 3118 Antiocheno.

274 3134 326 3169 Ita
347 3134 453 3178 liquet
474 3134 628 3169 Canones
648 3135 724 3169 illos
743 3143 825 3168 tunc
846 3142 884 3168 ut
903 3132 1157 3169 authenticosin

273 3185 404 3219 Graecia
415 3184 554 3229 viguisse
564 3209 573 3216 .
602 3184 692 3218 Nam
709 3185 743 3218 δι
755 3184 851 3218 illum
864 3185 1045 3219 canonum
1057 3184 1159 3218 Codi-

275 3245 347 3269 cem
358 3259 370 3274 ,
395 3245 495 3280 quem
503 3233 612 3276 ssraeci
623 3243 744 3267 vocant
754 3233 916 3270 Codicem
928 3233 1076 3269 Ecclesiae·
1087 3234 1158 3269 uni-

276 3285 394 3325 uersae,
418 3284 560 3328 &aquo
572 3283 726 3318 Canones
736 3283 787 3316 illi
808 3285 858 3320 uti
882 3284 1064 3319 authentici
1086 3296 1158 3329 pro-

276 3332 416 3373 bantur,
438 3334 573 3378 quidam
584 3333 705 3368 volunt
715 3334 933 3376 compositum
951 3335 969 3368 a
990 3334 1156 3378 Stephano

276 3381 492 3429 Ephesiorum
513 3384 676 3427 Episcopo
697 3382 763 3426 jam
781 3393 982 3418 memorato.
1011 3385 1158 3428 Julianus

274 3431 452 3478 :rabienfis
479 3433 660 3481 Episcopus
680 3432 898 3471 monasticam
930 3434 1156 3480 professionem

1334 1680 1394 1716 Ine
1407 1682 1588 1726 processum
1608 1681 1651 1715 est
1671 1681 1713 1716 ad
1737 1681 1932 1727 Eutychetis
1951 1685 2114 1721 monaste·

1359 1733 1443 1766 rium
1456 1733 1488 1766 &
1499 1731 1682 1767 monachos
1693 1757 1703 1773 ‚
1731 1734 1890 1776 lectusque
1914 1736 2056 1777 ipsorum
2078 1736 2119 1770 li-

1225 1781 1329 1816 bellus
1344 1806 1354 1821 ,
1380 1781 1421 1815 ab
1449 1793 1519 1816 uno
1551 1780 1772 1825 Presbytero,
1790 1782 1905 1818 decem
1928 1786 2111 1826 Dinonis,

1224 1831 1328 1866 tribus
1339 1831 1574 1872 Subdiaconis,
1597 1843 1635 1865 ac
1647 1833 1769 1876 viginti
1790 1834 1824 1873 ,δε
1836 1845 1905 1867 uno
1929 1835 2022 1868 laicis
2041 1846 2111 1869 mo-

1225 1881 1338 1916 nachis
1350 1881 1543 1925 subscriptus
1553 1905 1565 1921 ,
1594 1881 1781 1924 habensque
1792 1883 1899 1927 capita
1912 1884 1998 1918 varia
2009 1909 2016 1916 .
2041 1884 2111 1919 Pri-

1225 1931 1302 1972 mo,
1328 1931 1420 1975 ajunt
1447 1933 1511 1966 sese
1545 1931 1728 1966 monachos
1754 1943 1893 1967 numero
1919 1944 2108 1976 trecentos,

1224 1993 1340 2016 omnes
1349 1981 1525 2025 opulentos
1537 1983 1622 2019 olim
1635 1983 1668 2016 in
1681 1983 1794 2016 saeculo
1804 1984 1838 2016 ὃς
1848 1994 1967 2026 genere
1977 1985 2082 2019 claros
2093 2010 2105 2025 ,

1226 2033 1283 2076 qui
1305 2032 1544 2076 cognationes,
1568 2032 1723 2072 divitias,
1748 2032 1906 2066 diversam
1927 2034 2083 2068 militiam
2097 2058 2109 2074 ‚

1225 2080 1367 2116 humana
1379 2083 1493 2116 omnia
1505 2083 1682 2126 spreverint
1693 2105 1706 2121 ,
1729 2083 1763 2116 &
1772 2084 1872 2127 usque
1882 2082 1947 2117 huc
1962 2084 2108 2118 vixerint

1226 2130 1416 2166 sanstiffime
1429 2155 1440 2171 ,
1466 2131 1525 2166 sub
1536 2130 1724 2177 dogmatica
1736 2130 1769 2165 &
1781 2133 1959 2174 mona-stica
1969 2131 2111 2178 discipli-

1227 2194 1267 2216 na
1281 2180 1580 2216 Archi-Mandritae
1601 2181 1812 2225 Eutychetis.
1837 2182 2013 2223 Secundo,
2038 2195 2110 2228 gra-

1227 2231 1352 2266 vissime
1361 2239 1540 2275 queruntur
1553 2233 1587 2267 δε
1606 2233 1692 2267 varie
1709 2231 1751 2267 de
1769 2232 1932 2277 Episcopo
1954 2234 2012 2267 suo
2035 2235 2110 2269 Fla-

1226 2283 1342 2316 viano.
1365 2282 1500 2323 Primo,
1527 2282 1618 2327 quod
1645 2292 1785 2326 paternae
1809 2283 1844 2316 in
1872 2284 1959 2328 ipsos
1980 2284 2112 2327 pietatis

1225 2332 1370 2373 oblitus,
1397 2332 1566 2367 laudatum
1588 2331 1906 2367 Archi-Mandritam
1932 2334 2109 2368 calumniis

1225 2382 1502 2426 circumscriptum
1520 2381 1563 2417 de
1579 2381 1682 2417 haeresi
1701 2384 1736 2417 &
1757 2382 1955 2426 blasphemia
1975 2382 2111 2418 damna-

1227 2434 1267 2467 rit
1278 2457 1290 2474 ‚
1316 2443 1383 2466 non
1399 2433 1462 2466 alia
1474 2433 1514 2466 de
1522 2433 1615 2466 causa
1627 2456 1637 2473 ,
1665 2433 1722 2465 nisi
1735 2431 1826 2474 quod
1843 2433 1960 2475 ejerare
1986 2435 2111 2468 recusa·

1226 2486 1269 2517 rit
1287 2482 1461 2516 Nicaenum
1486 2481 1681 2525 Symbolum
1705 2491 1803 2525 prout
1827 2484 2060 2518 confirmatum
2088 2484 2109 2519 Ξ

1226 2532 1364 2576 Synodo
1375 2531 1536 2575 Ephefina
1550 2556 1558 2564 .
1587 2531 1739 2566 Secundo
1752 2556 1763 2572 ‚
1772 2532 1863 2574 quod
1873 2532 2106 2569 Theodosium

1224 2581 1455 2626 Presbyterum
1475 2593 1549 2616 cum
1564 2581 1700 2616 Clericis
1710 2582 1782 2615 aliis
1801 2580 1840 2616 ad
1855 2583 1939 2626 ipsos
1961 2584 2112 2625 miserit,

1226 2633 1283 2676 qui
1298 2643 1434 2667 omnem
1445 2632 1519 2676 ipsis
1531 2643 1607 2666 cum
1618 2631 1815 2675 EUtychete,
1821 2633 1871 2667 uti
1883 2633 2063 2679 degradato
2074 2634 2111 2668 δε

1223 2682 1402 2722 damnato,
1427 2683 1702 2717 communionem
1721 2682 1927 2717 interdiceret
1950 2707 1961 2724 ‚
1980 2685 2014 2718 δε
2039 2694 2111 2719 mo·

1226 2733 1355 2767 nasterii
1377 2733 1568 2773 facultates,
1595 2744 1675 2777 quas
1694 2733 1762 2777 ipse
1774 2733 1831 2767 sub
1841 2741 2017 2777 pauperum
2027 2735 2107 2767 fuco

1226 2783 1403 2818 venabatur
1415 2808 1425 2823 ‚
1437 2782 1584 2816 adversus
1595 2794 1671 2817 eum
1690 2794 1814 2818 curaret
1825 2782 1979 2818 custodiri
1989 2801 2002 2808 -
2025 2783 2109 2818 Ter·

1224 2833 1274 2868 tio
1286 2859 1297 2874 ‚
1322 2833 1412 2878 quod
1427 2833 1490 2867 sese
1502 2832 1577 2867 huic
1589 2833 1744 2867 mandato
1757 2845 1865 2876 parere
1877 2833 2026 2869 nolentes
2036 2834 2108 2877 silp-

1225 2884 1367 2928 posuerit
1392 2883 1825 2925 Ecclefiasticointerdisto,
1851 2893 1950 2928 atque
1966 2883 2012 2919 ita
2036 2894 2110 2918 mo·

1224 2933 1484 2974 nasteriialtare‚
1510 2934 1565 2966 sex
1575 2934 1792 2967 anteinsidias
1804 2933 1965 2968 mensibus
1984 2933 2109 2978 abipso

1224 2986 1470 3024 consecratum,
1507 2983 1659 3018 manserit
1683 2985 1784 3027 usque
1803 2983 1868 3018 huc
1888 2983 1956 3018 sine
1977 2984 2114 3018 Divino

1224 3034 1408 3070 Sacrificio.
1435 3034 1676 3074 Lamentantur
1688 3034 1883 3068 Flavianum
1903 3032 1966 3069 hac
1988 3034 2024 3069 in
2044 3032 2108 3068 ini-

1224 3085 1352 3128 quitate
1379 3083 1473 3118 fuiffe
1495 3084 1756 3124 inexorabilem,
1781 3084 1847 3119 sese
1866 3085 1901 3119 in
1927 3082 1992 3118 hoc
2016 3082 2106 3117 mise·-

1224 3134 1327 3175 rando
1339 3132 1502 3168 schemate
1513 3135 1657 3169 manfiffe
1677 3145 1733 3177 per
1755 3145 1879 3169 novem
1899 3133 2041 3170 menses,
2066 3131 2104 3165 in

1222 3184 1340 3218 eodem
1351 3182 1576 3218 damnationis
1587 3184 1675 3218 lustu
1687 3183 1840 3218 tranfiiffe
1852 3181 2027 3223 Dominice
2039 3181 2105 3215 Na-

1222 3234 1380 3274 tivitatis,
1419 3232 1613 3277 Epiphaniae
1636 3258 1648 3275 ,
1684 3234 1862 3272 Paffionis,
1898 3243 1936 3267 ac
1957 3230 2105 3265 Resurre-

1223 3284 1341 3320 &ionis
1352 3284 1466 3324 Festa,
1493 3284 1529 3317 in
1552 3295 1695 3329 quorum
1716 3281 1884 3327 posteriori
1906 3280 2025 3325 quaevis
2045 3281 2105 3314 cri-

1223 3336 1312 3369 mina
1322 3334 1440 3368 donari
1454 3333 1560 3368 solent
1572 3334 1615 3368 ab
1628 3333 1818 3378 Episcopis‚
1843 3330 1905 3364 &a
1927 3330 2016 3365 laicis
2037 3331 2105 3364 Im-

1223 3383 1422 3429 peratoribus
1432 3383 1538 3427 quivis
1559 3394 1700 3418 carceres
1721 3380 1853 3424 aperiri.
1884 3379 1988 3422 Ajunt
2011 3380 2106 3425 quos-

1222 3436 1298 3471 dam
1309 3435 1409 3471 etiam
1422 3446 1463 3470 ex
1475 3435 1533 3469 suo
1544 3434 1672 3480 gremio
1690 3432 1727 3468 in
1746 3429 1812 3471 hoc
1833 3431 1921 3479 quasi
1942 3428 2104 3489 damnata

1995 3491 2054 3517 im-
