2340 3736
580 134 901 186 Senotns,
937 144 1001 173 er
1037 142 1215 174 Nous
1246 141 1634 174 utus-raam.
1708 170 1712 173 a
1918 131 1986 191 87

212 220 411 257 Canonem,
440 217 501 250 suo
523 214 599 249 loco
618 212 748 247 ostendi
769 236 775 244 .
801 211 908 246 Porro
929 212 1024 257 longi
1045 211 1097 247 isti
1164 208 1241 245 vero
1263 209 1393 244 adduc'ti
1412 208 1569 247 Canones
1587 211 1766 256 loquantur
1784 224 1901 248 omnes
1920 212 1962 249 de
1981 216 2058 250 solis

212 265 369 305 monachi
390 277 482 301 erant
502 264 603 304 laici,
627 261 767 306 ideoque
785 261 900 296 harum
920 262 1100 297 litterarum
1165 261 1302 296 Clericis
1323 285 1333 301 ‚
1370 259 1464 296 fuisse
1487 269 1596 294 tamen
1617 263 1651 296 &
1672 262 1874 309 peregrinam
1895 264 2056 300 laicorum

212 318 355 355 defectus
372 316 477 352 etiam
501 314 622 352 laicum
642 312 803 351 advenam
829 311 1037 361 suspendebat
1058 312 1100 347 ab
1166 312 1439 349 communionem
1449 318 1537 354 patet
1548 310 1677 346 abunde
1692 325 1734 347 ex
1746 313 1857 348 dietis.

212 366 432 404 Eucharistia.
1214 359 1374 396 Notanda
1398 362 1474 400 sunt
1497 359 1593 395 Verbi!
1616 360 1744 403 Synodi
1766 363 1942 411 Regenfis:
1968 367 2054 401 Pere-

239 451 244 454 ,
262 417 357 451 Hinc
376 417 524 462 intellige
535 440 546 455 ‚
572 414 651 460 quid
662 416 699 450 fit
709 414 901 453 communio
912 414 1079 458 peregrina
1091 435 1102 451 ‚
1159 417 1252 457 grina
1272 417 1470 446 communione
1480 410 1637 455 foveatur:
1647 411 1807 448 Solatium
1816 439 1828 455 ,
1842 425 1911 449 non
1924 426 2055 459 poenam

40 488 69 517 c
137 486 143 489 -
211 466 256 502 de
274 478 336 509 qua
357 467 512 511 Synodus
523 466 701 512 Regenfis,
725 463 874 510 agensde
886 462 1100 500 ,Armentario
1165 463 1363 506 important.
1390 459 1633 511 Distinguenda
1654 461 1745 495 enim
1765 464 1813 497 est
1833 464 1955 508 duplex
1964 476 2056 511 pere-

70 494 144 525 εκ·
212 517 447 563 Etr-Episcopo
469 516 690 554 Ebredunenfi
711 540 720 548 .
753 518 936 555 Cuicumque
955 511 1101 556 Episcopo
1164 513 1257 558 grina
1278 513 1492 547 communio:
1519 511 1599 548 Alia
1623 510 1659 546 in
1680 522 1813 558 poenam
1834 515 1943 562 infligi
1953 541 1977 558 ‚v
1990 514 2055 551 alia

139 608 141 610 ,
212 567 304 603 liceat
311 572 337 603 ei
347 581 438 604 unam
442 568 570 612 suarum
582 565 794 601 Parochiarum
806 562 965 605 Ecclefiam
976 565 1078 597 cedere
1089 587 1100 604 ‚
1167 565 1201 596 in
1223 573 1323 608 poenae
1345 562 1497 598 solatium
1509 561 1673 609 indulgeri
1685 563 1857 599 consueta.
1884 567 1937 602 De
1951 566 2057 609 prima

105 622 111 631 ·
133 623 141 633 ·
213 623 248 652 in
268 629 330 660 qua
348 628 403 653 aut
422 615 625 662 chorepiscopi
634 620 768 655 nomine,
790 621 846 648 aut
855 619 1049 655 communione
1052 613 1103 655 fo·
1165 623 1268 657 agunt
1288 613 1441 657 Synodus
1453 610 1653 661 Agathenfis
1665 623 1703 648 ac
1715 612 1899 649 ilerdensis.
1927 615 2058 661 Regen-

212 676 325 702 matur
340 675 516 713 peregrina.
543 667 588 700 Et
607 662 762 708 Synodus
780 662 994 709 Agathenfis.
1023 668 1102 697 Con·
1167 664 1204 696 fis
1224 663 1266 697 de
1285 663 1456 706 posteriori
1479 689 1492 710 ,
1518 662 1677 702 mandans
1701 671 1740 700 ut
1761 662 1989 700 Armentarius
2010 665 2055 699 ob

211 727 346 754 tumaces
369 721 477 754 clerica
496 715 536 752 ab
551 714 698 760 ‚Epffcopo
706 719 906 758 corrigantur.
936 717 969 749 51‘
980 716 1101 757 officium
1167 712 1308 748 alienam
1325 713 1435 756 potitis
1448 738 1459 754 ‚
1485 725 1585 758 quam
1606 714 1770 760 propriam
1780 713 1911 759 culpam
1922 711 2057 759 ,dejectus

206 767 300 812 suum
324 771 446 813 implere
464 767 648 811 neglexerint
658 789 670 805 ‚
691 770 851 809 peregrina
870 772 915 801 eis
939 770 1101 799 communio
1166 763 1229 797 frui
1247 763 1342 811 poffit
1352 763 1456 808 gratia
1466 776 1523 809 per
1534 766 1682 801 ostavum
1694 764 1730 802 N
1733 764 1868 800 icaenum
1879 765 2058 800 Canonem

212 818 365 854 «tribuatur
386 843 399 861 ‚
422 819 471 854 1εᾶ
489 816 636 859 uncum
654 826 703 850 eos
720 821 898 858 poenitentta
920 820 1078 852 correxerit
1089 839 1100 856 ,
1168 814 1466 849 Novatianenfium
1476 814 1649 859 Episcopis
1669 814 1837 854 concessa,
1865 814 1899 851 id
1912 813 1957 848 est
1968 838 1979 855 ‚
2005 814 2060 848 fie-

212 867 349 912 rescriptl
367 874 400 901 in
415 865 576 903 matricula
578 867 713 911 gradum
717 864 806 910 suum
815 867 1050 910 dignitatemque
1057 876 1100 899 re·
1170 863 1197 897 ri
1219 862 1502 910 Chorepiscopus,
1527 873 1586 899 aut
1602 863 1707 911 gratia
1726 863 1975 908 decimiseptimi
1996 864 2063 899 Ca-

212 924 344 961 cipiunt.
372 919 418 952 Et
440 916 558 952 iterum
570 911 583 953 ξ
603 918 636 954 51·
653 922 718 959 quis
734 918 866 950 Clericus
871 915 992 958 furtum
1002 916 1101 949 Eccle·
1170 914 1268 948 nonis
1279 914 1472 951 Sardicenfis
1483 939 1495 955 ‚
1519 914 1609 952 idest
1620 936 1632 954 a
1656 915 1782 950 tractari
1794 923 1962 960 tamquam
1983 914 2061 959 Epi-

208 967 392 1012 fiaefecerit,
413 972 578 1012 peregrina
590 972 618 1004 ei
629 972 788 1004 communio
797 965 959 1003 tribuatur.
986 965 1031 1000 Et
1041 966 1099 1009 Sy·
1170 965 1284 1008 scopus
1306 963 1348 999 de
1369 963 1443 1002 sede
1462 964 1498 998 &
1518 965 1653 1001 civitate
1673 963 1728 1000 fixa
1751 965 1866 1009 inique
1885 964 2037 1008 expulsus
2051 991 2058 997 .

215 1018 324 1052 nodus
335 1016 502 1053 Ilerdenfis
511 1028 613 1063 agens
622 1016 664 1054 de
675 1016 807 1051 Clerico
817 1015 993 1054 criminoso
1005 1029 1017 1054 ,-
1043 1020 1103 1050 Vix
1171 1015 1271 1048 Hanc
1294 1015 1498 1062 peregrinam
1516 1015 1791 1053 communionem
1806 1017 1869 1051 effe
1878 1014 2014 1050 honoris
2024 1016 2060 1050 ὃς

34 1063 165 1102 (ἓΡ-Ιό·
208 1073 372 1114 peregrina
399 1075 427 1103 ei
444 1073 603 1106 communio
622 1068 820 1105 concedatur.
846 1067 928 1104 Hoc
943 1066 989 1100 est
1008 1090 1019 1106 ,
1045 1075 1105 1100 tra·
1170 1063 1276 1099 solatii
1286 1064 1435 1107 plenam,
1459 1065 1590 1101 ostendi
1600 1064 1641 1099 ad
1653 1064 1824 1100 laudatum
1836 1066 2059 1100 Sardicensem

215 1120 319 1153 stetur
341 1127 377 1152 ut
397 1119 544 1154 Clericus
553 1117 740 1165 peregrinus
750 1117 905 1163 Episcopi
916 1116 979 1151 suis
990 1116 1104 1150 litteris
1170 1116 1345 1150 Canonem
1364 1138 1375 1154 ‚
1401 1114 1613 1160 videndaeque
1632 1115 1707 1150 sunt
1726 1117 1822 1151 variae
1846 1115 2059 1151 Theodoreti

215 1179 286 1202 non
296 1168 545 1207 commendatus
561 1193 574 1211 ,
596 1168 728 1212 ejusque
737 1168 773 1207 in
784 1166 1005 1204 Ecclefiastica
1015 1177 1105 1203 com·
1170 1163 1327 1208 Epistola
1348 1163 1471 1207 scriptae
1489 1165 1526 1202 in
1537 1164 1861 1201 commendationem
1875 1166 2060 1210 Cypriani,

214 1219 377 1254 munione
396 1217 516 1256 habeat
537 1218 676 1267 gradum
697 1219 733 1253 &
752 1218 871 1255 sortem
884 1241 892 1250 .
918 1216 976 1254 Est
994 1215 1105 1261 regula
1171 1213 1321 1254 Africani
1335 1213 1512 1258 Episcopi,
1536 1214 1555 1251 a
1567 1214 1740 1250 Wandalis
1749 1215 1837 1258 ejeffi
1853 1241 1860 1248 .
1888 1215 2061 1259 Ejusmodi

218 1267 363 1302 traducta
379 1278 421 1303 ex
435 1269 591 1305 Romana
603 1267 785 1313 Republica
796 1292 804 1300 .
829 1266 921 1305 Nam
931 1266 1106 1301 Svetonius
1174 1265 1362 1310 peregrinos
1375 1264 1556 1309 Episcopos
1567 1266 1631 1299 effe
1640 1264 1682 1299 ad
1692 1266 1819 1309 Synodi
1830 1267 1991 1311 generalis
2001 1266 2062 1300 suf-

43 1335 106 1369 ις,
122 1340 198 1370 ως,
213 1316 433 1361 Tranquillus
447 1318 484 1356 in
509 1318 652 1356 Claudio
669 1317 822 1363 Augusto
833 1316 984 1352 meminit
994 1315 1036 1351 de
1045 1319 1105 1350 Reo
1171 1316 1312 1359 fragium
1336 1313 1526 1350 invitandos
1547 1313 1659 1353 scribit
1681 1315 1827 1351 Gelafius
1847 1315 2004 1351 Pontifex
2021 1316 2063 1351 ad

48 1377 94 1405 16.
217 1369 445 1413 Peregrinieaus
456 1392 467 1409 ‚
490 1367 526 1405 ἀ
543 1368 586 1404 de
596 1367 894 1411 Redafflonepoenalt
903 1372 1105 1412 inperegrt'ni-

214 1426 327 1455 ratem.
354 1418 513 1458 Romano
532 1416 648 1457 habitu
659 1430 697 1455 ea
708 1429 805 1464 poena
815 1415 981 1467 privabat.
1007 1416 1103 1457 Licet

2080 1242 2176 1279 Emz-
2189 1247 2233 1277 53·

1172 1365 1352 1409 Episcopos
1373 1365 1549 1400 Dardaniae
1569 1391 1577 1400 .
1610 1364 1722 1403 Aliam
1743 1364 1851 1403 adhuc
1871 1367 2062 1402 facultatem
2080 1358 2205 1397 Cap-37·

1171 1416 1219 1455 eis
1231 1416 1311 1452 facit
1320 1414 1474 1460 Synodus
1484 1415 1648 1453 Trullana
1660 1442 1667 1450 .

1116 1030 1126 1462 ψ

615 1709 1285 1784 CANON
1409 1711 1670 1788 XIV.

361 1887 556 1939 Uoniam
589 1888 637 1936 in
671 1886 928 1956 quibusdam
971 1890 1219 1939 Provinciis
1244 1888 1488 1940 concessum
1512 1889 1573 1940 est
1597 1888 1850 1940 Lectoribus
1875 1893 1919 1939 &
1946 1886 2063 1938 Psal-

384 1958 523 2009 mistis
560 1975 713 2008 uxores
750 1959 934 2021 ducere,
970 1959 1121 2009 statuit
1157 1958 1299 2010 santia
1335 1959 1536 2029 Synodus
1575 1978 1667 2010 non
1694 1961 1824 2009 licere
1854 1961 2068 2026 cuiquam

394 2047 449 2077 ex
483 2029 553 2080 his
589 2032 783 2099 accipere
817 2028 933 2080 seotae
967 2031 1147 2080 alterius
1183 2042 1359 2080 uxorem
1394 2067 1408 2080 .
1459 2032 1551 2103 Qi
1585 2029 1694 2082 vero
1729 2048 1781 2079 ex
1818 2028 2068 2096 hujusmodi

224 2099 433 2163 conjugio
468 2104 556 2165 jam
590 2098 706 2148 filios
740 2099 1039 2168 susceperunt,
1076 2101 1108 2150 fi
1142 2100 1324 2168 quidem
1359 2103 1569 2168 praeventi
1604 2098 1728 2159 sunt,
1764 2115 1813 2149 ut
1840 2117 1894 2148 ex
1921 2097 1963 2148 se
1992 2116 2066 2162 ge-

222 2169 309 2217 niti
345 2167 463 2235 apud
497 2169 724 2219 haereticos
760 2168 1113 2238 baptizarentur,
1149 2170 1302 2220 offerre
1337 2188 1412 2220 eos
1448 2168 1648 2221 Ecclefiae
1670 2170 1917 2219 Catholicae
1943 2186 2067 2218 com-

223 2239 423 2300 munioni
459 2241 721 2299 conveniet3
757 2257 848 2302 non
881 2240 1133 2308 baptizatos
1169 2256 1315 2290 autem
1351 2258 1443 2290 non
1477 2238 1595 2309 poffe
1629 2257 1705 2288 eos
1740 2239 1922 2290 ulterius
1947 2237 2067 2307 apud

222 2307 447 2357 haereticos
481 2307 710 2375 baptizare
744 2345 757 2358 .
795 2309 878 2358 Sed
914 2328 1057 2377 neque
1091 2311 1286 2378 copulari
1322 2308 1455 2359 debet
1491 2326 1679 2380 nuptura
1714 2310 1919 2360 haeretico
1938 2346 1952 2370 ‚
1989 2324 2066 2359 aut

214 2376 399 2444 Judae0,
435 2379 505 2428 vel
541 2382 718 2442 Pagano
739 2416 752 2439 ,
788 2380 866 2429 nifi
903 2380 1014 2430 forte
1051 2380 1231 2449 persona
1265 2381 1520 2432 orthodoxae
1555 2379 1804 2449 copulanda
1826 2381 2067 2450 promittat

221 2446 268 2497 se
302 2446 360 2498 ad
394 2446 687 2499 orthodoxam
723 2448 854 2499 fidem
889 2451 1122 2500 rransferre
1158 2488 1171 2500 .
1219 2454 1263 2501 Si
1297 2454 1396 2518 quis
1432 2453 1544 2502 hanc
1579 2450 1882 2502 definitionem
1918 2449 2067 2501 sanctae

223 2518 394 2586 Synodi
429 2516 700 2582 transgressus
736 2519 865 2570 fuerit
878 2557 892 2583 ,
926 2523 1194 2591 correptioni
1231 2524 1452 2572 canonicae
1487 2521 1750 2590 subjacebit.

378 2667 406 2712 S
439 2666 483 2712 C
519 2668 566 2713 H
598 2670 645 2714 0
679 2671 717 2717 L
751 2671 774 2717 Ῑ
807 2671 854 2716 0
886 2668 961 2717 N,
988 2672 992 2676 ”
1179 2669 1272 2705 liori.
1299 2669 1343 2704 Et
1358 2669 1392 2703 in
1405 2668 1490 2704 libro
1501 2669 1542 2704 de
1559 2668 1775 2715 monogamia
1784 2667 2010 2703 Tertullianus
2021 2666 2066 2703 ait

1177 2731 1313 2755 omnem
1335 2719 1464 2754 fidelem
1486 2719 1657 2755 foeminam
1676 2732 1718 2754 ex
1741 2719 1895 2763 Apostoli
1909 2718 2067 2753 mandato

1176 2769 1293 2805 debere
1313 2769 1437 2804 nubere
1456 2776 1489 2803 in
1509 2772 1651 2810 Domino,
1677 2770 1711 2804 id
1736 2770 1781 2804 est
1800 2794 1810 2810 ,
1836 2780 1893 2802 non
1916 2767 2066 2808 Ethm'co‚
2082 2767 2222 2804 C·53·67·'

227 2813 298 2897 F
310 2812 409 2847 Idelis
430 2824 505 2850 cum
515 2815 635 2862 gentili
645 2816 838 2862 conjugium
848 2818 970 2862 semper
980 2816 1114 2852 damna·
1172 2818 1229 2863 sed
1242 2820 1362 2862 fratrs,
1387 2820 1547 2864 quoniam
1567 2821 1666 2856 etiam
1687 2821 1737 2854 lex
1749 2826 1837 2854 vetus
1848 2820 1957 2852 adimit
1967 2819 2068 2860 eonju-
2083 2811 2130 2877 ἐξ·

325 2863 544 2900 vitEcclefia.
572 2868 691 2902 Statuit
703 2869 793 2903 enim
805 2868 958 2912 Synodus
977 2867 1127 2902 Eliberi-v
1173 2876 1228 2914 gia
1249 2870 1475 2913 allophylorum.
1505 2870 1550 2904 Et
1570 2871 1605 2904 in
1627 2870 1713 2905 libro
1736 2868 1777 2904 de
1796 2880 1920 2904 corona
1933 2868 2066 2903 militis.
2113 2857 2176 2879 '¹¹‘

229 2925 273 2948 na
287 2937 295 2946 .
322 2917 448 2959 Propter
466 2922 578 2957 copiam
595 2919 762 2958 puellarum
767 2919 930 2963 gentilibus
942 2920 1063 2952 minimi?
1081 2923 1114 2951 in
1178 2921 1247 2954 1deo
1266 2932 1325 2954 non
1348 2920 1485 2954 nubimus
1496 2920 1638 2955 Etbnicis
1650 2946 1660 2962 ‚
1688 2932 1725 2955 ne
1746 2932 1798 2955 nos
1821 2921 1863 2952 ad
1871 2919 2069 2954 idololatriam

46 2967 179 3006 <capua
229 2970 454 2998 matrimonium
474 2966 587 3001 dandae
604 2966 677 3010 fiant
698 2974 832 3012 virgines
851 2968 1029 3010 christianae
1042 2992 1053 3009 ,
1079 2978 1116 3001 ne
1178 2969 1265 3014 usque
1286 2972 1474 3013 perducant.
1503 2971 1547 3006 Et
1572 2972 1607 3005 in
1633 2970 1724 3005 libris
1750 2970 1790 3005 ad
1814 2980 1951 3005 uxorem
1974 2978 2069 3004 notat
2085 2965 2119 2994 C·
2129 2967 2155 2993 6.
2175 3010 2177 3012 r

230 3021 306 3047 aetas
326 3019 358 3046 in
377 3015 446 3056 flore
464 3022 579 3050 tumens
591 3023 624 3050 in
635 3019 783 3052 adulterto
801 3017 967 3062 resolvatur
987 3024 1113 3052 animae.
1180 3020 1379 3064 Apostolum
1402 3019 1531 3062 dicere,
1557 3032 1625 3056 non
1646 3019 1830 3064 simpliciter
1848 3019 1955 3054 Nubat
1966 3026 1998 3053 in
2012 3023 2070 3054 Do·
2083 3005 2117 3034 C.
2132 3014 2174 3041 ¹⁹·

229 3063 277 3099 Et
300 3063 438 3099 iterum.
461 3067 494 3098 51
513 3071 564 3108 qui
577 3066 658 3108 fort?
667 3069 869 3103 Sacerdotibus
878 3069 1115 3111 Idolorumfilias
1179 3077 1278 3109 mino,
1305 3071 1360 3105 sed
1381 3081 1456 3105 cum
1477 3070 1590 3106 addita
1612 3071 1773 3106 exclufiva
1783 3070 1941 3115 particula
1952 3095 1964 3113 ,
1990 3073 2070 3103 Tan-

57 3119 130 3158 Cap.
148 3129 190 3154 17.
225 3112 295 3157 suas
313 3116 501 3156 junxerunt,
521 3117 636 3157 placuit
647 3129 697 3152 nec
707 3124 740 3151 in
747 3119 809 3161 fine
820 3122 886 3161 eJ'us
897 3121 1033 3153 dandam
1042 3130 1116 3153 com-
1180 3131 1242 3161 tum
1264 3126 1298 3153 in
1318 3123 1462 3160 Domino,
1485 3120 1520 3154 id
1544 3121 1589 3155 est
1604 3145 1615 3161 ,
1633 3127 1666 3155 in
1689 3126 1804 3155 nomine
1823 3124 1944 3155 Domini
1955 3144 1968 3161 ‚
1991 3120 2072 3161 quod
2086 3121 2144 3151 L.2·
2156 3122 2213 3151 cz:

229 3169 420 3199 munionem.
447 3165 492 3199 Et
514 3165 616 3209 prima
636 3167 789 3211 synodus
815 3168 1010 3205 Arelatensis
1033 3183 1039 3203 :
1069 3173 1116 3204 De
1180 3170 1217 3211 est
1238 3170 1427 3211 indubitati,
1454 3169 1640 3210 Christiano.
1667 3169 1839 3219 Qoidam
1856 3171 1904 3205 sui
1914 3168 2069 3214 temporis

228 3215 337 3256 puellis
346 3215 507 3257 fidelibus,
531 3227 598 3258 quae
604 3218 764 3260 gentilibus
770 3222 957 3263 junguntur,
979 3221 1095 3262 placuit
1106 3242 1117 3258 ,
1182 3221 1362 3261 Doctores,
1390 3218 1559 3255 nobilibus
1576 3221 1720 3256 foeminis
1737 3219 1902 3256 adulando
1913 3219 2079 3255 docentes·

61 3273 136 3313 <3²9-
150 3283 192 3305 η.
233 3273 268 3298 ut
286 3266 438 3307 aliquanto
457 3273 581 3307 tempore
602 3268 622 3298 ᾶ
644 3275 839 3303 communione
845 3269 1043 3312 separentur.
1072 3270 1116 3303 Et
1181 3280 1340 3305 extraneo
1361 3268 1484 3306 nubere
1502 3271 1566 3306 effe
1584 3280 1642 3306 aut
1662 3270 1793 3306 nullum
1813 3278 1871 3306 aut
1889 3269 2068 3303 minimum

229 3316 327 3348 tertia
347 3315 611 3361 Carthaginenfis
623 3342 630 3349 .
658 3319 735 3351 Filii
757 3319 808 3352 vel
822 3320 897 3362 fillae
907 3320 1117 3363 Epis‘coporum
1183 3320 1338 3355 delicium
1350 3343 1361 3360 ,
1386 3330 1483 3355 vocat
1504 3320 1686 3364 Confillarios
1706 3330 1808 3354 contra
1824 3317 2069 3363 omnemscriptuae
2193 3351 2197 3357 ,

235 3364 288 3397 vel
306 3366 499 3407 quorumlibet
520 3367 699 3400 clericorum
713 3367 852 3411 gentibus
864 3376 1051 3403 matrimonio
1060 3380 1118 3402 non
1182 3382 1250 3404 ram
1268 3376 1539 3413 pravaricatores.
1568 3373 1691 3406 Omnis
1710 3370 1766 3405 ille
1786 3369 1867 3404 liber
1885 3368 1977 3404 istius
1989 3380 2068 3404 con·
2084 3351 2118 3381 C·
2131 3360 2194 3388 2·3·

229 3413 415 3456 jungantur.
442 3415 577 3451 Arabici
599 3417 752 3452 Canones
761 3418 951 3463 generaliter
961 3420 996 3454 id
1007 3429 1119 3454 vetant
1183 3420 1267 3466 jugii
1286 3420 1429 3456 maculas
1450 3421 1486 3454 &
1506 3421 1647 3466 pericula
1663 3418 1898 3464 elegantissime
1906 3418 2068 3458 edifferit‚

229 3463 386 3501 omnium
406 3466 554 3502 fidelium
565 3466 694 3503 filiabus
708 3492 721 3512 ‚
745 3467 911 3514 tamqnam
924 3469 1013 3504 sexui
1024 3469 1119 3516 fragi-
1187 3469 1328 3507 omnino
1338 3470 1512 3518 legendus.
1539 3472 1584 3506 Et
1605 3471 1690 3507 inter
1708 3470 1797 3507 varia
1807 3469 1954 3507 fidelium
1965 3468 2070 3503 crimi-

1953 3528 1995 3554 na
2006 3542 2020 3561 ‚
