<?xml version="1.0" encoding="UTF-8"?>
<!DOCTYPE html PUBLIC "-//W3C//DTD XHTML 1.0 Transitional//EN"
    "http://www.w3.org/TR/xhtml1/DTD/xhtml1-transitional.dtd">
<html xmlns="http://www.w3.org/1999/xhtml" xml:lang="en" lang="en">
 <head>
  <title>
</title>
<meta http-equiv="Content-Type" content="text/html;charset=utf-8" />
  <meta name='ocr-system' content='tesseract 3.04.00' />
  <meta name='ocr-capabilities' content='ocr_page ocr_carea ocr_par ocr_line ocrx_word'/>
</head>
<body>
  <div class='ocr_page' id='page_1' title='image "./operaomniastudio02lupuuoft_0286.png"; bbox 0 0 2340 3736; ppageno 0'>
   <div class='ocr_carea' id='block_1_1' title="bbox 372 147 471 198">
    <p class='ocr_par' dir='ltr' id='par_1_1' title="bbox 372 147 471 198">
     <span class='ocr_line' id='line_1_1' title="bbox 372 147 471 198; baseline -0.02 -14"><span class='ocrx_word' id='word_1_1' title='bbox 372 147 471 198; x_wconf 84' lang='lat'>264</span> 
     </span>
    </p>
   </div>
   <div class='ocr_carea' id='block_1_2' title="bbox 503 273 995 324">
    <p class='ocr_par' dir='ltr' id='par_1_2' title="bbox 503 273 995 324">
     <span class='ocr_line' id='line_1_2' title="bbox 503 273 995 324; baseline -0.006 0"><span class='ocrx_word' id='word_1_2' title='bbox 503 273 836 324; x_wconf 88' lang='lat' dir='ltr'>ACTIO</span> <span class='ocrx_word' id='word_1_3' title='bbox 895 278 995 322; x_wconf 61' lang='lat' dir='ltr'>IV«</span> 
     </span>
    </p>
   </div>
   <div class='ocr_carea' id='block_1_3' title="bbox 293 410 1198 3465">
    <p class='ocr_par' dir='ltr' id='par_1_3' title="bbox 293 410 1190 2467">
     <span class='ocr_line' id='line_1_3' title="bbox 396 410 1190 458; baseline -0.008 -9"><span class='ocrx_word' id='word_1_4' title='bbox 396 414 518 449; x_wconf 72' lang='lat' dir='ltr'>Ctioni&#39;</span> <span class='ocrx_word' id='word_1_5' title='bbox 531 423 674 458; x_wconf 74' lang='lat' dir='ltr'>quartae,</span> <span class='ocrx_word' id='word_1_6' title='bbox 701 415 789 450; x_wconf 59' lang='lat' dir='ltr'>factae</span> <span class='ocrx_word' id='word_1_7' title='bbox 809 413 861 447; x_wconf 88' lang='lat' dir='ltr'>die</span> <span class='ocrx_word' id='word_1_8' title='bbox 872 413 964 447; x_wconf 84' lang='lat' dir='ltr'>sexto</span> <span class='ocrx_word' id='word_1_9' title='bbox 985 410 1116 447; x_wconf 89' lang='lat' dir='ltr'>decimo</span> <span class='ocrx_word' id='word_1_10' title='bbox 1130 410 1190 444; x_wconf 87' lang='lat' dir='ltr'>Ca-</span> 
     </span>
     <span class='ocr_line' id='line_1_4' title="bbox 421 461 1188 506; baseline -0.004 -9"><span class='ocrx_word' id='word_1_11' title='bbox 421 464 533 498; x_wconf 88' lang='lat' dir='ltr'>lendas</span> <span class='ocrx_word' id='word_1_12' title='bbox 543 465 774 505; x_wconf 84' lang='lat' dir='ltr'>Novembres,</span> <span class='ocrx_word' id='word_1_13' title='bbox 794 463 918 497; x_wconf 74' lang='lat' dir='ltr'>rursum</span> <span class='ocrx_word' id='word_1_14' title='bbox 932 462 1066 497; x_wconf 89' lang='lat' dir='ltr'>adfueru</span> <span class='ocrx_word' id='word_1_15' title='bbox 1073 471 1107 495; x_wconf 90' lang='lat' dir='ltr'>nt</span> <span class='ocrx_word' id='word_1_16' title='bbox 1121 461 1188 506; x_wconf 83' lang='lat' dir='ltr'>glo·</span> 
     </span>
     <span class='ocr_line' id='line_1_5' title="bbox 299 512 1189 559; baseline -0.007 -9"><span class='ocrx_word' id='word_1_17' title='bbox 299 514 460 550; x_wconf 78' lang='lat' dir='ltr'>riofiffimi</span> <span class='ocrx_word' id='word_1_18' title='bbox 478 514 603 558; x_wconf 78' lang='lat' dir='ltr'>judices</span> <span class='ocrx_word' id='word_1_19' title='bbox 628 515 662 549; x_wconf 92' lang='lat'>&amp;</span> <span class='ocrx_word' id='word_1_20' title='bbox 676 512 1015 559; x_wconf 83' lang='lat' dir='ltr'>magnificentiffimus</span> <span class='ocrx_word' id='word_1_21' title='bbox 1029 512 1166 546; x_wconf 90' lang='lat' dir='ltr'>Senatus</span> <span class='ocrx_word' id='word_1_22' title='bbox 1179 535 1189 552; x_wconf 92' lang='lat'>,</span> 
     </span>
     <span class='ocr_line' id='line_1_6' title="bbox 301 558 1188 609; baseline -0.002 -12"><span class='ocrx_word' id='word_1_23' title='bbox 301 563 450 608; x_wconf 85' lang='lat' dir='ltr'>quiante</span> <span class='ocrx_word' id='word_1_24' title='bbox 471 565 585 601; x_wconf 90' lang='lat' dir='ltr'>omnia</span> <span class='ocrx_word' id='word_1_25' title='bbox 595 565 752 609; x_wconf 78' lang='lat' dir='ltr'>jufferunt</span> <span class='ocrx_word' id='word_1_26' title='bbox 773 563 831 598; x_wconf 84' lang='lat' dir='ltr'>fibi</span> <span class='ocrx_word' id='word_1_27' title='bbox 845 564 908 608; x_wconf 86' lang='lat' dir='ltr'>legi</span> <span class='ocrx_word' id='word_1_28' title='bbox 924 563 1038 597; x_wconf 67' lang='lat' dir='ltr'>cuneta</span> <span class='ocrx_word' id='word_1_29' title='bbox 1060 558 1126 595; x_wconf 92' lang='lat' dir='ltr'>huc</span> <span class='ocrx_word' id='word_1_30' title='bbox 1141 563 1188 596; x_wconf 90' lang='lat' dir='ltr'>us-</span> 
     </span>
     <span class='ocr_line' id='line_1_7' title="bbox 300 610 1183 660; baseline -0.005 -10"><span class='ocrx_word' id='word_1_31' title='bbox 300 626 366 659; x_wconf 89' lang='lat' dir='ltr'>que</span> <span class='ocrx_word' id='word_1_32' title='bbox 388 627 442 660; x_wconf 89' lang='lat' dir='ltr'>per</span> <span class='ocrx_word' id='word_1_33' title='bbox 453 615 627 659; x_wconf 88' lang='lat' dir='ltr'>Synodum</span> <span class='ocrx_word' id='word_1_34' title='bbox 647 614 750 654; x_wconf 69' lang='lat' dir='ltr'>Asta,</span> <span class='ocrx_word' id='word_1_35' title='bbox 774 613 971 656; x_wconf 86' lang='lat' dir='ltr'>tandemque</span> <span class='ocrx_word' id='word_1_36' title='bbox 999 610 1131 654; x_wconf 86' lang='lat' dir='ltr'>procedi</span> <span class='ocrx_word' id='word_1_37' title='bbox 1145 612 1183 646; x_wconf 90' lang='lat' dir='ltr'>ad</span> 
     </span>
     <span class='ocr_line' id='line_1_8' title="bbox 300 662 1187 705; baseline -0.008 -4"><span class='ocrx_word' id='word_1_38' title='bbox 300 666 402 701; x_wconf 83' lang='lat' dir='ltr'>fidem</span> <span class='ocrx_word' id='word_1_39' title='bbox 423 665 646 700; x_wconf 88' lang='lat' dir='ltr'>definiendam</span> <span class='ocrx_word' id='word_1_40' title='bbox 667 690 680 705; x_wconf 75' lang='lat'>,</span> <span class='ocrx_word' id='word_1_41' title='bbox 703 663 894 698; x_wconf 72' lang='lat' dir='ltr'>interlocuti</span> <span class='ocrx_word' id='word_1_42' title='bbox 923 675 930 696; x_wconf 81' lang='lat' dir='ltr'>z</span> <span class='ocrx_word' id='word_1_43' title='bbox 958 663 1051 705; x_wconf 73' lang='lat' dir='ltr'>,Quod</span> <span class='ocrx_word' id='word_1_44' title='bbox 1071 662 1187 703; x_wconf 86' lang='lat' dir='ltr'>placuit</span> 
     </span>
     <span class='ocr_line' id='line_1_9' title="bbox 303 711 1186 758; baseline -0.006 -8"><span class='ocrx_word' id='word_1_45' title='bbox 303 717 463 750; x_wconf 79' lang='lat' dir='ltr'>reverendo</span> <span class='ocrx_word' id='word_1_46' title='bbox 474 716 600 748; x_wconf 84' lang='lat' dir='ltr'><em>Concilio</em></span> <span class='ocrx_word' id='word_1_47' title='bbox 620 717 657 748; x_wconf 86' lang='lat' dir='ltr'>de</span> <span class='ocrx_word' id='word_1_48' title='bbox 664 713 774 758; x_wconf 56' lang='lat' dir='ltr'>sanila</span> <span class='ocrx_word' id='word_1_49' title='bbox 782 712 863 755; x_wconf 77' lang='lat' dir='ltr'>fide,</span> <span class='ocrx_word' id='word_1_50' title='bbox 887 711 984 757; x_wconf 89' lang='lat' dir='ltr'>ipsum</span> <span class='ocrx_word' id='word_1_51' title='bbox 998 724 1051 746; x_wconf 91' lang='lat' dir='ltr'>nos</span> <span class='ocrx_word' id='word_1_52' title='bbox 1069 713 1186 746; x_wconf 82' lang='lat' dir='ltr'>doceat.</span> 
     </span>
     <span class='ocr_line' id='line_1_10' title="bbox 303 761 1182 811; baseline -0.008 -9"><span class='ocrx_word' id='word_1_53' title='bbox 303 767 350 802; x_wconf 88' lang='lat' dir='ltr'>Et</span> <span class='ocrx_word' id='word_1_54' title='bbox 361 767 479 811; x_wconf 86' lang='lat' dir='ltr'>Legati</span> <span class='ocrx_word' id='word_1_55' title='bbox 493 765 639 799; x_wconf 87' lang='lat' dir='ltr'>Romani</span> <span class='ocrx_word' id='word_1_56' title='bbox 653 776 706 809; x_wconf 87' lang='lat' dir='ltr'>per</span> <span class='ocrx_word' id='word_1_57' title='bbox 717 765 870 800; x_wconf 63' lang='lat' dir='ltr'>Sanctum</span> <span class='ocrx_word' id='word_1_58' title='bbox 883 761 1029 799; x_wconf 81' lang='lat' dir='ltr'>Paschasi</span> <span class='ocrx_word' id='word_1_59' title='bbox 1035 773 1114 796; x_wconf 89' lang='lat' dir='ltr'>num</span> <span class='ocrx_word' id='word_1_60' title='bbox 1125 762 1182 796; x_wconf 89' lang='lat' dir='ltr'>res·</span> 
     </span>
     <span class='ocr_line' id='line_1_11' title="bbox 301 812 1183 862; baseline -0.008 -9"><span class='ocrx_word' id='word_1_61' title='bbox 301 817 489 862; x_wconf 82' lang='lat' dir='ltr'>ponderunt</span> <span class='ocrx_word' id='word_1_62' title='bbox 501 815 542 849; x_wconf 91' lang='lat' dir='ltr'>ab</span> <span class='ocrx_word' id='word_1_63' title='bbox 562 815 805 859; x_wconf 83' lang='lat' dir='ltr'>omnisynodo</span> <span class='ocrx_word' id='word_1_64' title='bbox 830 816 866 848; x_wconf 91' lang='lat' dir='ltr'>in</span> <span class='ocrx_word' id='word_1_65' title='bbox 879 813 1026 859; x_wconf 88' lang='lat' dir='ltr'>regulam</span> <span class='ocrx_word' id='word_1_66' title='bbox 1052 812 1183 847; x_wconf 80' lang='lat' dir='ltr'>admitti</span> 
     </span>
     <span class='ocr_line' id='line_1_12' title="bbox 300 861 1183 911; baseline -0.006 -9"><span class='ocrx_word' id='word_1_67' title='bbox 300 866 498 911; x_wconf 86' lang='lat' dir='ltr'>Symbolum</span> <span class='ocrx_word' id='word_1_68' title='bbox 512 865 686 900; x_wconf 84' lang='lat' dir='ltr'>Nicaenum</span> <span class='ocrx_word' id='word_1_69' title='bbox 698 890 709 906; x_wconf 92' lang='lat'>,</span> <span class='ocrx_word' id='word_1_70' title='bbox 736 863 931 908; x_wconf 85' lang='lat' dir='ltr'><strong>Symbolum</strong></span> <span class='ocrx_word' id='word_1_71' title='bbox 947 861 1183 898; x_wconf 87' lang='lat' dir='ltr'>Constantino-</span> 
     </span>
     <span class='ocr_line' id='line_1_13' title="bbox 300 912 1184 962; baseline -0.008 -10"><span class='ocrx_word' id='word_1_72' title='bbox 300 919 491 962; x_wconf 85' lang='lat' dir='ltr'>politanum</span> <span class='ocrx_word' id='word_1_73' title='bbox 514 941 526 958; x_wconf 90' lang='lat'>,</span> <span class='ocrx_word' id='word_1_74' title='bbox 552 926 670 951; x_wconf 84' lang='lat' dir='ltr'>omnes</span> <span class='ocrx_word' id='word_1_75' title='bbox 697 914 851 958; x_wconf 85' lang='lat' dir='ltr'>Ephesmi</span> <span class='ocrx_word' id='word_1_76' title='bbox 878 913 1027 949; x_wconf 89' lang='lat' dir='ltr'>Concilii</span> <span class='ocrx_word' id='word_1_77' title='bbox 1054 912 1096 948; x_wconf 89' lang='lat' dir='ltr'>de</span> <span class='ocrx_word' id='word_1_78' title='bbox 1121 912 1184 946; x_wconf 90' lang='lat' dir='ltr'>fide</span> 
     </span>
     <span class='ocr_line' id='line_1_14' title="bbox 300 962 1183 1009; baseline -0.008 -6"><span class='ocrx_word' id='word_1_79' title='bbox 300 969 503 1007; x_wconf 68' lang='lat' dir='ltr'>sanctiones,</span> <span class='ocrx_word' id='word_1_80' title='bbox 530 977 590 1000; x_wconf 80' lang='lat' dir='ltr'>nec</span> <span class='ocrx_word' id='word_1_81' title='bbox 613 977 682 999; x_wconf 92' lang='lat' dir='ltr'>non</span> <span class='ocrx_word' id='word_1_82' title='bbox 705 965 975 1009; x_wconf 84' lang='lat' dir='ltr'>&amp;dogmaticam</span> <span class='ocrx_word' id='word_1_83' title='bbox 999 962 1183 1006; x_wconf 89' lang='lat' dir='ltr'>Epistolam</span> 
     </span>
     <span class='ocr_line' id='line_1_15' title="bbox 299 1013 1182 1060; baseline -0.01 -6"><span class='ocrx_word' id='word_1_84' title='bbox 299 1018 399 1054; x_wconf 68' lang='lat' dir='ltr'>sancti</span> <span class='ocrx_word' id='word_1_85' title='bbox 422 1017 516 1060; x_wconf 67' lang='lat' dir='ltr'>Papae</span> <span class='ocrx_word' id='word_1_86' title='bbox 535 1015 657 1050; x_wconf 84' lang='lat' dir='ltr'>Leonis</span> <span class='ocrx_word' id='word_1_87' title='bbox 671 1039 678 1046; x_wconf 93' lang='lat'><strong>.</strong></span> <span class='ocrx_word' id='word_1_88' title='bbox 705 1015 749 1048; x_wconf 89' lang='lat' dir='ltr'>Et</span> <span class='ocrx_word' id='word_1_89' title='bbox 761 1025 877 1049; x_wconf 89' lang='lat' dir='ltr'>omnes</span> <span class='ocrx_word' id='word_1_90' title='bbox 898 1013 1053 1057; x_wconf 84' lang='lat' dir='ltr'>Episcopi</span> <span class='ocrx_word' id='word_1_91' title='bbox 1081 1013 1182 1046; x_wconf 89' lang='lat' dir='ltr'>accla-</span> 
     </span>
     <span class='ocr_line' id='line_1_16' title="bbox 298 1061 1183 1106; baseline -0.009 -3"><span class='ocrx_word' id='word_1_92' title='bbox 298 1078 432 1104; x_wconf 85' lang='lat' dir='ltr'>marunt</span> <span class='ocrx_word' id='word_1_93' title='bbox 444 1081 455 1101; x_wconf 87' lang='lat'>.·</span> <span class='ocrx_word' id='word_1_94' title='bbox 483 1070 594 1098; x_wconf 85' lang='lat' dir='ltr'><em>Omnes</em></span> <span class='ocrx_word' id='word_1_95' title='bbox 609 1064 650 1106; x_wconf 83' lang='lat' dir='ltr'>fic</span> <span class='ocrx_word' id='word_1_96' title='bbox 659 1066 807 1098; x_wconf 81' lang='lat' dir='ltr'>credimus</span> <span class='ocrx_word' id='word_1_97' title='bbox 821 1088 833 1103; x_wconf 90' lang='lat'><em>‚</em></span> <span class='ocrx_word' id='word_1_98' title='bbox 855 1063 894 1106; x_wconf 86' lang='lat' dir='ltr'>fic</span> <span class='ocrx_word' id='word_1_99' title='bbox 904 1063 1052 1106; x_wconf 82' lang='lat' dir='ltr'>baptizati</span> <span class='ocrx_word' id='word_1_100' title='bbox 1058 1061 1160 1106; x_wconf 89' lang='lat' dir='ltr'>sumus</span> <span class='ocrx_word' id='word_1_101' title='bbox 1173 1087 1183 1103; x_wconf 89' lang='lat'>,</span> 
     </span>
     <span class='ocr_line' id='line_1_17' title="bbox 293 1113 1183 1162; baseline -0.007 -11"><span class='ocrx_word' id='word_1_102' title='bbox 293 1117 335 1162; x_wconf 83' lang='lat' dir='ltr'>fic</span> <span class='ocrx_word' id='word_1_103' title='bbox 353 1117 544 1159; x_wconf 83' lang='lat' dir='ltr'>baptizamus</span> <span class='ocrx_word' id='word_1_104' title='bbox 567 1139 579 1155; x_wconf 93' lang='lat'>,</span> <span class='ocrx_word' id='word_1_105' title='bbox 598 1114 639 1156; x_wconf 88' lang='lat' dir='ltr'>fic</span> <span class='ocrx_word' id='word_1_106' title='bbox 660 1115 840 1149; x_wconf 81' lang='lat' dir='ltr'>credidimus</span> <span class='ocrx_word' id='word_1_107' title='bbox 855 1140 866 1156; x_wconf 93' lang='lat'>,</span> <span class='ocrx_word' id='word_1_108' title='bbox 885 1113 925 1157; x_wconf 84' lang='lat' dir='ltr'>fic</span> <span class='ocrx_word' id='word_1_109' title='bbox 945 1114 1088 1148; x_wconf 86' lang='lat' dir='ltr'>credimus</span> <span class='ocrx_word' id='word_1_110' title='bbox 1103 1138 1110 1146; x_wconf 89' lang='lat'>.</span> <span class='ocrx_word' id='word_1_111' title='bbox 1141 1113 1183 1146; x_wconf 89' lang='lat' dir='ltr'>Et</span> 
     </span>
     <span class='ocr_line' id='line_1_18' title="bbox 298 1164 1185 1210; baseline -0.009 -8"><span class='ocrx_word' id='word_1_112' title='bbox 298 1168 436 1203; x_wconf 83' lang='lat' dir='ltr'>laudatis</span> <span class='ocrx_word' id='word_1_113' title='bbox 445 1165 608 1210; x_wconf 85' lang='lat' dir='ltr'>judicibus</span> <span class='ocrx_word' id='word_1_114' title='bbox 619 1164 730 1200; x_wconf 81' lang='lat' dir='ltr'>denuo</span> <span class='ocrx_word' id='word_1_115' title='bbox 743 1165 971 1210; x_wconf 86' lang='lat' dir='ltr'>flagitantibus</span> <span class='ocrx_word' id='word_1_116' title='bbox 983 1188 993 1204; x_wconf 90' lang='lat'><em>‚</em></span> <span class='ocrx_word' id='word_1_117' title='bbox 1015 1174 1097 1199; x_wconf 89' lang='lat' dir='ltr'>num</span> <span class='ocrx_word' id='word_1_118' title='bbox 1109 1165 1185 1197; x_wconf 87' lang='lat' dir='ltr'>San-</span> 
     </span>
     <span class='ocr_line' id='line_1_19' title="bbox 298 1213 1185 1260; baseline -0.008 -7"><span class='ocrx_word' id='word_1_119' title='bbox 298 1219 340 1254; x_wconf 68' lang='lat' dir='ltr'>ni</span> <span class='ocrx_word' id='word_1_120' title='bbox 365 1217 490 1252; x_wconf 85' lang='lat' dir='ltr'>Leonis</span> <span class='ocrx_word' id='word_1_121' title='bbox 513 1216 660 1260; x_wconf 82' lang='lat' dir='ltr'>Epistola</span> <span class='ocrx_word' id='word_1_122' title='bbox 681 1215 823 1250; x_wconf 82' lang='lat' dir='ltr'>Nicaeno</span> <span class='ocrx_word' id='word_1_123' title='bbox 844 1216 878 1250; x_wconf 75' lang='grc' dir='ltr'>δε</span> <span class='ocrx_word' id='word_1_124' title='bbox 906 1213 1185 1256; x_wconf 84' lang='lat' dir='ltr'>Constantinopo—</span> 
     </span>
     <span class='ocr_line' id='line_1_20' title="bbox 299 1263 1184 1311; baseline -0.007 -9"><span class='ocrx_word' id='word_1_125' title='bbox 299 1269 405 1303; x_wconf 90' lang='lat' dir='ltr'>litano</span> <span class='ocrx_word' id='word_1_126' title='bbox 418 1267 599 1311; x_wconf 86' lang='lat' dir='ltr'>Symbolo,</span> <span class='ocrx_word' id='word_1_127' title='bbox 625 1277 685 1301; x_wconf 83' lang='lat' dir='ltr'>nec</span> <span class='ocrx_word' id='word_1_128' title='bbox 708 1278 777 1300; x_wconf 91' lang='lat' dir='ltr'>non</span> <span class='ocrx_word' id='word_1_129' title='bbox 801 1265 835 1299; x_wconf 86' lang='lat'>&amp;</span> <span class='ocrx_word' id='word_1_130' title='bbox 859 1264 1031 1310; x_wconf 86' lang='lat' dir='ltr'>Ephesinis</span> <span class='ocrx_word' id='word_1_131' title='bbox 1057 1263 1100 1299; x_wconf 90' lang='lat' dir='ltr'>de</span> <span class='ocrx_word' id='word_1_132' title='bbox 1120 1263 1184 1296; x_wconf 88' lang='lat' dir='ltr'>fide</span> 
     </span>
     <span class='ocr_line' id='line_1_21' title="bbox 297 1313 1183 1361; baseline -0.01 -6"><span class='ocrx_word' id='word_1_133' title='bbox 297 1320 448 1355; x_wconf 84' lang='lat' dir='ltr'>Decretis</span> <span class='ocrx_word' id='word_1_134' title='bbox 460 1329 516 1361; x_wconf 89' lang='lat' dir='ltr'>per</span> <span class='ocrx_word' id='word_1_135' title='bbox 528 1317 642 1351; x_wconf 87' lang='lat' dir='ltr'>omnia</span> <span class='ocrx_word' id='word_1_136' title='bbox 652 1316 868 1350; x_wconf 86' lang='lat' dir='ltr'>concordaret</span> <span class='ocrx_word' id='word_1_137' title='bbox 879 1341 891 1357; x_wconf 93' lang='lat'>,</span> <span class='ocrx_word' id='word_1_138' title='bbox 903 1314 1081 1349; x_wconf 87' lang='lat' dir='ltr'>Anatolius</span> <span class='ocrx_word' id='word_1_139' title='bbox 1095 1313 1183 1347; x_wconf 91' lang='lat' dir='ltr'>Con—</span> 
     </span>
     <span class='ocr_line' id='line_1_22' title="bbox 297 1364 1184 1412; baseline -0.009 -8"><span class='ocrx_word' id='word_1_140' title='bbox 297 1368 608 1412; x_wconf 81' lang='lat' dir='ltr'>stantinopolitanus</span> <span class='ocrx_word' id='word_1_141' title='bbox 631 1367 814 1410; x_wconf 87' lang='lat' dir='ltr'>Episcopus</span> <span class='ocrx_word' id='word_1_142' title='bbox 839 1365 1005 1409; x_wconf 84' lang='lat' dir='ltr'>respondit</span> <span class='ocrx_word' id='word_1_143' title='bbox 1030 1364 1184 1398; x_wconf 91' lang='lat' dir='ltr'>conveni-</span> 
     </span>
     <span class='ocr_line' id='line_1_23' title="bbox 298 1411 1186 1460; baseline -0.01 -6"><span class='ocrx_word' id='word_1_144' title='bbox 298 1430 335 1454; x_wconf 88' lang='lat' dir='ltr'>re</span> <span class='ocrx_word' id='word_1_145' title='bbox 358 1445 368 1460; x_wconf 93' lang='lat'>,</span> <span class='ocrx_word' id='word_1_146' title='bbox 395 1419 429 1453; x_wconf 89' lang='lat'>&amp;</span> <span class='ocrx_word' id='word_1_147' title='bbox 455 1417 610 1460; x_wconf 84' lang='lat' dir='ltr'>adjunxit</span> <span class='ocrx_word' id='word_1_148' title='bbox 630 1441 638 1448; x_wconf 89' lang='lat'>.</span> <span class='ocrx_word' id='word_1_149' title='bbox 666 1418 779 1450; x_wconf 82' lang='lat' dir='ltr'>Eidem</span> <span class='ocrx_word' id='word_1_150' title='bbox 799 1415 942 1459; x_wconf 65' lang='lat' dir='ltr'>Epistola</span> <span class='ocrx_word' id='word_1_151' title='bbox 962 1414 1088 1448; x_wconf 86' lang='lat' dir='ltr'>libenter</span> <span class='ocrx_word' id='word_1_152' title='bbox 1118 1411 1186 1456; x_wconf 87' lang='lat' dir='ltr'>sub-</span> 
     </span>
     <span class='ocr_line' id='line_1_24' title="bbox 293 1463 1187 1515; baseline -0.009 -12"><span class='ocrx_word' id='word_1_153' title='bbox 293 1469 413 1513; x_wconf 72' lang='lat' dir='ltr'>scripsi.</span> <span class='ocrx_word' id='word_1_154' title='bbox 441 1466 660 1515; x_wconf 83' lang='lat' dir='ltr'>Qodipsum</span> <span class='ocrx_word' id='word_1_155' title='bbox 683 1468 715 1500; x_wconf 89' lang='lat'>&amp;</span> <span class='ocrx_word' id='word_1_156' title='bbox 727 1467 847 1509; x_wconf 80' lang='lat' dir='ltr'>Legati</span> <span class='ocrx_word' id='word_1_157' title='bbox 860 1464 1045 1508; x_wconf 87' lang='lat' dir='ltr'>Apostolici</span> <span class='ocrx_word' id='word_1_158' title='bbox 1057 1487 1068 1503; x_wconf 95' lang='lat'>,</span> <span class='ocrx_word' id='word_1_159' title='bbox 1079 1464 1111 1498; x_wconf 88' lang='lat'>&amp;</span> <span class='ocrx_word' id='word_1_160' title='bbox 1124 1463 1187 1505; x_wconf 90' lang='lat' dir='ltr'>ple-</span> 
     </span>
     <span class='ocr_line' id='line_1_25' title="bbox 298 1512 1186 1563; baseline -0.01 -9"><span class='ocrx_word' id='word_1_161' title='bbox 298 1520 391 1563; x_wconf 83' lang='lat' dir='ltr'>rique</span> <span class='ocrx_word' id='word_1_162' title='bbox 412 1517 586 1561; x_wconf 84' lang='lat' dir='ltr'>Episcopi,</span> <span class='ocrx_word' id='word_1_163' title='bbox 616 1516 656 1550; x_wconf 91' lang='lat' dir='ltr'>de</span> <span class='ocrx_word' id='word_1_164' title='bbox 678 1517 743 1549; x_wconf 87' lang='lat' dir='ltr'>suis</span> <span class='ocrx_word' id='word_1_165' title='bbox 762 1516 847 1549; x_wconf 89' lang='lat' dir='ltr'>circa</span> <span class='ocrx_word' id='word_1_166' title='bbox 870 1513 1052 1557; x_wconf 87' lang='lat' dir='ltr'>Epistolam</span> <span class='ocrx_word' id='word_1_167' title='bbox 1076 1512 1186 1546; x_wconf 87' lang='lat' dir='ltr'>dubiis</span> 
     </span>
     <span class='ocr_line' id='line_1_26' title="bbox 296 1561 1186 1610; baseline -0.01 -6"><span class='ocrx_word' id='word_1_168' title='bbox 296 1567 480 1604; x_wconf 84' lang='lat' dir='ltr'>instruendi</span> <span class='ocrx_word' id='word_1_169' title='bbox 508 1566 599 1610; x_wconf 60' lang='lat' dir='ltr'>supr&amp;</span> <span class='ocrx_word' id='word_1_170' title='bbox 626 1564 790 1599; x_wconf 85' lang='lat' dir='ltr'>Anatolio</span> <span class='ocrx_word' id='word_1_171' title='bbox 816 1564 928 1599; x_wconf 82' lang='lat' dir='ltr'>traditi</span> <span class='ocrx_word' id='word_1_172' title='bbox 958 1588 969 1604; x_wconf 94' lang='lat'>,</span> <span class='ocrx_word' id='word_1_173' title='bbox 1005 1561 1186 1607; x_wconf 83' lang='lat' dir='ltr'>insignibus</span> 
     </span>
     <span class='ocr_line' id='line_1_27' title="bbox 297 1614 1185 1663; baseline -0.01 -10"><span class='ocrx_word' id='word_1_174' title='bbox 297 1619 460 1663; x_wconf 85' lang='lat' dir='ltr'>suffragiis</span> <span class='ocrx_word' id='word_1_175' title='bbox 477 1616 732 1655; x_wconf 87' lang='lat' dir='ltr'>confirmarunt,</span> <span class='ocrx_word' id='word_1_176' title='bbox 759 1615 794 1649; x_wconf 75' lang='grc' dir='ltr'>ὅ(</span> <span class='ocrx_word' id='word_1_177' title='bbox 810 1614 914 1649; x_wconf 85' lang='lat' dir='ltr'>caeteri</span> <span class='ocrx_word' id='word_1_178' title='bbox 940 1614 1185 1648; x_wconf 80' lang='lat' dir='ltr'>acclamarunt:</span> 
     </span>
     <span class='ocr_line' id='line_1_28' title="bbox 299 1663 1184 1710; baseline -0.009 -7"><span class='ocrx_word' id='word_1_179' title='bbox 299 1674 410 1703; x_wconf 86' lang='lat' dir='ltr'>Omnes</span> <span class='ocrx_word' id='word_1_180' title='bbox 431 1665 642 1710; x_wconf 82' lang='lat' dir='ltr'>acquiescimus</span> <span class='ocrx_word' id='word_1_181' title='bbox 664 1690 675 1706; x_wconf 89' lang='lat'><em>‚</em></span> <span class='ocrx_word' id='word_1_182' title='bbox 701 1677 802 1698; x_wconf 88' lang='lat' dir='ltr'>omnes</span> <span class='ocrx_word' id='word_1_183' title='bbox 827 1663 1023 1709; x_wconf 80' lang='lat' dir='ltr'>consentimus</span> <span class='ocrx_word' id='word_1_184' title='bbox 1046 1688 1056 1705; x_wconf 90' lang='lat'>‚</span> <span class='ocrx_word' id='word_1_185' title='bbox 1083 1674 1184 1696; x_wconf 88' lang='lat' dir='ltr'>omnes</span> 
     </span>
     <span class='ocr_line' id='line_1_29' title="bbox 293 1713 1184 1763; baseline -0.01 -9"><span class='ocrx_word' id='word_1_186' title='bbox 293 1719 431 1763; x_wconf 78' lang='lat' dir='ltr'>similiter</span> <span class='ocrx_word' id='word_1_187' title='bbox 442 1719 607 1757; x_wconf 85' lang='lat' dir='ltr'>credimus,</span> <span class='ocrx_word' id='word_1_188' title='bbox 633 1727 733 1749; x_wconf 88' lang='lat' dir='ltr'>omnes</span> <span class='ocrx_word' id='word_1_189' title='bbox 761 1716 868 1749; x_wconf 87' lang='lat' dir='ltr'>eadem</span> <span class='ocrx_word' id='word_1_190' title='bbox 889 1713 1021 1757; x_wconf 81' lang='lat' dir='ltr'>sapimus</span> <span class='ocrx_word' id='word_1_191' title='bbox 1036 1739 1044 1746; x_wconf 91' lang='lat'>.</span> <span class='ocrx_word' id='word_1_192' title='bbox 1073 1716 1184 1746; x_wconf 83' lang='lat' dir='ltr'>Patres</span> 
     </span>
     <span class='ocr_line' id='line_1_30' title="bbox 297 1762 1186 1809; baseline -0.011 -5"><span class='ocrx_word' id='word_1_193' title='bbox 297 1772 344 1804; x_wconf 82' lang='lat' dir='ltr'>ad</span> <span class='ocrx_word' id='word_1_194' title='bbox 352 1771 516 1809; x_wconf 70' lang='lat' dir='ltr'>synodum,</span> <span class='ocrx_word' id='word_1_195' title='bbox 542 1768 749 1802; x_wconf 83' lang='lat' dir='ltr'>concordantes</span> <span class='ocrx_word' id='word_1_196' title='bbox 773 1767 818 1798; x_wconf 86' lang='lat' dir='ltr'>ad</span> <span class='ocrx_word' id='word_1_197' title='bbox 842 1766 1006 1807; x_wconf 71' lang='lat' dir='ltr'>synodum3</span> <span class='ocrx_word' id='word_1_198' title='bbox 1034 1766 1099 1807; x_wconf 78' lang='lat' dir='ltr'>‚Qui</span> <span class='ocrx_word' id='word_1_199' title='bbox 1115 1762 1186 1806; x_wconf 86' lang='lat' dir='ltr'>sub-</span> 
     </span>
     <span class='ocr_line' id='line_1_31' title="bbox 294 1814 1184 1865; baseline -0.009 -11"><span class='ocrx_word' id='word_1_200' title='bbox 294 1818 499 1865; x_wconf 84' lang='lat' dir='ltr'>scripserunt,</span> <span class='ocrx_word' id='word_1_201' title='bbox 524 1819 570 1851; x_wconf 81' lang='lat' dir='ltr'>ad</span> <span class='ocrx_word' id='word_1_202' title='bbox 590 1818 748 1855; x_wconf 78' lang='lat' dir='ltr'>synodum.</span> <span class='ocrx_word' id='word_1_203' title='bbox 774 1814 836 1858; x_wconf 68' lang='lat' dir='ltr'>Ipsi*</span> <span class='ocrx_word' id='word_1_204' title='bbox 854 1821 947 1850; x_wconf 85' lang='lat' dir='ltr'>etiam</span> <span class='ocrx_word' id='word_1_205' title='bbox 967 1820 1097 1858; x_wconf 84' lang='lat' dir='ltr'>quinque</span> <span class='ocrx_word' id='word_1_206' title='bbox 1109 1816 1184 1854; x_wconf 80' lang='lat' dir='ltr'>Epi·</span> 
     </span>
     <span class='ocr_line' id='line_1_32' title="bbox 293 1862 1180 1915; baseline -0.009 -11"><span class='ocrx_word' id='word_1_207' title='bbox 293 1869 374 1915; x_wconf 81' lang='lat' dir='ltr'>scopi</span> <span class='ocrx_word' id='word_1_208' title='bbox 391 1871 464 1914; x_wconf 82' lang='lat' dir='ltr'>fidei</span> <span class='ocrx_word' id='word_1_209' title='bbox 481 1865 718 1912; x_wconf 83' lang='lat' dir='ltr'>subscripserunt</span> <span class='ocrx_word' id='word_1_210' title='bbox 739 1879 745 1898; x_wconf 91' lang='lat'><strong>:</strong></span> <span class='ocrx_word' id='word_1_211' title='bbox 768 1864 839 1907; x_wconf 84' lang='lat' dir='ltr'>ficut</span> <span class='ocrx_word' id='word_1_212' title='bbox 860 1870 920 1899; x_wconf 86' lang='lat' dir='ltr'>Leo</span> <span class='ocrx_word' id='word_1_213' title='bbox 941 1888 952 1905; x_wconf 93' lang='lat'>,</span> <span class='ocrx_word' id='word_1_214' title='bbox 972 1864 1012 1907; x_wconf 86' lang='lat' dir='ltr'>fic</span> <span class='ocrx_word' id='word_1_215' title='bbox 1033 1862 1180 1908; x_wconf 86' lang='lat' dir='ltr'>sapiunt.</span> 
     </span>
     <span class='ocr_line' id='line_1_33' title="bbox 296 1912 1184 1964; baseline -0.01 -9"><span class='ocrx_word' id='word_1_216' title='bbox 296 1920 488 1964; x_wconf 79' lang='lat' dir='ltr'>Supplicant</span> <span class='ocrx_word' id='word_1_217' title='bbox 502 1929 560 1961; x_wconf 92' lang='lat' dir='ltr'>pro</span> <span class='ocrx_word' id='word_1_218' title='bbox 573 1917 720 1960; x_wconf 91' lang='lat' dir='ltr'>Juvenali</span> <span class='ocrx_word' id='word_1_219' title='bbox 732 1916 1042 1959; x_wconf 88' lang='lat' dir='ltr'>Hierosolymitano</span> <span class='ocrx_word' id='word_1_220' title='bbox 1054 1939 1065 1955; x_wconf 91' lang='lat'>‚</span> <span class='ocrx_word' id='word_1_221' title='bbox 1091 1912 1184 1947; x_wconf 89' lang='lat' dir='ltr'>Tha-</span> 
     </span>
     <span class='ocr_line' id='line_1_34' title="bbox 297 1962 1183 2008; baseline -0.009 -3"><span class='ocrx_word' id='word_1_222' title='bbox 297 1970 392 2005; x_wconf 84' lang='lat' dir='ltr'>lassio</span> <span class='ocrx_word' id='word_1_223' title='bbox 415 1968 623 2007; x_wconf 70' lang='lat' dir='ltr'>caesareensi,</span> <span class='ocrx_word' id='word_1_224' title='bbox 653 1965 796 2000; x_wconf 90' lang='lat' dir='ltr'>Eusebio</span> <span class='ocrx_word' id='word_1_225' title='bbox 821 1965 1005 2008; x_wconf 81' lang='lat' dir='ltr'>Ancyrano</span> <span class='ocrx_word' id='word_1_226' title='bbox 1025 1988 1036 2004; x_wconf 95' lang='lat'>,</span> <span class='ocrx_word' id='word_1_227' title='bbox 1063 1962 1183 1997; x_wconf 83' lang='lat' dir='ltr'>Basilio</span> 
     </span>
     <span class='ocr_line' id='line_1_35' title="bbox 297 2013 1184 2059; baseline -0.01 -4"><span class='ocrx_word' id='word_1_228' title='bbox 297 2019 494 2056; x_wconf 80' lang='lat' dir='ltr'>Seleucienfi</span> <span class='ocrx_word' id='word_1_229' title='bbox 515 2043 526 2059; x_wconf 89' lang='lat'>,</span> <span class='ocrx_word' id='word_1_230' title='bbox 553 2029 590 2051; x_wconf 91' lang='lat' dir='ltr'>ac</span> <span class='ocrx_word' id='word_1_231' title='bbox 620 2016 770 2050; x_wconf 88' lang='lat' dir='ltr'>Eustatio</span> <span class='ocrx_word' id='word_1_232' title='bbox 796 2015 966 2059; x_wconf 87' lang='lat' dir='ltr'>Berytensi</span> <span class='ocrx_word' id='word_1_233' title='bbox 996 2013 1184 2057; x_wconf 83' lang='lat' dir='ltr'>Episcopo,</span> 
     </span>
     <span class='ocr_line' id='line_1_36' title="bbox 298 2062 1187 2115; baseline -0.011 -10"><span class='ocrx_word' id='word_1_234' title='bbox 298 2081 405 2115; x_wconf 88' lang='lat' dir='ltr'>quos,</span> <span class='ocrx_word' id='word_1_235' title='bbox 430 2070 480 2103; x_wconf 91' lang='lat' dir='ltr'>uti</span> <span class='ocrx_word' id='word_1_236' title='bbox 504 2066 660 2111; x_wconf 83' lang='lat' dir='ltr'>Ephefini</span> <span class='ocrx_word' id='word_1_237' title='bbox 685 2066 850 2099; x_wconf 88' lang='lat' dir='ltr'>latrocinii</span> <span class='ocrx_word' id='word_1_238' title='bbox 873 2066 983 2099; x_wconf 88' lang='lat' dir='ltr'>Duces</span> <span class='ocrx_word' id='word_1_239' title='bbox 1004 2065 1039 2097; x_wconf 88' lang='lat'>&amp;</span> <span class='ocrx_word' id='word_1_240' title='bbox 1061 2062 1187 2097; x_wconf 85' lang='lat' dir='ltr'>Princi-</span> 
     </span>
     <span class='ocr_line' id='line_1_37' title="bbox 298 2111 1184 2166; baseline -0.01 -11"><span class='ocrx_word' id='word_1_241' title='bbox 298 2132 356 2166; x_wconf 83' lang='lat' dir='ltr'>pes</span> <span class='ocrx_word' id='word_1_242' title='bbox 375 2145 386 2161; x_wconf 94' lang='lat'>,</span> <span class='ocrx_word' id='word_1_243' title='bbox 423 2118 555 2164; x_wconf 84' lang='lat' dir='ltr'>gloriosi</span> <span class='ocrx_word' id='word_1_244' title='bbox 575 2111 769 2161; x_wconf 70' lang='lat' dir='ltr'>judices‘ex</span> <span class='ocrx_word' id='word_1_245' title='bbox 791 2114 882 2158; x_wconf 69' lang='lat' dir='ltr'>supra</span> <span class='ocrx_word' id='word_1_246' title='bbox 910 2113 1050 2148; x_wconf 71' lang='lat' dir='ltr'>adducto</span> <span class='ocrx_word' id='word_1_247' title='bbox 1078 2113 1184 2147; x_wconf 69' lang='lat' dir='ltr'>Sansti</span> 
     </span>
     <span class='ocr_line' id='line_1_38' title="bbox 300 2163 1186 2210; baseline -0.01 -5"><span class='ocrx_word' id='word_1_248' title='bbox 300 2169 476 2206; x_wconf 78' lang='lat' dir='ltr'>Athanasii</span> <span class='ocrx_word' id='word_1_249' title='bbox 496 2167 638 2203; x_wconf 87' lang='lat' dir='ltr'>Canone</span> <span class='ocrx_word' id='word_1_250' title='bbox 658 2165 838 2210; x_wconf 83' lang='lat' dir='ltr'>judicarant</span> <span class='ocrx_word' id='word_1_251' title='bbox 859 2173 1012 2208; x_wconf 84' lang='lat' dir='ltr'>perpetua</span> <span class='ocrx_word' id='word_1_252' title='bbox 1034 2163 1186 2208; x_wconf 89' lang='lat' dir='ltr'>degrada-</span> 
     </span>
     <span class='ocr_line' id='line_1_39' title="bbox 299 2214 1187 2265; baseline -0.011 -9"><span class='ocrx_word' id='word_1_253' title='bbox 299 2223 395 2256; x_wconf 86' lang='lat' dir='ltr'>tione</span> <span class='ocrx_word' id='word_1_254' title='bbox 405 2220 527 2265; x_wconf 89' lang='lat' dir='ltr'>dignos</span> <span class='ocrx_word' id='word_1_255' title='bbox 539 2218 603 2252; x_wconf 67' lang='lat' dir='ltr'>unii</span> <span class='ocrx_word' id='word_1_256' title='bbox 623 2228 700 2252; x_wconf 88' lang='lat' dir='ltr'>cum</span> <span class='ocrx_word' id='word_1_257' title='bbox 713 2217 879 2250; x_wconf 90' lang='lat' dir='ltr'>Dioscoro</span> <span class='ocrx_word' id='word_1_258' title='bbox 890 2238 902 2255; x_wconf 91' lang='lat'>,</span> <span class='ocrx_word' id='word_1_259' title='bbox 927 2214 1073 2259; x_wconf 88' lang='lat' dir='ltr'>quosque</span> <span class='ocrx_word' id='word_1_260' title='bbox 1083 2215 1187 2256; x_wconf 89' lang='lat' dir='ltr'>Syno-</span> 
     </span>
     <span class='ocr_line' id='line_1_40' title="bbox 302 2264 1188 2314; baseline -0.01 -8"><span class='ocrx_word' id='word_1_261' title='bbox 302 2272 365 2306; x_wconf 82' lang='lat' dir='ltr'>dus</span> <span class='ocrx_word' id='word_1_262' title='bbox 377 2269 581 2314; x_wconf 88' lang='lat' dir='ltr'>suspenderat</span> <span class='ocrx_word' id='word_1_263' title='bbox 594 2267 636 2302; x_wconf 89' lang='lat' dir='ltr'>ab</span> <span class='ocrx_word' id='word_1_264' title='bbox 654 2265 870 2301; x_wconf 82' lang='lat' dir='ltr'>omniofficio</span> <span class='ocrx_word' id='word_1_265' title='bbox 882 2264 1068 2308; x_wconf 87' lang='lat' dir='ltr'>Episcopali</span> <span class='ocrx_word' id='word_1_266' title='bbox 1081 2278 1091 2298; x_wconf 85' lang='grc'>.-</span> <span class='ocrx_word' id='word_1_267' title='bbox 1119 2264 1188 2298; x_wconf 89' lang='lat' dir='ltr'>Eos</span> 
     </span>
     <span class='ocr_line' id='line_1_41' title="bbox 302 2314 1188 2366; baseline -0.011 -10"><span class='ocrx_word' id='word_1_268' title='bbox 302 2320 426 2366; x_wconf 84' lang='lat' dir='ltr'>integri</span> <span class='ocrx_word' id='word_1_269' title='bbox 438 2319 590 2364; x_wconf 86' lang='lat' dir='ltr'>Episcopi</span> <span class='ocrx_word' id='word_1_270' title='bbox 611 2317 754 2352; x_wconf 86' lang='lat' dir='ltr'>clamant</span> <span class='ocrx_word' id='word_1_271' title='bbox 772 2315 950 2360; x_wconf 74' lang='lat' dir='ltr'>poenitere,</span> <span class='ocrx_word' id='word_1_272' title='bbox 976 2314 1188 2356; x_wconf 77' lang='lat' dir='ltr'>subscripfiffe</span> 
     </span>
     <span class='ocr_line' id='line_1_42' title="bbox 306 2361 1188 2416; baseline -0.01 -11"><span class='ocrx_word' id='word_1_273' title='bbox 306 2370 506 2416; x_wconf 81' lang='lat' dir='ltr'>Apostolico</span> <span class='ocrx_word' id='word_1_274' title='bbox 517 2379 611 2403; x_wconf 91' lang='lat' dir='ltr'>torno</span> <span class='ocrx_word' id='word_1_275' title='bbox 624 2393 634 2410; x_wconf 92' lang='lat'>,</span> <span class='ocrx_word' id='word_1_276' title='bbox 661 2369 746 2402; x_wconf 68' lang='lat' dir='ltr'>resta</span> <span class='ocrx_word' id='word_1_277' title='bbox 755 2367 791 2402; x_wconf 89' lang='lat' dir='ltr'>in</span> <span class='ocrx_word' id='word_1_278' title='bbox 802 2364 956 2401; x_wconf 89' lang='lat' dir='ltr'>omnibus</span> <span class='ocrx_word' id='word_1_279' title='bbox 967 2365 1073 2409; x_wconf 84' lang='lat' dir='ltr'>sapere</span> <span class='ocrx_word' id='word_1_280' title='bbox 1082 2389 1092 2405; x_wconf 92' lang='lat'>‚</span> <span class='ocrx_word' id='word_1_281' title='bbox 1105 2361 1188 2397; x_wconf 80' lang='lat' dir='ltr'>ideo-</span> 
     </span>
     <span class='ocr_line' id='line_1_43' title="bbox 307 2419 712 2467; baseline -0.015 -11"><span class='ocrx_word' id='word_1_282' title='bbox 307 2433 372 2467; x_wconf 86' lang='lat' dir='ltr'>que</span> <span class='ocrx_word' id='word_1_283' title='bbox 383 2421 445 2455; x_wconf 79' lang='lat' dir='ltr'>esse</span> <span class='ocrx_word' id='word_1_284' title='bbox 457 2420 562 2465; x_wconf 82' lang='lat' dir='ltr'>gratia</span> <span class='ocrx_word' id='word_1_285' title='bbox 573 2419 712 2463; x_wconf 89' lang='lat' dir='ltr'>dignos.</span> 
     </span>
    </p>

    <p class='ocr_par' dir='ltr' id='par_1_4' title="bbox 308 2464 1197 3410">
     <span class='ocr_line' id='line_1_44' title="bbox 357 2464 1190 2513; baseline -0.01 -7"><span class='ocrx_word' id='word_1_286' title='bbox 357 2472 473 2506; x_wconf 88' lang='lat' dir='ltr'>Preces</span> <span class='ocrx_word' id='word_1_287' title='bbox 493 2471 625 2504; x_wconf 89' lang='lat' dir='ltr'>fuerunt</span> <span class='ocrx_word' id='word_1_288' title='bbox 646 2477 742 2513; x_wconf 87' lang='lat' dir='ltr'>gratae</span> <span class='ocrx_word' id='word_1_289' title='bbox 751 2464 936 2510; x_wconf 81' lang='lat' dir='ltr'>judicibus,</span> <span class='ocrx_word' id='word_1_290' title='bbox 962 2465 1190 2500; x_wconf 84' lang='lat' dir='ltr'>interlocutis:</span> 
     </span>
     <span class='ocr_line' id='line_1_45' title="bbox 309 2515 1193 2567; baseline -0.011 -11"><span class='ocrx_word' id='word_1_291' title='bbox 309 2522 498 2567; x_wconf 73' lang='lat' dir='ltr'>Suggeffimus</span> <span class='ocrx_word' id='word_1_292' title='bbox 518 2523 600 2553; x_wconf 82' lang='lat' dir='ltr'>Divo</span> <span class='ocrx_word' id='word_1_293' title='bbox 619 2517 781 2559; x_wconf 74' lang='lat' dir='ltr'>&amp;piiffimo</span> <span class='ocrx_word' id='word_1_294' title='bbox 803 2520 928 2549; x_wconf 81' lang='lat' dir='ltr'>Domino</span> <span class='ocrx_word' id='word_1_295' title='bbox 949 2515 1041 2556; x_wconf 80' lang='lat' dir='ltr'>nostro</span> <span class='ocrx_word' id='word_1_296' title='bbox 1061 2520 1193 2557; x_wconf 84' lang='lat' dir='ltr'>Impera-</span> 
     </span>
     <span class='ocr_line' id='line_1_46' title="bbox 309 2566 1194 2613; baseline -0.012 -6"><span class='ocrx_word' id='word_1_297' title='bbox 309 2573 416 2607; x_wconf 78' lang='lat' dir='ltr'>toride</span> <span class='ocrx_word' id='word_1_298' title='bbox 437 2569 525 2613; x_wconf 63' lang='lat' dir='ltr'>ipsis,</span> <span class='ocrx_word' id='word_1_299' title='bbox 552 2572 586 2604; x_wconf 57' lang='grc' dir='ltr'>(τ’</span> <span class='ocrx_word' id='word_1_300' title='bbox 601 2566 806 2611; x_wconf 60' lang='grc' dir='ltr'>εκβὶεδῖαιηω</span> <span class='ocrx_word' id='word_1_301' title='bbox 819 2569 953 2599; x_wconf 83' lang='lat' dir='ltr'>Pietatis</span> <span class='ocrx_word' id='word_1_302' title='bbox 977 2567 1041 2606; x_wconf 84' lang='lat' dir='ltr'>ejus</span> <span class='ocrx_word' id='word_1_303' title='bbox 1067 2566 1194 2597; x_wconf 82' lang='lat' dir='ltr'>manda-</span> 
     </span>
     <span class='ocr_line' id='line_1_47' title="bbox 308 2613 1194 2662; baseline -0.012 -5"><span class='ocrx_word' id='word_1_304' title='bbox 308 2634 362 2657; x_wconf 81' lang='lat' dir='ltr'>ta.</span> <span class='ocrx_word' id='word_1_305' title='bbox 393 2621 494 2662; x_wconf 79' lang='lat' dir='ltr'>Vestra</span> <span class='ocrx_word' id='word_1_306' title='bbox 517 2628 618 2653; x_wconf 81' lang='lat' dir='ltr'>autem</span> <span class='ocrx_word' id='word_1_307' title='bbox 630 2621 810 2651; x_wconf 85' lang='lat' dir='ltr'>Reverentia</span> <span class='ocrx_word' id='word_1_308' title='bbox 832 2617 914 2650; x_wconf 74' lang='lat' dir='ltr'>&amp;de</span> <span class='ocrx_word' id='word_1_309' title='bbox 925 2619 982 2648; x_wconf 89' lang='lat' dir='ltr'>Dio</span> <span class='ocrx_word' id='word_1_310' title='bbox 985 2613 1084 2659; x_wconf 76' lang='lat' dir='ltr'>scoto,</span> <span class='ocrx_word' id='word_1_311' title='bbox 1109 2616 1194 2657; x_wconf 74' lang='lat' dir='ltr'>quia</span> 
     </span>
     <span class='ocr_line' id='line_1_48' title="bbox 311 2664 1194 2712; baseline -0.011 -6"><span class='ocrx_word' id='word_1_312' title='bbox 311 2673 398 2706; x_wconf 77' lang='lat' dir='ltr'>vobis</span> <span class='ocrx_word' id='word_1_313' title='bbox 410 2673 573 2705; x_wconf 87' lang='lat' dir='ltr'>damnatus</span> <span class='ocrx_word' id='word_1_314' title='bbox 595 2668 633 2710; x_wconf 87' lang='lat' dir='ltr'>est</span> <span class='ocrx_word' id='word_1_315' title='bbox 645 2675 800 2712; x_wconf 76' lang='lat' dir='ltr'>ignorante</span> <span class='ocrx_word' id='word_1_316' title='bbox 812 2670 893 2699; x_wconf 86' lang='lat' dir='ltr'>Divo</span> <span class='ocrx_word' id='word_1_317' title='bbox 904 2669 1015 2699; x_wconf 84' lang='lat' dir='ltr'>Vertice</span> <span class='ocrx_word' id='word_1_318' title='bbox 1038 2666 1072 2699; x_wconf 54' lang='grc' dir='ltr'>ἐν</span> <span class='ocrx_word' id='word_1_319' title='bbox 1085 2664 1168 2698; x_wconf 84' lang='lat' dir='ltr'>nobis</span> <span class='ocrx_word' id='word_1_320' title='bbox 1183 2689 1194 2706; x_wconf 86' lang='lat'>,</span> 
     </span>
     <span class='ocr_line' id='line_1_49' title="bbox 311 2714 1195 2764; baseline -0.011 -7"><span class='ocrx_word' id='word_1_321' title='bbox 311 2724 347 2757; x_wconf 64' lang='grc'>(9·</span> <span class='ocrx_word' id='word_1_322' title='bbox 369 2723 407 2756; x_wconf 90' lang='lat' dir='ltr'>de</span> <span class='ocrx_word' id='word_1_323' title='bbox 428 2719 494 2764; x_wconf 82' lang='lat' dir='ltr'>ipfis</span> <span class='ocrx_word' id='word_1_324' title='bbox 515 2725 662 2762; x_wconf 86' lang='lat' dir='ltr'>quinque,</span> <span class='ocrx_word' id='word_1_325' title='bbox 685 2726 742 2760; x_wconf 87' lang='lat' dir='ltr'>pro</span> <span class='ocrx_word' id='word_1_326' title='bbox 755 2716 859 2759; x_wconf 75' lang='lat' dir='ltr'>quibus</span> <span class='ocrx_word' id='word_1_327' title='bbox 877 2721 1051 2758; x_wconf 81' lang='lat' dir='ltr'>petitionem</span> <span class='ocrx_word' id='word_1_328' title='bbox 1064 2714 1195 2757; x_wconf 82' lang='lat' dir='ltr'>facitis,</span> 
     </span>
     <span class='ocr_line' id='line_1_50' title="bbox 313 2764 1195 2811; baseline -0.01 -4"><span class='ocrx_word' id='word_1_329' title='bbox 313 2775 397 2807; x_wconf 70' lang='lat' dir='ltr'>&amp;de</span> <span class='ocrx_word' id='word_1_330' title='bbox 405 2771 538 2805; x_wconf 84' lang='lat' dir='ltr'>omnibus</span> <span class='ocrx_word' id='word_1_331' title='bbox 550 2770 631 2802; x_wconf 65' lang='lat' dir='ltr'>Attis</span> <span class='ocrx_word' id='word_1_332' title='bbox 653 2776 685 2802; x_wconf 87' lang='lat' dir='ltr'>in</span> <span class='ocrx_word' id='word_1_333' title='bbox 691 2766 802 2811; x_wconf 67' lang='lat' dir='ltr'>sandla</span> <span class='ocrx_word' id='word_1_334' title='bbox 814 2767 922 2805; x_wconf 71' lang='lat' dir='ltr'>synodo</span> <span class='ocrx_word' id='word_1_335' title='bbox 942 2764 1029 2798; x_wconf 87' lang='lat' dir='ltr'>dabit</span> <span class='ocrx_word' id='word_1_336' title='bbox 1050 2771 1195 2799; x_wconf 84' lang='lat' dir='ltr'>rationem</span> 
     </span>
     <span class='ocr_line' id='line_1_51' title="bbox 316 2814 1195 2864; baseline -0.009 -9"><span class='ocrx_word' id='word_1_337' title='bbox 316 2826 399 2856; x_wconf 89' lang='lat' dir='ltr'>Deo.</span> <span class='ocrx_word' id='word_1_338' title='bbox 426 2821 470 2855; x_wconf 89' lang='lat' dir='ltr'>Et</span> <span class='ocrx_word' id='word_1_339' title='bbox 483 2818 637 2864; x_wconf 86' lang='lat' dir='ltr'>Episcopi</span> <span class='ocrx_word' id='word_1_340' title='bbox 649 2816 906 2862; x_wconf 85' lang='lat' dir='ltr'>responderunt:</span> <span class='ocrx_word' id='word_1_341' title='bbox 933 2814 1100 2859; x_wconf 85' lang='lat' dir='ltr'>Dioscorum</span> <span class='ocrx_word' id='word_1_342' title='bbox 1113 2819 1195 2849; x_wconf 76' lang='lat' dir='ltr'>Deus</span> 
     </span>
     <span class='ocr_line' id='line_1_52' title="bbox 312 2864 1196 2916; baseline -0.009 -10"><span class='ocrx_word' id='word_1_343' title='bbox 312 2870 468 2916; x_wconf 78' lang='lat' dir='ltr'>deposuit,</span> <span class='ocrx_word' id='word_1_344' title='bbox 495 2868 649 2913; x_wconf 78' lang='lat' dir='ltr'>Dioscorus</span> <span class='ocrx_word' id='word_1_345' title='bbox 653 2868 733 2910; x_wconf 64' lang='lat' dir='ltr'>Juste*</span> <span class='ocrx_word' id='word_1_346' title='bbox 750 2869 914 2901; x_wconf 88' lang='lat' dir='ltr'>damnatus</span> <span class='ocrx_word' id='word_1_347' title='bbox 933 2865 973 2906; x_wconf 87' lang='lat' dir='ltr'>est</span> <span class='ocrx_word' id='word_1_348' title='bbox 986 2890 996 2906; x_wconf 92' lang='lat'>,</span> <span class='ocrx_word' id='word_1_349' title='bbox 1023 2864 1196 2909; x_wconf 84' lang='lat' dir='ltr'>Dioscorum</span> 
     </span>
     <span class='ocr_line' id='line_1_53' title="bbox 317 2916 1197 2965; baseline -0.005 -12"><span class='ocrx_word' id='word_1_350' title='bbox 317 2922 448 2963; x_wconf 86' lang='lat' dir='ltr'>Christus</span> <span class='ocrx_word' id='word_1_351' title='bbox 457 2919 591 2965; x_wconf 80' lang='lat' dir='ltr'>deposuit</span> <span class='ocrx_word' id='word_1_352' title='bbox 602 2945 610 2953; x_wconf 95' lang='lat'>.</span> <span class='ocrx_word' id='word_1_353' title='bbox 637 2920 681 2953; x_wconf 93' lang='lat' dir='ltr'>Et</span> <span class='ocrx_word' id='word_1_354' title='bbox 693 2930 770 2954; x_wconf 87' lang='lat' dir='ltr'>ecce</span> <span class='ocrx_word' id='word_1_355' title='bbox 781 2916 915 2952; x_wconf 88' lang='lat' dir='ltr'>interim</span> <span class='ocrx_word' id='word_1_356' title='bbox 924 2916 1065 2950; x_wconf 84' lang='lat' dir='ltr'>adfertur</span> <span class='ocrx_word' id='word_1_357' title='bbox 1077 2917 1197 2960; x_wconf 89' lang='lat' dir='ltr'>gratio-</span> 
     </span>
     <span class='ocr_line' id='line_1_54' title="bbox 318 2965 1197 3014; baseline -0.008 -9"><span class='ocrx_word' id='word_1_358' title='bbox 318 2971 390 3005; x_wconf 87' lang='lat' dir='ltr'>sum</span> <span class='ocrx_word' id='word_1_359' title='bbox 410 2972 450 3005; x_wconf 88' lang='lat' dir='ltr'>ad</span> <span class='ocrx_word' id='word_1_360' title='bbox 462 2973 560 3005; x_wconf 60' lang='lat' dir='ltr'>factas</span> <span class='ocrx_word' id='word_1_361' title='bbox 571 2981 630 3014; x_wconf 92' lang='lat' dir='ltr'>pro</span> <span class='ocrx_word' id='word_1_362' title='bbox 641 2970 786 3014; x_wconf 88' lang='lat' dir='ltr'>quinque</span> <span class='ocrx_word' id='word_1_363' title='bbox 799 2966 973 3010; x_wconf 86' lang='lat' dir='ltr'>Episcopis</span> <span class='ocrx_word' id='word_1_364' title='bbox 990 2977 1094 3009; x_wconf 87' lang='lat' dir='ltr'>preces</span> <span class='ocrx_word' id='word_1_365' title='bbox 1106 2965 1197 2999; x_wconf 88' lang='lat' dir='ltr'>Prin-</span> 
     </span>
     <span class='ocr_line' id='line_1_55' title="bbox 318 3014 1197 3065; baseline -0.008 -10"><span class='ocrx_word' id='word_1_366' title='bbox 318 3020 402 3065; x_wconf 85' lang='lat' dir='ltr'>cipis</span> <span class='ocrx_word' id='word_1_367' title='bbox 419 3021 643 3064; x_wconf 87' lang='lat' dir='ltr'>Responsum,</span> <span class='ocrx_word' id='word_1_368' title='bbox 669 3030 766 3061; x_wconf 89' lang='lat' dir='ltr'>atque</span> <span class='ocrx_word' id='word_1_369' title='bbox 779 3018 823 3052; x_wconf 92' lang='lat' dir='ltr'>ita</span> <span class='ocrx_word' id='word_1_370' title='bbox 836 3016 969 3061; x_wconf 80' lang='lat' dir='ltr'>gloriosi</span> <span class='ocrx_word' id='word_1_371' title='bbox 981 3014 1101 3059; x_wconf 82' lang='lat' dir='ltr'>judices</span> <span class='ocrx_word' id='word_1_372' title='bbox 1123 3016 1197 3049; x_wconf 91' lang='lat' dir='ltr'>sunt</span> 
     </span>
     <span class='ocr_line' id='line_1_56' title="bbox 321 3065 1196 3111; baseline -0.011 -5"><span class='ocrx_word' id='word_1_373' title='bbox 321 3067 434 3106; x_wconf 76' lang='lat' dir='ltr'>denuo</span> <span class='ocrx_word' id='word_1_374' title='bbox 450 3070 637 3111; x_wconf 85' lang='lat' dir='ltr'>interlocuti</span> <span class='ocrx_word' id='word_1_375' title='bbox 658 3083 666 3103; x_wconf 73' lang='grc' dir='ltr'>ε</span> <span class='ocrx_word' id='word_1_376' title='bbox 694 3070 838 3110; x_wconf 79' lang='lat' dir='ltr'>Piiffimus</span> <span class='ocrx_word' id='word_1_377' title='bbox 860 3065 949 3107; x_wconf 86' lang='lat' dir='ltr'>noster</span> <span class='ocrx_word' id='word_1_378' title='bbox 960 3070 1124 3108; x_wconf 83' lang='lat' dir='ltr'>Imperator</span> <span class='ocrx_word' id='word_1_379' title='bbox 1145 3066 1196 3097; x_wconf 83' lang='lat' dir='ltr'>ad-</span> 
     </span>
     <span class='ocr_line' id='line_1_57' title="bbox 323 3115 1197 3164; baseline -0.007 -10"><span class='ocrx_word' id='word_1_380' title='bbox 323 3118 435 3164; x_wconf 85' lang='lat' dir='ltr'>discens</span> <span class='ocrx_word' id='word_1_381' title='bbox 455 3119 567 3159; x_wconf 83' lang='lat' dir='ltr'>vestras</span> <span class='ocrx_word' id='word_1_382' title='bbox 574 3129 674 3161; x_wconf 85' lang='lat' dir='ltr'>preces</span> <span class='ocrx_word' id='word_1_383' title='bbox 687 3144 698 3161; x_wconf 94' lang='lat'>,</span> <span class='ocrx_word' id='word_1_384' title='bbox 721 3119 880 3162; x_wconf 64' lang='lat' dir='ltr'>sententiae</span> <span class='ocrx_word' id='word_1_385' title='bbox 893 3116 999 3159; x_wconf 81' lang='lat' dir='ltr'>vestrae</span> <span class='ocrx_word' id='word_1_386' title='bbox 1013 3115 1146 3158; x_wconf 77' lang='lat' dir='ltr'>permifit</span> <span class='ocrx_word' id='word_1_387' title='bbox 1160 3117 1197 3149; x_wconf 90' lang='lat' dir='ltr'>de</span> 
     </span>
     <span class='ocr_line' id='line_1_58' title="bbox 318 3163 1195 3217; baseline -0.005 -13"><span class='ocrx_word' id='word_1_388' title='bbox 318 3169 476 3217; x_wconf 83' lang='lat' dir='ltr'>Juvenale</span> <span class='ocrx_word' id='word_1_389' title='bbox 497 3168 678 3210; x_wconf 87' lang='lat' dir='ltr'>deliberare,</span> <span class='ocrx_word' id='word_1_390' title='bbox 704 3170 737 3203; x_wconf 61' lang='grc' dir='ltr'>Θ·</span> <span class='ocrx_word' id='word_1_391' title='bbox 755 3171 791 3202; x_wconf 89' lang='lat' dir='ltr'>de</span> <span class='ocrx_word' id='word_1_392' title='bbox 811 3167 972 3208; x_wconf 83' lang='lat' dir='ltr'>Thalaffio,</span> <span class='ocrx_word' id='word_1_393' title='bbox 999 3168 1033 3201; x_wconf 73' lang='grc' dir='ltr'>(ιτ</span> <span class='ocrx_word' id='word_1_394' title='bbox 1054 3168 1090 3199; x_wconf 86' lang='lat' dir='ltr'>de</span> <span class='ocrx_word' id='word_1_395' title='bbox 1103 3163 1195 3209; x_wconf 83' lang='lat' dir='ltr'>Euse-</span> 
     </span>
     <span class='ocr_line' id='line_1_59' title="bbox 325 3216 1196 3260; baseline -0.007 -7"><span class='ocrx_word' id='word_1_396' title='bbox 325 3221 372 3254; x_wconf 85' lang='lat' dir='ltr'>bio</span> <span class='ocrx_word' id='word_1_397' title='bbox 385 3244 396 3260; x_wconf 91' lang='lat'>,</span> <span class='ocrx_word' id='word_1_398' title='bbox 421 3220 503 3253; x_wconf 68' lang='lat' dir='ltr'>&amp;de</span> <span class='ocrx_word' id='word_1_399' title='bbox 515 3216 642 3259; x_wconf 70' lang='lat' dir='ltr'>Basilio,</span> <span class='ocrx_word' id='word_1_400' title='bbox 667 3220 700 3252; x_wconf 64' lang='grc' dir='ltr'>Θ</span> <span class='ocrx_word' id='word_1_401' title='bbox 715 3220 752 3251; x_wconf 87' lang='lat' dir='ltr'>de</span> <span class='ocrx_word' id='word_1_402' title='bbox 772 3217 909 3257; x_wconf 85' lang='lat' dir='ltr'>Eustatio</span> <span class='ocrx_word' id='word_1_403' title='bbox 920 3242 931 3258; x_wconf 95' lang='lat'>,</span> <span class='ocrx_word' id='word_1_404' title='bbox 958 3217 1196 3256; x_wconf 77' lang='lat' dir='ltr'>reverendtffimis</span> 
     </span>
     <span class='ocr_line' id='line_1_60' title="bbox 327 3266 1195 3312; baseline -0.005 -10"><span class='ocrx_word' id='word_1_405' title='bbox 327 3268 480 3312; x_wconf 86' lang='lat' dir='ltr'>Episcopis</span> <span class='ocrx_word' id='word_1_406' title='bbox 493 3293 505 3309; x_wconf 92' lang='lat'>,</span> <span class='ocrx_word' id='word_1_407' title='bbox 528 3279 597 3310; x_wconf 81' lang='lat' dir='ltr'>quae</span> <span class='ocrx_word' id='word_1_408' title='bbox 606 3266 689 3300; x_wconf 80' lang='lat' dir='ltr'>vobis</span> <span class='ocrx_word' id='word_1_409' title='bbox 706 3268 891 3308; x_wconf 84' lang='lat' dir='ltr'>placuerint.</span> <span class='ocrx_word' id='word_1_410' title='bbox 919 3269 1001 3311; x_wconf 73' lang='lat' dir='ltr'>Ergo</span> <span class='ocrx_word' id='word_1_411' title='bbox 1012 3266 1109 3307; x_wconf 84' lang='lat' dir='ltr'>vestra</span> <span class='ocrx_word' id='word_1_412' title='bbox 1120 3267 1195 3299; x_wconf 83' lang='lat' dir='ltr'>Reli-</span> 
     </span>
     <span class='ocr_line' id='line_1_61' title="bbox 324 3316 1197 3364; baseline -0.003 -13"><span class='ocrx_word' id='word_1_413' title='bbox 324 3319 440 3364; x_wconf 80' lang='lat' dir='ltr'>giofitas</span> <span class='ocrx_word' id='word_1_414' title='bbox 449 3316 598 3361; x_wconf 83' lang='lat' dir='ltr'>cognoscat</span> <span class='ocrx_word' id='word_1_415' title='bbox 610 3341 622 3358; x_wconf 94' lang='lat'>,</span> <span class='ocrx_word' id='word_1_416' title='bbox 645 3321 717 3360; x_wconf 83' lang='lat' dir='ltr'>quia</span> <span class='ocrx_word' id='word_1_417' title='bbox 731 3319 791 3349; x_wconf 91' lang='lat' dir='ltr'>Deo</span> <span class='ocrx_word' id='word_1_418' title='bbox 800 3317 836 3349; x_wconf 89' lang='lat' dir='ltr'>de</span> <span class='ocrx_word' id='word_1_419' title='bbox 845 3316 894 3348; x_wconf 86' lang='lat' dir='ltr'>bis</span> <span class='ocrx_word' id='word_1_420' title='bbox 905 3341 915 3357; x_wconf 91' lang='lat'>,</span> <span class='ocrx_word' id='word_1_421' title='bbox 940 3328 1006 3358; x_wconf 81' lang='lat' dir='ltr'>quae</span> <span class='ocrx_word' id='word_1_422' title='bbox 1017 3316 1097 3358; x_wconf 86' lang='lat' dir='ltr'>fiunt</span> <span class='ocrx_word' id='word_1_423' title='bbox 1109 3341 1119 3357; x_wconf 93' lang='lat'>,</span> <span class='ocrx_word' id='word_1_424' title='bbox 1146 3317 1197 3348; x_wconf 88' lang='lat' dir='ltr'>da-</span> 
     </span>
     <span class='ocr_line' id='line_1_62' title="bbox 331 3364 1196 3410; baseline -0.006 -8"><span class='ocrx_word' id='word_1_425' title='bbox 331 3368 375 3402; x_wconf 85' lang='lat' dir='ltr'>bit</span> <span class='ocrx_word' id='word_1_426' title='bbox 396 3374 541 3401; x_wconf 85' lang='lat' dir='ltr'>rationem</span> <span class='ocrx_word' id='word_1_427' title='bbox 560 3392 571 3409; x_wconf 91' lang='lat'>‚</span> <span class='ocrx_word' id='word_1_428' title='bbox 601 3368 678 3410; x_wconf 87' lang='lat' dir='ltr'>quid</span> <span class='ocrx_word' id='word_1_429' title='bbox 694 3366 761 3408; x_wconf 76' lang='lat' dir='ltr'>fieri</span> <span class='ocrx_word' id='word_1_430' title='bbox 782 3367 820 3399; x_wconf 87' lang='lat' dir='ltr'>de</span> <span class='ocrx_word' id='word_1_431' title='bbox 838 3364 904 3409; x_wconf 81' lang='lat' dir='ltr'>ipfis</span> <span class='ocrx_word' id='word_1_432' title='bbox 926 3366 1052 3407; x_wconf 87' lang='lat' dir='ltr'>debeat,</span> <span class='ocrx_word' id='word_1_433' title='bbox 1078 3372 1196 3410; x_wconf 83' lang='lat' dir='ltr'>cogitet.</span> 
     </span>
    </p>

    <p class='ocr_par' dir='ltr' id='par_1_5' title="bbox 296 3416 1198 3465">
     <span class='ocr_line' id='line_1_63' title="bbox 296 3416 1198 3465; baseline -0.007 -10"><span class='ocrx_word' id='word_1_434' title='bbox 296 3450 301 3460; x_wconf 70' lang='grc'><em>,</em></span> <span class='ocrx_word' id='word_1_435' title='bbox 332 3417 474 3465; x_wconf 72' lang='lat' dir='ltr'>Lapsum</span> <span class='ocrx_word' id='word_1_436' title='bbox 494 3417 694 3464; x_wconf 83' lang='lat' dir='ltr'>Episcopum</span> <span class='ocrx_word' id='word_1_437' title='bbox 712 3426 861 3462; x_wconf 32' lang='lat' dir='ltr'>repar-arex</span> <span class='ocrx_word' id='word_1_438' title='bbox 879 3425 937 3450; x_wconf 85' lang='lat' dir='ltr'>aut</span> <span class='ocrx_word' id='word_1_439' title='bbox 959 3416 1134 3461; x_wconf 87' lang='lat' dir='ltr'>degradare</span> <span class='ocrx_word' id='word_1_440' title='bbox 1153 3416 1198 3450; x_wconf 85' lang='lat' dir='ltr'>est</span> 
     </span>
    </p>
   </div>
   <div class='ocr_carea' id='block_1_4' title="bbox 961 141 1424 184">
    <p class='ocr_par' dir='ltr' id='par_1_6' title="bbox 961 141 1424 184">
     <span class='ocr_line' id='line_1_64' title="bbox 961 141 1424 184; baseline -0.002 0"><span class='ocrx_word' id='word_1_441' title='bbox 961 141 1424 184; x_wconf 59' lang='grc' dir='ltr'>ΑιιυεΝῡικ</span> 
     </span>
    </p>
   </div>
   <div class='ocr_carea' id='block_1_5' title="bbox 1249 214 2138 2407">
    <p class='ocr_par' dir='ltr' id='par_1_7' title="bbox 1249 214 2138 2407">
     <span class='ocr_line' id='line_1_65' title="bbox 1256 214 2129 266; baseline 0.008 -16"><span class='ocrx_word' id='word_1_442' title='bbox 1256 229 1302 251; x_wconf 87' lang='lat' dir='ltr'>res</span> <span class='ocrx_word' id='word_1_443' title='bbox 1322 220 1606 255; x_wconf 83' lang='lat' dir='ltr'>momentofiffima</span> <span class='ocrx_word' id='word_1_444' title='bbox 1620 245 1631 262; x_wconf 92' lang='lat'>,</span> <span class='ocrx_word' id='word_1_445' title='bbox 1656 220 1795 266; x_wconf 74' lang='lat' dir='ltr'>idedque</span> <span class='ocrx_word' id='word_1_446' title='bbox 1815 214 2048 256; x_wconf 84' lang='lat' dir='ltr'>&amp;Marcianus</span> <span class='ocrx_word' id='word_1_447' title='bbox 2060 218 2129 257; x_wconf 87' lang='lat' dir='ltr'>Au—</span> 
     </span>
     <span class='ocr_line' id='line_1_66' title="bbox 1255 267 2128 316; baseline 0.008 -16"><span class='ocrx_word' id='word_1_448' title='bbox 1255 267 1367 311; x_wconf 84' lang='lat' dir='ltr'>gustus</span> <span class='ocrx_word' id='word_1_449' title='bbox 1389 269 1422 302; x_wconf 77' lang='grc' dir='ltr'>ὅ(</span> <span class='ocrx_word' id='word_1_450' title='bbox 1434 269 1565 312; x_wconf 80' lang='lat' dir='ltr'>gloriosi</span> <span class='ocrx_word' id='word_1_451' title='bbox 1586 269 1706 313; x_wconf 78' lang='lat' dir='ltr'>judices</span> <span class='ocrx_word' id='word_1_452' title='bbox 1715 272 1912 316; x_wconf 88' lang='lat' dir='ltr'>reliquerunt</span> <span class='ocrx_word' id='word_1_453' title='bbox 1924 271 1989 305; x_wconf 71' lang='lat' dir='ltr'>haec</span> <span class='ocrx_word' id='word_1_454' title='bbox 2011 274 2128 307; x_wconf 71' lang='lat' dir='ltr'>cunsta</span> 
     </span>
     <span class='ocr_line' id='line_1_67' title="bbox 1255 316 2128 361; baseline 0.006 -11"><span class='ocrx_word' id='word_1_455' title='bbox 1255 316 1393 360; x_wconf 91' lang='lat' dir='ltr'>Synodo</span> <span class='ocrx_word' id='word_1_456' title='bbox 1404 320 1494 356; x_wconf 77' lang='lat' dir='ltr'>‚suas</span> <span class='ocrx_word' id='word_1_457' title='bbox 1506 319 1563 361; x_wconf 86' lang='lat' dir='ltr'>ipsi</span> <span class='ocrx_word' id='word_1_458' title='bbox 1577 321 1792 356; x_wconf 86' lang='lat' dir='ltr'>conscientias</span> <span class='ocrx_word' id='word_1_459' title='bbox 1801 332 2016 357; x_wconf 82' lang='lat' dir='ltr'>exonerantes</span> <span class='ocrx_word' id='word_1_460' title='bbox 2027 346 2035 354; x_wconf 89' lang='lat'><strong>.</strong></span> <span class='ocrx_word' id='word_1_461' title='bbox 2063 322 2128 356; x_wconf 85' lang='lat' dir='ltr'>Re-</span> 
     </span>
     <span class='ocr_line' id='line_1_68' title="bbox 1253 367 2130 415; baseline 0.006 -15"><span class='ocrx_word' id='word_1_462' title='bbox 1253 367 1362 408; x_wconf 87' lang='lat' dir='ltr'>posuit</span> <span class='ocrx_word' id='word_1_463' title='bbox 1380 367 1457 401; x_wconf 79' lang='lat' dir='ltr'>vero</span> <span class='ocrx_word' id='word_1_464' title='bbox 1471 367 1647 402; x_wconf 85' lang='lat' dir='ltr'>Anatolius</span> <span class='ocrx_word' id='word_1_465' title='bbox 1661 369 1836 414; x_wconf 84' lang='lat' dir='ltr'>Episcopus</span> <span class='ocrx_word' id='word_1_466' title='bbox 1846 372 2130 415; x_wconf 83' lang='lat' dir='ltr'>Constantinopo-</span> 
     </span>
     <span class='ocr_line' id='line_1_69' title="bbox 1254 416 2128 457; baseline 0.008 -9"><span class='ocrx_word' id='word_1_467' title='bbox 1254 416 1394 451; x_wconf 80' lang='lat' dir='ltr'>litanus.</span> <span class='ocrx_word' id='word_1_468' title='bbox 1424 421 1559 451; x_wconf 87' lang='lat' dir='ltr'>Petimus</span> <span class='ocrx_word' id='word_1_469' title='bbox 1572 429 1619 451; x_wconf 81' lang='lat' dir='ltr'>eos</span> <span class='ocrx_word' id='word_1_470' title='bbox 1641 425 1776 454; x_wconf 83' lang='lat' dir='ltr'>intrare.</span> <span class='ocrx_word' id='word_1_471' title='bbox 1801 421 1845 455; x_wconf 89' lang='lat' dir='ltr'>Et</span> <span class='ocrx_word' id='word_1_472' title='bbox 1856 434 1971 457; x_wconf 86' lang='lat' dir='ltr'>omnes</span> <span class='ocrx_word' id='word_1_473' title='bbox 1994 434 2058 456; x_wconf 85' lang='lat' dir='ltr'>una</span> <span class='ocrx_word' id='word_1_474' title='bbox 2071 433 2128 455; x_wconf 87' lang='lat' dir='ltr'>vo·</span> 
     </span>
     <span class='ocr_line' id='line_1_70' title="bbox 1251 467 2125 516; baseline 0.005 -16"><span class='ocrx_word' id='word_1_475' title='bbox 1251 477 1287 500; x_wconf 90' lang='lat' dir='ltr'>ce</span> <span class='ocrx_word' id='word_1_476' title='bbox 1310 467 1484 511; x_wconf 85' lang='lat' dir='ltr'>Episcopi:</span> <span class='ocrx_word' id='word_1_477' title='bbox 1512 472 1661 512; x_wconf 83' lang='lat' dir='ltr'>Rogamus</span> <span class='ocrx_word' id='word_1_478' title='bbox 1685 480 1730 502; x_wconf 81' lang='lat' dir='ltr'>eos</span> <span class='ocrx_word' id='word_1_479' title='bbox 1751 474 1884 504; x_wconf 80' lang='lat' dir='ltr'>intrare.</span> <span class='ocrx_word' id='word_1_480' title='bbox 1912 476 1976 516; x_wconf 78' lang='lat' dir='ltr'>‚Qui</span> <span class='ocrx_word' id='word_1_481' title='bbox 1989 471 2125 514; x_wconf 75' lang='lat' dir='ltr'>similiter</span> 
     </span>
     <span class='ocr_line' id='line_1_71' title="bbox 1250 517 2128 562; baseline 0.007 -13"><span class='ocrx_word' id='word_1_482' title='bbox 1250 517 1372 550; x_wconf 86' lang='lat' dir='ltr'>credunt</span> <span class='ocrx_word' id='word_1_483' title='bbox 1384 541 1395 558; x_wconf 93' lang='lat'>‚</span> <span class='ocrx_word' id='word_1_484' title='bbox 1421 519 1466 551; x_wconf 84' lang='lat' dir='ltr'>ad</span> <span class='ocrx_word' id='word_1_485' title='bbox 1484 519 1646 556; x_wconf 73' lang='lat' dir='ltr'>synodum.</span> <span class='ocrx_word' id='word_1_486' title='bbox 1674 521 1739 562; x_wconf 72' lang='lat' dir='ltr'>‚Qui</span> <span class='ocrx_word' id='word_1_487' title='bbox 1753 521 1857 553; x_wconf 82' lang='lat' dir='ltr'>eadem</span> <span class='ocrx_word' id='word_1_488' title='bbox 1873 517 2018 562; x_wconf 79' lang='lat' dir='ltr'>sapiunt,</span> <span class='ocrx_word' id='word_1_489' title='bbox 2043 524 2128 561; x_wconf 66' lang='lat' dir='ltr'>syno-</span> 
     </span>
     <span class='ocr_line' id='line_1_72' title="bbox 1250 566 2126 612; baseline 0.009 -15"><span class='ocrx_word' id='word_1_490' title='bbox 1250 567 1303 598; x_wconf 89' lang='lat' dir='ltr'>do.</span> <span class='ocrx_word' id='word_1_491' title='bbox 1331 569 1394 610; x_wconf 79' lang='lat' dir='ltr'>,Qui</span> <span class='ocrx_word' id='word_1_492' title='bbox 1411 566 1645 612; x_wconf 65' lang='lat' dir='ltr'>subscripserunt</span> <span class='ocrx_word' id='word_1_493' title='bbox 1666 568 1807 610; x_wconf 67' lang='lat' dir='ltr'>Epistola·</span> <span class='ocrx_word' id='word_1_494' title='bbox 1828 571 1958 610; x_wconf 84' lang='lat' dir='ltr'>Leonis,</span> <span class='ocrx_word' id='word_1_495' title='bbox 1984 572 2027 604; x_wconf 83' lang='lat' dir='ltr'>ad</span> <span class='ocrx_word' id='word_1_496' title='bbox 2043 575 2126 611; x_wconf 75' lang='lat' dir='ltr'>syno-</span> 
     </span>
     <span class='ocr_line' id='line_1_73' title="bbox 1251 617 2128 664; baseline 0.008 -16"><span class='ocrx_word' id='word_1_497' title='bbox 1251 617 1338 649; x_wconf 86' lang='lat' dir='ltr'>dum.</span> <span class='ocrx_word' id='word_1_498' title='bbox 1365 617 1467 664; x_wconf 87' lang='lat' dir='ltr'>Qod</span> <span class='ocrx_word' id='word_1_499' title='bbox 1475 618 1635 660; x_wconf 86' lang='lat' dir='ltr'>judicium</span> <span class='ocrx_word' id='word_1_500' title='bbox 1646 629 1842 663; x_wconf 81' lang='lat' dir='ltr'>exequentes</span> <span class='ocrx_word' id='word_1_501' title='bbox 1853 618 1987 663; x_wconf 80' lang='lat' dir='ltr'>gloriosi</span> <span class='ocrx_word' id='word_1_502' title='bbox 2005 619 2128 663; x_wconf 68' lang='lat' dir='ltr'>iudices</span> 
     </span>
     <span class='ocr_line' id='line_1_74' title="bbox 1250 664 2128 705; baseline 0.008 -7"><span class='ocrx_word' id='word_1_503' title='bbox 1250 664 1384 700; x_wconf 83' lang='lat' dir='ltr'>dixere:</span> <span class='ocrx_word' id='word_1_504' title='bbox 1411 671 1544 701; x_wconf 71' lang='lat' dir='ltr'>intrent.</span> <span class='ocrx_word' id='word_1_505' title='bbox 1574 669 1618 703; x_wconf 88' lang='lat' dir='ltr'>Et</span> <span class='ocrx_word' id='word_1_506' title='bbox 1630 669 1808 703; x_wconf 85' lang='lat' dir='ltr'>intrarunt.</span> <span class='ocrx_word' id='word_1_507' title='bbox 1837 668 1875 702; x_wconf 89' lang='lat' dir='ltr'>In</span> <span class='ocrx_word' id='word_1_508' title='bbox 1898 668 1986 703; x_wconf 90' lang='lat' dir='ltr'>sedes</span> <span class='ocrx_word' id='word_1_509' title='bbox 1999 671 2069 703; x_wconf 86' lang='lat' dir='ltr'>suas</span> <span class='ocrx_word' id='word_1_510' title='bbox 2090 681 2128 705; x_wconf 87' lang='lat' dir='ltr'>ac</span> 
     </span>
     <span class='ocr_line' id='line_1_75' title="bbox 1251 716 2131 764; baseline 0.006 -15"><span class='ocrx_word' id='word_1_511' title='bbox 1251 716 1383 758; x_wconf 90' lang='lat' dir='ltr'>plenum</span> <span class='ocrx_word' id='word_1_512' title='bbox 1394 716 1619 762; x_wconf 85' lang='lat' dir='ltr'>Episcopalem</span> <span class='ocrx_word' id='word_1_513' title='bbox 1643 718 1804 753; x_wconf 88' lang='lat' dir='ltr'>honorem</span> <span class='ocrx_word' id='word_1_514' title='bbox 1824 718 1912 753; x_wconf 87' lang='lat' dir='ltr'>fuere</span> <span class='ocrx_word' id='word_1_515' title='bbox 1924 718 2073 764; x_wconf 62' lang='lat' dir='ltr'>repositi,</span> <span class='ocrx_word' id='word_1_516' title='bbox 2096 720 2131 754; x_wconf 77' lang='grc' dir='ltr'>δε</span> 
     </span>
     <span class='ocr_line' id='line_1_76' title="bbox 1251 766 2131 812; baseline 0.003 -13"><span class='ocrx_word' id='word_1_517' title='bbox 1251 766 1404 809; x_wconf 80' lang='lat' dir='ltr'>synodus</span> <span class='ocrx_word' id='word_1_518' title='bbox 1420 766 1464 801; x_wconf 90' lang='lat' dir='ltr'>est</span> <span class='ocrx_word' id='word_1_519' title='bbox 1476 767 1695 812; x_wconf 87' lang='lat' dir='ltr'>adgratulata:</span> <span class='ocrx_word' id='word_1_520' title='bbox 1723 773 1805 802; x_wconf 88' lang='lat' dir='ltr'>Unus</span> <span class='ocrx_word' id='word_1_521' title='bbox 1823 773 1904 803; x_wconf 87' lang='lat' dir='ltr'>Deus</span> <span class='ocrx_word' id='word_1_522' title='bbox 1918 792 1928 808; x_wconf 93' lang='lat'>,</span> <span class='ocrx_word' id='word_1_523' title='bbox 1953 774 2003 811; x_wconf 86' lang='lat' dir='ltr'>qui</span> <span class='ocrx_word' id='word_1_524' title='bbox 2014 768 2065 801; x_wconf 85' lang='lat' dir='ltr'>boc</span> <span class='ocrx_word' id='word_1_525' title='bbox 2082 768 2131 810; x_wconf 82' lang='lat' dir='ltr'>se·</span> 
     </span>
     <span class='ocr_line' id='line_1_77' title="bbox 1249 817 2130 862; baseline 0.005 -14"><span class='ocrx_word' id='word_1_526' title='bbox 1249 823 1307 849; x_wconf 87' lang='lat' dir='ltr'>cit.</span> <span class='ocrx_word' id='word_1_527' title='bbox 1334 820 1406 850; x_wconf 82' lang='lat' dir='ltr'>Haec</span> <span class='ocrx_word' id='word_1_528' title='bbox 1415 824 1534 862; x_wconf 88' lang='lat' dir='ltr'>integra</span> <span class='ocrx_word' id='word_1_529' title='bbox 1558 820 1718 853; x_wconf 81' lang='lat' dir='ltr'>adunatio.</span> <span class='ocrx_word' id='word_1_530' title='bbox 1747 823 1819 853; x_wconf 67' lang='lat' dir='ltr'>Haec</span> <span class='ocrx_word' id='word_1_531' title='bbox 1828 828 1895 862; x_wconf 85' lang='lat' dir='ltr'>pax</span> <span class='ocrx_word' id='word_1_532' title='bbox 1912 817 2130 861; x_wconf 84' lang='lat' dir='ltr'>Ecclefiarum.</span> 
     </span>
     <span class='ocr_line' id='line_1_78' title="bbox 1298 866 2131 912; baseline 0.002 -11"><span class='ocrx_word' id='word_1_533' title='bbox 1298 866 1347 901; x_wconf 86' lang='lat' dir='ltr'>At</span> <span class='ocrx_word' id='word_1_534' title='bbox 1359 867 1539 902; x_wconf 80' lang='lat' dir='ltr'>Dioscorus</span> <span class='ocrx_word' id='word_1_535' title='bbox 1562 868 1819 912; x_wconf 82' lang='lat' dir='ltr'>synodalibusin</span> <span class='ocrx_word' id='word_1_536' title='bbox 1841 871 1871 904; x_wconf 92' lang='lat' dir='ltr'>se</span> <span class='ocrx_word' id='word_1_537' title='bbox 1884 868 2052 904; x_wconf 87' lang='lat' dir='ltr'>sententiis</span> <span class='ocrx_word' id='word_1_538' title='bbox 2074 879 2131 903; x_wconf 89' lang='lat' dir='ltr'>ne-</span> 
     </span>
     <span class='ocr_line' id='line_1_79' title="bbox 1250 917 2129 964; baseline 0.002 -14"><span class='ocrx_word' id='word_1_539' title='bbox 1250 928 1415 961; x_wconf 84' lang='lat' dir='ltr'>quaquam</span> <span class='ocrx_word' id='word_1_540' title='bbox 1441 919 1607 962; x_wconf 89' lang='lat' dir='ltr'>acquievit</span> <span class='ocrx_word' id='word_1_541' title='bbox 1639 944 1646 951; x_wconf 92' lang='lat'>.</span> <span class='ocrx_word' id='word_1_542' title='bbox 1682 918 1816 953; x_wconf 87' lang='lat' dir='ltr'>Etenim</span> <span class='ocrx_word' id='word_1_543' title='bbox 1842 921 1913 964; x_wconf 90' lang='lat' dir='ltr'>ipso</span> <span class='ocrx_word' id='word_1_544' title='bbox 1940 917 2025 955; x_wconf 88' lang='lat' dir='ltr'>hanc</span> <span class='ocrx_word' id='word_1_545' title='bbox 2051 928 2129 953; x_wconf 79' lang='lat' dir='ltr'>ante</span> 
     </span>
     <span class='ocr_line' id='line_1_80' title="bbox 1250 966 2130 1014; baseline 0.001 -14"><span class='ocrx_word' id='word_1_546' title='bbox 1250 967 1426 1001; x_wconf 68' lang='lat' dir='ltr'>Aestionem</span> <span class='ocrx_word' id='word_1_547' title='bbox 1453 969 1507 1003; x_wconf 89' lang='lat' dir='ltr'>die</span> <span class='ocrx_word' id='word_1_548' title='bbox 1529 966 1683 1003; x_wconf 88' lang='lat' dir='ltr'>tredecim</span> <span class='ocrx_word' id='word_1_549' title='bbox 1709 969 1921 1014; x_wconf 83' lang='lat' dir='ltr'>AEgyptiacae</span> <span class='ocrx_word' id='word_1_550' title='bbox 1950 970 2130 1004; x_wconf 87' lang='lat' dir='ltr'>dioeceseos</span> 
     </span>
     <span class='ocr_line' id='line_1_81' title="bbox 1251 1016 2129 1063; baseline 0.001 -13"><span class='ocrx_word' id='word_1_551' title='bbox 1251 1017 1405 1061; x_wconf 88' lang='lat' dir='ltr'>Episcopi</span> <span class='ocrx_word' id='word_1_552' title='bbox 1416 1018 1590 1053; x_wconf 88' lang='lat' dir='ltr'>Marciano</span> <span class='ocrx_word' id='word_1_553' title='bbox 1611 1018 1767 1063; x_wconf 86' lang='lat' dir='ltr'>Augusto</span> <span class='ocrx_word' id='word_1_554' title='bbox 1788 1016 2003 1054; x_wconf 88' lang='lat' dir='ltr'>exhibuerunt</span> <span class='ocrx_word' id='word_1_555' title='bbox 2025 1021 2084 1053; x_wconf 77' lang='lat' dir='ltr'>suae</span> <span class='ocrx_word' id='word_1_556' title='bbox 2095 1020 2129 1052; x_wconf 82' lang='lat' dir='ltr'>fi.</span> 
     </span>
     <span class='ocr_line' id='line_1_82' title="bbox 1250 1066 2130 1116; baseline 0.003 -16"><span class='ocrx_word' id='word_1_557' title='bbox 1250 1067 1301 1100; x_wconf 90' lang='lat' dir='ltr'>dei</span> <span class='ocrx_word' id='word_1_558' title='bbox 1314 1066 1463 1102; x_wconf 89' lang='lat' dir='ltr'>libellum</span> <span class='ocrx_word' id='word_1_559' title='bbox 1475 1093 1486 1109; x_wconf 91' lang='lat'>,</span> <span class='ocrx_word' id='word_1_560' title='bbox 1512 1067 1601 1102; x_wconf 86' lang='lat' dir='ltr'>haud</span> <span class='ocrx_word' id='word_1_561' title='bbox 1610 1069 1710 1103; x_wconf 78' lang='lat' dir='ltr'>dubie</span> <span class='ocrx_word' id='word_1_562' title='bbox 1722 1069 1763 1103; x_wconf 86' lang='lat' dir='ltr'>ab</span> <span class='ocrx_word' id='word_1_563' title='bbox 1776 1069 1846 1116; x_wconf 85' lang='lat' dir='ltr'>ipso</span> <span class='ocrx_word' id='word_1_564' title='bbox 1856 1068 2034 1114; x_wconf 85' lang='lat' dir='ltr'>degradato</span> <span class='ocrx_word' id='word_1_565' title='bbox 2047 1067 2130 1103; x_wconf 88' lang='lat' dir='ltr'>Pha-</span> 
     </span>
     <span class='ocr_line' id='line_1_83' title="bbox 1250 1117 2133 1163; baseline 0 -12"><span class='ocrx_word' id='word_1_566' title='bbox 1250 1128 1349 1152; x_wconf 85' lang='lat' dir='ltr'>raone</span> <span class='ocrx_word' id='word_1_567' title='bbox 1371 1118 1588 1161; x_wconf 80' lang='lat' dir='ltr'>compositum</span> <span class='ocrx_word' id='word_1_568' title='bbox 1606 1143 1617 1160; x_wconf 90' lang='lat'>‚</span> <span class='ocrx_word' id='word_1_569' title='bbox 1644 1119 1730 1152; x_wconf 89' lang='lat' dir='ltr'>dolis</span> <span class='ocrx_word' id='word_1_570' title='bbox 1753 1119 1888 1163; x_wconf 90' lang='lat' dir='ltr'>plenum</span> <span class='ocrx_word' id='word_1_571' title='bbox 1909 1120 1943 1153; x_wconf 92' lang='lat'>&amp;</span> <span class='ocrx_word' id='word_1_572' title='bbox 1964 1117 2133 1152; x_wconf 86' lang='lat' dir='ltr'>machina-</span> 
     </span>
     <span class='ocr_line' id='line_1_84' title="bbox 1251 1167 2130 1212; baseline 0.001 -12"><span class='ocrx_word' id='word_1_573' title='bbox 1251 1167 1418 1207; x_wconf 86' lang='lat' dir='ltr'>tionibus,</span> <span class='ocrx_word' id='word_1_574' title='bbox 1443 1169 1585 1212; x_wconf 80' lang='lat' dir='ltr'>ideoque</span> <span class='ocrx_word' id='word_1_575' title='bbox 1604 1169 1709 1212; x_wconf 89' lang='lat' dir='ltr'>ipsum</span> <span class='ocrx_word' id='word_1_576' title='bbox 1719 1167 1874 1212; x_wconf 86' lang='lat' dir='ltr'>Princeps</span> <span class='ocrx_word' id='word_1_577' title='bbox 1893 1169 1935 1203; x_wconf 88' lang='lat' dir='ltr'>ad</span> <span class='ocrx_word' id='word_1_578' title='bbox 1956 1168 2130 1211; x_wconf 81' lang='lat' dir='ltr'>synodum</span> 
     </span>
     <span class='ocr_line' id='line_1_85' title="bbox 1252 1217 2130 1264; baseline 0 -13"><span class='ocrx_word' id='word_1_579' title='bbox 1252 1218 1384 1252; x_wconf 84' lang='lat' dir='ltr'>remisit.</span> <span class='ocrx_word' id='word_1_580' title='bbox 1410 1219 1519 1252; x_wconf 72' lang='lat' dir='ltr'>Sanffl</span> <span class='ocrx_word' id='word_1_581' title='bbox 1543 1219 1649 1254; x_wconf 85' lang='lat' dir='ltr'>Marci</span> <span class='ocrx_word' id='word_1_582' title='bbox 1675 1219 1890 1264; x_wconf 81' lang='lat' dir='ltr'>Evangelistae</span> <span class='ocrx_word' id='word_1_583' title='bbox 1904 1243 1916 1260; x_wconf 84' lang='lat'><em>‚</em></span> <span class='ocrx_word' id='word_1_584' title='bbox 1940 1218 2037 1262; x_wconf 86' lang='lat' dir='ltr'>primi</span> <span class='ocrx_word' id='word_1_585' title='bbox 2051 1217 2130 1261; x_wconf 84' lang='lat' dir='ltr'>Epi-</span> 
     </span>
     <span class='ocr_line' id='line_1_86' title="bbox 1252 1267 2128 1311; baseline 0.001 -11"><span class='ocrx_word' id='word_1_586' title='bbox 1252 1269 1337 1311; x_wconf 88' lang='lat' dir='ltr'>scopi</span> <span class='ocrx_word' id='word_1_587' title='bbox 1351 1267 1570 1302; x_wconf 87' lang='lat' dir='ltr'>Alexandrini</span> <span class='ocrx_word' id='word_1_588' title='bbox 1585 1293 1597 1309; x_wconf 91' lang='lat'>,</span> <span class='ocrx_word' id='word_1_589' title='bbox 1624 1280 1763 1304; x_wconf 89' lang='lat' dir='ltr'>necnon</span> <span class='ocrx_word' id='word_1_590' title='bbox 1784 1270 1817 1303; x_wconf 72' lang='grc' dir='ltr'>δε</span> <span class='ocrx_word' id='word_1_591' title='bbox 1829 1269 2042 1303; x_wconf 75' lang='lat' dir='ltr'>successorum</span> <span class='ocrx_word' id='word_1_592' title='bbox 2060 1267 2128 1310; x_wconf 82' lang='lat' dir='ltr'>ejus</span> 
     </span>
     <span class='ocr_line' id='line_1_87' title="bbox 1252 1316 2131 1362; baseline -0.001 -10"><span class='ocrx_word' id='word_1_593' title='bbox 1252 1318 1338 1352; x_wconf 85' lang='lat' dir='ltr'>Petri</span> <span class='ocrx_word' id='word_1_594' title='bbox 1359 1318 1538 1361; x_wconf 84' lang='lat' dir='ltr'>Martyris,</span> <span class='ocrx_word' id='word_1_595' title='bbox 1564 1316 1758 1358; x_wconf 85' lang='lat' dir='ltr'>Athanasii,</span> <span class='ocrx_word' id='word_1_596' title='bbox 1782 1317 1996 1362; x_wconf 88' lang='lat' dir='ltr'>Theophili,</span> <span class='ocrx_word' id='word_1_597' title='bbox 2022 1318 2131 1360; x_wconf 90' lang='lat' dir='ltr'>Cyril-</span> 
     </span>
     <span class='ocr_line' id='line_1_88' title="bbox 1251 1368 2131 1412; baseline 0 -11"><span class='ocrx_word' id='word_1_598' title='bbox 1251 1368 1273 1401; x_wconf 91' lang='lat' dir='ltr'>li</span> <span class='ocrx_word' id='word_1_599' title='bbox 1287 1392 1298 1408; x_wconf 91' lang='lat'>,</span> <span class='ocrx_word' id='word_1_600' title='bbox 1325 1368 1403 1402; x_wconf 88' lang='lat' dir='ltr'>item</span> <span class='ocrx_word' id='word_1_601' title='bbox 1427 1368 1555 1402; x_wconf 84' lang='lat' dir='ltr'>Nicaeni</span> <span class='ocrx_word' id='word_1_602' title='bbox 1573 1370 1606 1403; x_wconf 71' lang='grc' dir='ltr'>δε</span> <span class='ocrx_word' id='word_1_603' title='bbox 1623 1368 1777 1412; x_wconf 85' lang='lat' dir='ltr'>Ephesini</span> <span class='ocrx_word' id='word_1_604' title='bbox 1791 1368 1937 1402; x_wconf 87' lang='lat' dir='ltr'>Concilii</span> <span class='ocrx_word' id='word_1_605' title='bbox 1951 1368 2048 1402; x_wconf 88' lang='lat' dir='ltr'>fidem</span> <span class='ocrx_word' id='word_1_606' title='bbox 2058 1378 2131 1411; x_wconf 89' lang='lat' dir='ltr'>pro-</span> 
     </span>
     <span class='ocr_line' id='line_1_89' title="bbox 1249 1417 2129 1460; baseline 0 -9"><span class='ocrx_word' id='word_1_607' title='bbox 1249 1417 1402 1451; x_wconf 84' lang='lat' dir='ltr'>fitebatur</span> <span class='ocrx_word' id='word_1_608' title='bbox 1421 1417 1572 1460; x_wconf 87' lang='lat' dir='ltr'>libellus,</span> <span class='ocrx_word' id='word_1_609' title='bbox 1597 1418 1876 1453; x_wconf 86' lang='lat' dir='ltr'>anathematizans</span> <span class='ocrx_word' id='word_1_610' title='bbox 1887 1417 1961 1452; x_wconf 86' lang='lat' dir='ltr'>Arii</span> <span class='ocrx_word' id='word_1_611' title='bbox 1976 1443 1987 1458; x_wconf 90' lang='lat'>,</span> <span class='ocrx_word' id='word_1_612' title='bbox 2014 1419 2129 1452; x_wconf 90' lang='lat' dir='ltr'>Euno-</span> 
     </span>
     <span class='ocr_line' id='line_1_90' title="bbox 1252 1467 2132 1513; baseline 0.001 -13"><span class='ocrx_word' id='word_1_613' title='bbox 1252 1467 1334 1508; x_wconf 88' lang='lat' dir='ltr'>mii,</span> <span class='ocrx_word' id='word_1_614' title='bbox 1357 1467 1559 1507; x_wconf 69' lang='lat' dir='ltr'>Manichaei,</span> <span class='ocrx_word' id='word_1_615' title='bbox 1584 1468 1758 1510; x_wconf 88' lang='lat' dir='ltr'>Nestorii,</span> <span class='ocrx_word' id='word_1_616' title='bbox 1783 1469 1816 1503; x_wconf 81' lang='grc' dir='ltr'>δε</span> <span class='ocrx_word' id='word_1_617' title='bbox 1840 1468 2031 1513; x_wconf 86' lang='lat' dir='ltr'>quorumvis</span> <span class='ocrx_word' id='word_1_618' title='bbox 2051 1467 2132 1502; x_wconf 86' lang='lat' dir='ltr'>alio·</span> 
     </span>
     <span class='ocr_line' id='line_1_91' title="bbox 1251 1516 2135 1561; baseline 0.001 -11"><span class='ocrx_word' id='word_1_619' title='bbox 1251 1528 1321 1551; x_wconf 89' lang='lat' dir='ltr'>rum</span> <span class='ocrx_word' id='word_1_620' title='bbox 1333 1516 1461 1552; x_wconf 79' lang='lat' dir='ltr'>haereses</span> <span class='ocrx_word' id='word_1_621' title='bbox 1474 1541 1485 1557; x_wconf 96' lang='lat'>,</span> <span class='ocrx_word' id='word_1_622' title='bbox 1504 1517 1605 1552; x_wconf 78' lang='lat' dir='ltr'>etiam</span> <span class='ocrx_word' id='word_1_623' title='bbox 1617 1519 1710 1552; x_wconf 83' lang='lat' dir='ltr'>illam</span> <span class='ocrx_word' id='word_1_624' title='bbox 1723 1543 1735 1559; x_wconf 93' lang='lat'>,</span> <span class='ocrx_word' id='word_1_625' title='bbox 1754 1530 1825 1561; x_wconf 81' lang='lat' dir='ltr'>quae</span> <span class='ocrx_word' id='word_1_626' title='bbox 1833 1518 1977 1554; x_wconf 86' lang='lat' dir='ltr'>Domini</span> <span class='ocrx_word' id='word_1_627' title='bbox 1999 1527 2135 1552; x_wconf 86' lang='lat' dir='ltr'>carnem·</span> 
     </span>
     <span class='ocr_line' id='line_1_92' title="bbox 1251 1567 2133 1613; baseline 0 -13"><span class='ocrx_word' id='word_1_628' title='bbox 1251 1567 1292 1601; x_wconf 89' lang='lat' dir='ltr'>de</span> <span class='ocrx_word' id='word_1_629' title='bbox 1311 1569 1418 1608; x_wconf 91' lang='lat' dir='ltr'>coelo,</span> <span class='ocrx_word' id='word_1_630' title='bbox 1443 1568 1556 1601; x_wconf 86' lang='lat' dir='ltr'>&amp;non</span> <span class='ocrx_word' id='word_1_631' title='bbox 1578 1579 1634 1611; x_wconf 89' lang='lat' dir='ltr'>per</span> <span class='ocrx_word' id='word_1_632' title='bbox 1655 1569 1795 1602; x_wconf 72' lang='lat' dir='ltr'>sanstam</span> <span class='ocrx_word' id='word_1_633' title='bbox 1815 1569 1992 1613; x_wconf 86' lang='lat' dir='ltr'>Virginem</span> <span class='ocrx_word' id='word_1_634' title='bbox 2013 1567 2133 1602; x_wconf 80' lang='lat' dir='ltr'>venisse</span> 
     </span>
     <span class='ocr_line' id='line_1_93' title="bbox 1251 1615 2135 1660; baseline 0 -9"><span class='ocrx_word' id='word_1_635' title='bbox 1251 1615 1418 1652; x_wconf 85' lang='lat' dir='ltr'>adfirmat:</span> <span class='ocrx_word' id='word_1_636' title='bbox 1445 1616 1490 1651; x_wconf 89' lang='lat' dir='ltr'>Et</span> <span class='ocrx_word' id='word_1_637' title='bbox 1502 1628 1637 1652; x_wconf 90' lang='lat' dir='ltr'>omnem</span> <span class='ocrx_word' id='word_1_638' title='bbox 1657 1616 1752 1660; x_wconf 74' lang='lat' dir='ltr'>hujus</span> <span class='ocrx_word' id='word_1_639' title='bbox 1765 1617 1842 1651; x_wconf 87' lang='lat' dir='ltr'>fidei</span> <span class='ocrx_word' id='word_1_640' title='bbox 1853 1617 2070 1652; x_wconf 74' lang='lat' dir='ltr'>professorem</span> <span class='ocrx_word' id='word_1_641' title='bbox 2079 1616 2135 1651; x_wconf 87' lang='lat' dir='ltr'>ad·</span> 
     </span>
     <span class='ocr_line' id='line_1_94' title="bbox 1251 1666 2136 1712; baseline 0.001 -12"><span class='ocrx_word' id='word_1_642' title='bbox 1251 1667 1339 1701; x_wconf 85' lang='lat' dir='ltr'>mitti</span> <span class='ocrx_word' id='word_1_643' title='bbox 1351 1666 1525 1711; x_wconf 85' lang='lat' dir='ltr'>postulavit</span> <span class='ocrx_word' id='word_1_644' title='bbox 1537 1666 1576 1701; x_wconf 86' lang='lat' dir='ltr'>ad</span> <span class='ocrx_word' id='word_1_645' title='bbox 1600 1667 1730 1711; x_wconf 87' lang='lat' dir='ltr'>plenam</span> <span class='ocrx_word' id='word_1_646' title='bbox 1744 1668 1974 1712; x_wconf 82' lang='lat' dir='ltr'>Episcopalem</span> <span class='ocrx_word' id='word_1_647' title='bbox 1984 1678 2136 1702; x_wconf 89' lang='lat' dir='ltr'>commu-</span> 
     </span>
     <span class='ocr_line' id='line_1_95' title="bbox 1253 1716 2134 1760; baseline 0.001 -10"><span class='ocrx_word' id='word_1_648' title='bbox 1253 1718 1389 1751; x_wconf 90' lang='lat' dir='ltr'>nionem</span> <span class='ocrx_word' id='word_1_649' title='bbox 1403 1742 1410 1749; x_wconf 94' lang='lat'>.</span> <span class='ocrx_word' id='word_1_650' title='bbox 1437 1716 1564 1752; x_wconf 76' lang='lat' dir='ltr'>Verum</span> <span class='ocrx_word' id='word_1_651' title='bbox 1575 1717 1672 1752; x_wconf 87' lang='lat' dir='ltr'>dolus</span> <span class='ocrx_word' id='word_1_652' title='bbox 1694 1728 1763 1752; x_wconf 89' lang='lat' dir='ltr'>non</span> <span class='ocrx_word' id='word_1_653' title='bbox 1774 1727 1843 1752; x_wconf 89' lang='lat' dir='ltr'>erat</span> <span class='ocrx_word' id='word_1_654' title='bbox 1866 1719 1940 1752; x_wconf 81' lang='lat' dir='ltr'>satis</span> <span class='ocrx_word' id='word_1_655' title='bbox 1960 1717 2035 1760; x_wconf 74' lang='lat' dir='ltr'>apte</span> <span class='ocrx_word' id='word_1_656' title='bbox 2047 1718 2134 1751; x_wconf 90' lang='lat' dir='ltr'>fuca-</span> 
     </span>
     <span class='ocr_line' id='line_1_96' title="bbox 1249 1767 2134 1812; baseline 0 -12"><span class='ocrx_word' id='word_1_657' title='bbox 1249 1777 1321 1808; x_wconf 91' lang='lat' dir='ltr'>tus,</span> <span class='ocrx_word' id='word_1_658' title='bbox 1347 1777 1445 1811; x_wconf 89' lang='lat' dir='ltr'>atque</span> <span class='ocrx_word' id='word_1_659' title='bbox 1456 1768 1501 1801; x_wconf 88' lang='lat' dir='ltr'>ita</span> <span class='ocrx_word' id='word_1_660' title='bbox 1515 1767 1556 1801; x_wconf 84' lang='lat' dir='ltr'>ad</span> <span class='ocrx_word' id='word_1_661' title='bbox 1569 1767 1685 1801; x_wconf 70' lang='lat' dir='ltr'>lectum</span> <span class='ocrx_word' id='word_1_662' title='bbox 1708 1767 1858 1803; x_wconf 89' lang='lat' dir='ltr'>libellum</span> <span class='ocrx_word' id='word_1_663' title='bbox 1873 1768 1966 1812; x_wconf 90' lang='lat' dir='ltr'>plena</span> <span class='ocrx_word' id='word_1_664' title='bbox 1979 1767 2134 1810; x_wconf 82' lang='lat' dir='ltr'>Synodus</span> 
     </span>
     <span class='ocr_line' id='line_1_97' title="bbox 1251 1815 2134 1860; baseline -0.002 -10"><span class='ocrx_word' id='word_1_665' title='bbox 1251 1818 1466 1851; x_wconf 86' lang='lat' dir='ltr'>exclamavit:</span> <span class='ocrx_word' id='word_1_666' title='bbox 1492 1818 1607 1860; x_wconf 85' lang='lat' dir='ltr'>Dogma</span> <span class='ocrx_word' id='word_1_667' title='bbox 1617 1817 1755 1855; x_wconf 77' lang='lat' dir='ltr'>Eutychis</span> <span class='ocrx_word' id='word_1_668' title='bbox 1775 1828 1869 1860; x_wconf 83' lang='lat' dir='ltr'>quare</span> <span class='ocrx_word' id='word_1_669' title='bbox 1893 1829 1949 1850; x_wconf 89' lang='lat' dir='ltr'>non</span> <span class='ocrx_word' id='word_1_670' title='bbox 1959 1815 2134 1849; x_wconf 84' lang='lat' dir='ltr'>anathema-</span> 
     </span>
     <span class='ocr_line' id='line_1_98' title="bbox 1249 1866 2133 1908; baseline 0.001 -10"><span class='ocrx_word' id='word_1_671' title='bbox 1249 1874 1385 1900; x_wconf 85' lang='lat' dir='ltr'>tizarunt</span> <span class='ocrx_word' id='word_1_672' title='bbox 1412 1868 1425 1899; x_wconf 67' lang='grc' dir='ltr'><strong><em>ἓ</em></strong></span> <span class='ocrx_word' id='word_1_673' title='bbox 1453 1870 1529 1898; x_wconf 88' lang='lat' dir='ltr'>Cum</span> <span class='ocrx_word' id='word_1_674' title='bbox 1550 1866 1706 1907; x_wconf 83' lang='lat' dir='ltr'>impostura</span> <span class='ocrx_word' id='word_1_675' title='bbox 1732 1873 1891 1908; x_wconf 83' lang='lat' dir='ltr'>petitiones</span> <span class='ocrx_word' id='word_1_676' title='bbox 1913 1874 2111 1908; x_wconf 83' lang='lat' dir='ltr'>porrexerunt</span> <span class='ocrx_word' id='word_1_677' title='bbox 2125 1891 2133 1899; x_wconf 90' lang='lat'><em>.</em></span> 
     </span>
     <span class='ocr_line' id='line_1_99' title="bbox 1251 1913 2134 1959; baseline 0.001 -10"><span class='ocrx_word' id='word_1_678' title='bbox 1251 1916 1391 1959; x_wconf 76' lang='lat' dir='ltr'>Epistolae</span> <span class='ocrx_word' id='word_1_679' title='bbox 1404 1919 1509 1949; x_wconf 84' lang='lat' dir='ltr'>Leonis</span> <span class='ocrx_word' id='word_1_680' title='bbox 1525 1913 1715 1958; x_wconf 84' lang='lat' dir='ltr'>subscribant</span> <span class='ocrx_word' id='word_1_681' title='bbox 1730 1941 1740 1957; x_wconf 95' lang='lat'>‚</span> <span class='ocrx_word' id='word_1_682' title='bbox 1765 1916 2056 1950; x_wconf 74' lang='lat' dir='ltr'>anathematizantes</span> <span class='ocrx_word' id='word_1_683' title='bbox 2075 1920 2134 1950; x_wconf 78' lang='lat' dir='ltr'>Eu-</span> 
     </span>
     <span class='ocr_line' id='line_1_100' title="bbox 1250 1963 2134 2010; baseline 0 -11"><span class='ocrx_word' id='word_1_684' title='bbox 1250 1965 1348 2005; x_wconf 74' lang='lat' dir='ltr'>sychen</span> <span class='ocrx_word' id='word_1_685' title='bbox 1373 1990 1383 2007; x_wconf 89' lang='lat'>,</span> <span class='ocrx_word' id='word_1_686' title='bbox 1409 1967 1444 2000; x_wconf 59' lang='lat' dir='ltr'>(ff</span> <span class='ocrx_word' id='word_1_687' title='bbox 1464 1967 1607 2010; x_wconf 83' lang='lat' dir='ltr'>dogmata</span> <span class='ocrx_word' id='word_1_688' title='bbox 1631 1969 1695 2007; x_wconf 84' lang='lat' dir='ltr'>ejus</span> <span class='ocrx_word' id='word_1_689' title='bbox 1720 1991 1726 1997; x_wconf 95' lang='lat'>.</span> <span class='ocrx_word' id='word_1_690' title='bbox 1763 1963 1964 2009; x_wconf 82' lang='lat' dir='ltr'>Consentiam</span> <span class='ocrx_word' id='word_1_691' title='bbox 1989 1966 2134 2008; x_wconf 67' lang='lat' dir='ltr'>Epistola</span> 
     </span>
     <span class='ocr_line' id='line_1_101' title="bbox 1252 2014 2135 2062; baseline 0.001 -13"><span class='ocrx_word' id='word_1_692' title='bbox 1252 2020 1366 2050; x_wconf 84' lang='lat' dir='ltr'>Leonis</span> <span class='ocrx_word' id='word_1_693' title='bbox 1381 2041 1388 2048; x_wconf 92' lang='lat'><strong><em>.</em></strong></span> <span class='ocrx_word' id='word_1_694' title='bbox 1415 2019 1445 2048; x_wconf 90' lang='grc' dir='ltr'><strong><em>Ε</em></strong></span> <span class='ocrx_word' id='word_1_695' title='bbox 1450 2017 1553 2049; x_wconf 86' lang='lat' dir='ltr'>ludere</span> <span class='ocrx_word' id='word_1_696' title='bbox 1566 2027 1618 2048; x_wconf 89' lang='lat' dir='ltr'>nos</span> <span class='ocrx_word' id='word_1_697' title='bbox 1629 2018 1737 2048; x_wconf 83' lang='lat' dir='ltr'>volunt</span> <span class='ocrx_word' id='word_1_698' title='bbox 1753 2038 1763 2055; x_wconf 91' lang='lat'>,</span> <span class='ocrx_word' id='word_1_699' title='bbox 1788 2014 1995 2058; x_wconf 67' lang='lat' dir='ltr'>&amp;discede-re.</span> <span class='ocrx_word' id='word_1_700' title='bbox 2021 2017 2135 2062; x_wconf 85' lang='lat' dir='ltr'>Qem</span> 
     </span>
     <span class='ocr_line' id='line_1_102' title="bbox 1250 2063 2137 2110; baseline 0 -11"><span class='ocrx_word' id='word_1_701' title='bbox 1250 2067 1287 2099; x_wconf 89' lang='lat' dir='ltr'>in</span> <span class='ocrx_word' id='word_1_702' title='bbox 1311 2066 1413 2100; x_wconf 89' lang='lat' dir='ltr'>finem</span> <span class='ocrx_word' id='word_1_703' title='bbox 1428 2065 1597 2110; x_wconf 85' lang='lat' dir='ltr'>Diogenes</span> <span class='ocrx_word' id='word_1_704' title='bbox 1617 2065 1821 2108; x_wconf 86' lang='lat' dir='ltr'>Cyzicenus,</span> <span class='ocrx_word' id='word_1_705' title='bbox 1848 2063 1991 2099; x_wconf 84' lang='lat' dir='ltr'>Aeacius</span> <span class='ocrx_word' id='word_1_706' title='bbox 2009 2063 2137 2099; x_wconf 85' lang='lat' dir='ltr'>Ariara-</span> 
     </span>
     <span class='ocr_line' id='line_1_103' title="bbox 1250 2113 2138 2159; baseline -0.001 -10"><span class='ocrx_word' id='word_1_707' title='bbox 1250 2113 1324 2149; x_wconf 82' lang='lat' dir='ltr'>thiae</span> <span class='ocrx_word' id='word_1_708' title='bbox 1350 2139 1362 2157; x_wconf 86' lang='lat'>,</span> <span class='ocrx_word' id='word_1_709' title='bbox 1395 2115 1575 2158; x_wconf 88' lang='lat' dir='ltr'>Cecropius</span> <span class='ocrx_word' id='word_1_710' title='bbox 1600 2114 1901 2159; x_wconf 78' lang='lat' dir='ltr'>Sebastopolitanus</span> <span class='ocrx_word' id='word_1_711' title='bbox 1928 2116 2108 2158; x_wconf 88' lang='lat' dir='ltr'>Episcopus</span> <span class='ocrx_word' id='word_1_712' title='bbox 2124 2139 2138 2156; x_wconf 88' lang='lat'>,</span> 
     </span>
     <span class='ocr_line' id='line_1_104' title="bbox 1251 2163 2084 2209; baseline -0.002 -10"><span class='ocrx_word' id='word_1_713' title='bbox 1251 2177 1311 2200; x_wconf 90' lang='lat' dir='ltr'>nec</span> <span class='ocrx_word' id='word_1_714' title='bbox 1326 2177 1394 2199; x_wconf 92' lang='lat' dir='ltr'>non</span> <span class='ocrx_word' id='word_1_715' title='bbox 1408 2165 1526 2209; x_wconf 83' lang='lat' dir='ltr'>Legati</span> <span class='ocrx_word' id='word_1_716' title='bbox 1541 2165 1727 2208; x_wconf 85' lang='lat' dir='ltr'>Apostolici</span> <span class='ocrx_word' id='word_1_717' title='bbox 1747 2165 1848 2199; x_wconf 88' lang='lat' dir='ltr'>multa</span> <span class='ocrx_word' id='word_1_718' title='bbox 1861 2163 2064 2199; x_wconf 84' lang='lat' dir='ltr'>adduxerunt</span> <span class='ocrx_word' id='word_1_719' title='bbox 2076 2190 2084 2196; x_wconf 93' lang='lat'><strong>.</strong></span> 
     </span>
     <span class='ocr_line' id='line_1_105' title="bbox 1303 2214 2137 2260; baseline -0.001 -11"><span class='ocrx_word' id='word_1_720' title='bbox 1303 2214 1350 2249; x_wconf 90' lang='lat' dir='ltr'>At</span> <span class='ocrx_word' id='word_1_721' title='bbox 1363 2215 1522 2260; x_wconf 85' lang='lat' dir='ltr'>AEgyptii</span> <span class='ocrx_word' id='word_1_722' title='bbox 1546 2227 1601 2259; x_wconf 85' lang='lat' dir='ltr'>per</span> <span class='ocrx_word' id='word_1_723' title='bbox 1613 2215 1791 2249; x_wconf 87' lang='lat' dir='ltr'>Hieracum</span> <span class='ocrx_word' id='word_1_724' title='bbox 1807 2214 2049 2258; x_wconf 89' lang='lat' dir='ltr'>Aphnaitarum</span> <span class='ocrx_word' id='word_1_725' title='bbox 2061 2214 2137 2258; x_wconf 87' lang='lat' dir='ltr'>Epi-</span> 
     </span>
     <span class='ocr_line' id='line_1_106' title="bbox 1252 2263 2136 2309; baseline -0.003 -8"><span class='ocrx_word' id='word_1_726' title='bbox 1252 2268 1388 2309; x_wconf 90' lang='lat' dir='ltr'>scopum</span> <span class='ocrx_word' id='word_1_727' title='bbox 1413 2263 1673 2309; x_wconf 76' lang='lat' dir='ltr'>responderunt.-</span> <span class='ocrx_word' id='word_1_728' title='bbox 1699 2268 1809 2307; x_wconf 75' lang='lat' dir='ltr'>siquis</span> <span class='ocrx_word' id='word_1_729' title='bbox 1830 2274 1944 2307; x_wconf 83' lang='lat' dir='ltr'>praeter</span> <span class='ocrx_word' id='word_1_730' title='bbox 1964 2264 2042 2306; x_wconf 84' lang='lat' dir='ltr'>ista,</span> <span class='ocrx_word' id='word_1_731' title='bbox 2067 2274 2136 2306; x_wconf 81' lang='lat' dir='ltr'>quae</span> 
     </span>
     <span class='ocr_line' id='line_1_107' title="bbox 1252 2311 2136 2358; baseline -0.001 -8"><span class='ocrx_word' id='word_1_732' title='bbox 1252 2325 1285 2350; x_wconf 87' lang='lat' dir='ltr'>in</span> <span class='ocrx_word' id='word_1_733' title='bbox 1303 2315 1498 2358; x_wconf 83' lang='lat' dir='ltr'>petitionibus</span> <span class='ocrx_word' id='word_1_734' title='bbox 1521 2317 1541 2348; x_wconf 78' lang='grc' dir='ltr'><em>ἂ</em></span> <span class='ocrx_word' id='word_1_735' title='bbox 1563 2315 1647 2349; x_wconf 83' lang='lat' dir='ltr'>nobis</span> <span class='ocrx_word' id='word_1_736' title='bbox 1666 2315 1806 2357; x_wconf 71' lang='lat' dir='ltr'>porrec‘Ja</span> <span class='ocrx_word' id='word_1_737' title='bbox 1828 2313 1921 2358; x_wconf 88' lang='lat' dir='ltr'>sunt,</span> <span class='ocrx_word' id='word_1_738' title='bbox 1945 2315 2030 2357; x_wconf 86' lang='lat' dir='ltr'>sapit</span> <span class='ocrx_word' id='word_1_739' title='bbox 2043 2338 2053 2354; x_wconf 94' lang='lat'>,</span> <span class='ocrx_word' id='word_1_740' title='bbox 2072 2311 2136 2355; x_wconf 79' lang='lat' dir='ltr'>five</span> 
     </span>
     <span class='ocr_line' id='line_1_108' title="bbox 1256 2364 2137 2407; baseline -0.003 -8"><span class='ocrx_word' id='word_1_741' title='bbox 1256 2365 1398 2405; x_wconf 77' lang='lat' dir='ltr'>Eutyches</span> <span class='ocrx_word' id='word_1_742' title='bbox 1410 2364 1475 2406; x_wconf 83' lang='lat' dir='ltr'>five</span> <span class='ocrx_word' id='word_1_743' title='bbox 1488 2367 1566 2399; x_wconf 84' lang='lat' dir='ltr'>alter</span> <span class='ocrx_word' id='word_1_744' title='bbox 1584 2367 1692 2407; x_wconf 85' lang='lat' dir='ltr'>aliquis</span> <span class='ocrx_word' id='word_1_745' title='bbox 1706 2388 1717 2403; x_wconf 93' lang='lat'>,</span> <span class='ocrx_word' id='word_1_746' title='bbox 1741 2364 1904 2397; x_wconf 85' lang='lat' dir='ltr'>anathema</span> <span class='ocrx_word' id='word_1_747' title='bbox 1914 2364 1971 2406; x_wconf 79' lang='lat' dir='ltr'>fit.</span> <span class='ocrx_word' id='word_1_748' title='bbox 2001 2368 2047 2397; x_wconf 88' lang='lat' dir='ltr'>De</span> <span class='ocrx_word' id='word_1_749' title='bbox 2060 2368 2137 2405; x_wconf 86' lang='lat' dir='ltr'>Epi-</span> 
     </span>
    </p>
   </div>
   <div class='ocr_carea' id='block_1_6' title="bbox 1236 2413 2137 2509">
    <p class='ocr_par' dir='ltr' id='par_1_8' title="bbox 1236 2413 2137 2509">
     <span class='ocr_line' id='line_1_109' title="bbox 1236 2413 2137 2458; baseline -0.002 -10"><span class='ocrx_word' id='word_1_750' title='bbox 1236 2455 1238 2458; x_wconf 19' lang='lat' dir='ltr'><em>r</em></span> <span class='ocrx_word' id='word_1_751' title='bbox 1247 2417 1322 2457; x_wconf 85' lang='lat' dir='ltr'>stola</span> <span class='ocrx_word' id='word_1_752' title='bbox 1333 2425 1433 2450; x_wconf 83' lang='lat' dir='ltr'>autem</span> <span class='ocrx_word' id='word_1_753' title='bbox 1449 2413 1621 2458; x_wconf 66' lang='lat' dir='ltr'>sancffiffimi</span> <span class='ocrx_word' id='word_1_754' title='bbox 1639 2416 1673 2448; x_wconf 70' lang='grc'>(9*</span> <span class='ocrx_word' id='word_1_755' title='bbox 1683 2417 1742 2447; x_wconf 91' lang='lat' dir='ltr'>Deo</span> <span class='ocrx_word' id='word_1_756' title='bbox 1764 2415 1950 2454; x_wconf 82' lang='lat' dir='ltr'>amantiffimi</span> <span class='ocrx_word' id='word_1_757' title='bbox 1960 2413 2137 2455; x_wconf 77' lang='lat' dir='ltr'>Archi-Epi·</span> 
     </span>
     <span class='ocr_line' id='line_1_110' title="bbox 1236 2461 2137 2509; baseline -0.003 -11"><span class='ocrx_word' id='word_1_758' title='bbox 1236 2462 1240 2474; x_wconf 87' lang='lat'><strong><em>¹</em></strong></span> <span class='ocrx_word' id='word_1_759' title='bbox 1250 2465 1329 2509; x_wconf 70' lang='lat' dir='ltr'>scopi</span> <span class='ocrx_word' id='word_1_760' title='bbox 1347 2469 1475 2498; x_wconf 86' lang='lat' dir='ltr'>Romani</span> <span class='ocrx_word' id='word_1_761' title='bbox 1494 2468 1604 2497; x_wconf 81' lang='lat' dir='ltr'>Leonis</span> <span class='ocrx_word' id='word_1_762' title='bbox 1616 2487 1627 2504; x_wconf 93' lang='lat'>,</span> <span class='ocrx_word' id='word_1_763' title='bbox 1647 2461 1745 2506; x_wconf 68' lang='lat' dir='ltr'>stiunt</span> <span class='ocrx_word' id='word_1_764' title='bbox 1766 2475 1865 2496; x_wconf 85' lang='lat' dir='ltr'>omnes</span> <span class='ocrx_word' id='word_1_765' title='bbox 1881 2462 2051 2505; x_wconf 61' lang='lat' dir='ltr'>sandliffimi</span> <span class='ocrx_word' id='word_1_766' title='bbox 2074 2466 2137 2499; x_wconf 83' lang='lat' dir='ltr'>Pa-</span> 
     </span>
    </p>
   </div>
   <div class='ocr_carea' id='block_1_7' title="bbox 1253 2511 2143 3403">
    <p class='ocr_par' dir='ltr' id='par_1_9' title="bbox 1253 2511 2143 3109">
     <span class='ocr_line' id='line_1_111' title="bbox 1253 2511 2135 2561; baseline -0.003 -12"><span class='ocrx_word' id='word_1_767' title='bbox 1253 2526 1323 2561; x_wconf 44' lang='lat' dir='ltr'>tres·</span> <span class='ocrx_word' id='word_1_768' title='bbox 1329 2515 1413 2554; x_wconf 85' lang='lat' dir='ltr'>nostri</span> <span class='ocrx_word' id='word_1_769' title='bbox 1426 2538 1438 2554; x_wconf 83' lang='lat'>,</span> <span class='ocrx_word' id='word_1_770' title='bbox 1461 2519 1533 2556; x_wconf 83' lang='lat' dir='ltr'>quia</span> <span class='ocrx_word' id='word_1_771' title='bbox 1545 2519 1576 2546; x_wconf 83' lang='lat' dir='ltr'>in</span> <span class='ocrx_word' id='word_1_772' title='bbox 1588 2513 1721 2546; x_wconf 88' lang='lat' dir='ltr'>omnibus</span> <span class='ocrx_word' id='word_1_773' title='bbox 1733 2511 1867 2556; x_wconf 66' lang='lat' dir='ltr'>exspedla</span> <span class='ocrx_word' id='word_1_774' title='bbox 1872 2525 1935 2546; x_wconf 87' lang='lat' dir='ltr'>mus</span> <span class='ocrx_word' id='word_1_775' title='bbox 1952 2511 2135 2556; x_wconf 79' lang='lat' dir='ltr'>sententiam</span> 
     </span>
     <span class='ocr_line' id='line_1_112' title="bbox 1255 2561 2135 2605; baseline -0.003 -7"><span class='ocrx_word' id='word_1_776' title='bbox 1255 2566 1404 2605; x_wconf 71' lang='lat' dir='ltr'>beatiffimi</span> <span class='ocrx_word' id='word_1_777' title='bbox 1415 2564 1500 2604; x_wconf 80' lang='lat' dir='ltr'>nostri</span> <span class='ocrx_word' id='word_1_778' title='bbox 1515 2561 1755 2605; x_wconf 71' lang='lat' dir='ltr'>Archi-Episcopi</span> <span class='ocrx_word' id='word_1_779' title='bbox 1768 2587 1779 2602; x_wconf 95' lang='lat'>,</span> <span class='ocrx_word' id='word_1_780' title='bbox 1806 2565 1841 2597; x_wconf 53' lang='grc' dir='ltr'>(θ’</span> <span class='ocrx_word' id='word_1_781' title='bbox 1856 2568 1991 2605; x_wconf 86' lang='lat' dir='ltr'>petimus</span> <span class='ocrx_word' id='word_1_782' title='bbox 2005 2562 2135 2603; x_wconf 82' lang='lat' dir='ltr'>vestram</span> 
     </span>
     <span class='ocr_line' id='line_1_113' title="bbox 1256 2610 2138 2656; baseline -0.003 -7"><span class='ocrx_word' id='word_1_783' title='bbox 1256 2618 1453 2649; x_wconf 87' lang='lat' dir='ltr'>Clementiam</span> <span class='ocrx_word' id='word_1_784' title='bbox 1470 2612 1639 2656; x_wconf 73' lang='lat' dir='ltr'>exspec&#39;lare</span> <span class='ocrx_word' id='word_1_785' title='bbox 1659 2613 1801 2654; x_wconf 74' lang='lat' dir='ltr'>Praest‘dis</span> <span class='ocrx_word' id='word_1_786' title='bbox 1825 2612 1912 2653; x_wconf 73' lang='lat' dir='ltr'>nestri</span> <span class='ocrx_word' id='word_1_787' title='bbox 1927 2610 2112 2656; x_wconf 79' lang='lat' dir='ltr'>sententictm</span> <span class='ocrx_word' id='word_1_788' title='bbox 2124 2636 2138 2653; x_wconf 85' lang='lat'>,</span> 
     </span>
     <span class='ocr_line' id='line_1_114' title="bbox 1255 2660 2143 2708; baseline -0.002 -10"><span class='ocrx_word' id='word_1_789' title='bbox 1255 2671 1327 2708; x_wconf 88' lang='lat' dir='ltr'>quia</span> <span class='ocrx_word' id='word_1_790' title='bbox 1339 2676 1405 2698; x_wconf 88' lang='lat' dir='ltr'>eum</span> <span class='ocrx_word' id='word_1_791' title='bbox 1425 2669 1457 2697; x_wconf 84' lang='lat' dir='ltr'>in</span> <span class='ocrx_word' id='word_1_792' title='bbox 1467 2663 1602 2696; x_wconf 82' lang='lat' dir='ltr'>omnibus</span> <span class='ocrx_word' id='word_1_793' title='bbox 1619 2661 1790 2706; x_wconf 86' lang='lat' dir='ltr'>sequemur.</span> <span class='ocrx_word' id='word_1_794' title='bbox 1819 2667 1906 2695; x_wconf 86' lang='lat' dir='ltr'>Nam</span> <span class='ocrx_word' id='word_1_795' title='bbox 1927 2660 2143 2706; x_wconf 58' lang='lat' dir='ltr'>&amp;sandiffimt</span> 
     </span>
     <span class='ocr_line' id='line_1_115' title="bbox 1257 2712 2141 2757; baseline -0.002 -9"><span class='ocrx_word' id='word_1_796' title='bbox 1257 2719 1364 2749; x_wconf 85' lang='lat' dir='ltr'>Patres</span> <span class='ocrx_word' id='word_1_797' title='bbox 1376 2739 1388 2755; x_wconf 94' lang='lat'>,</span> <span class='ocrx_word' id='word_1_798' title='bbox 1414 2720 1465 2757; x_wconf 89' lang='lat' dir='ltr'>qui</span> <span class='ocrx_word' id='word_1_799' title='bbox 1476 2720 1508 2747; x_wconf 89' lang='lat' dir='ltr'>in</span> <span class='ocrx_word' id='word_1_800' title='bbox 1522 2718 1631 2747; x_wconf 84' lang='lat' dir='ltr'>Nicaea</span> <span class='ocrx_word' id='word_1_801' title='bbox 1651 2718 1817 2757; x_wconf 80' lang='lat' dir='ltr'>congregati</span> <span class='ocrx_word' id='word_1_802' title='bbox 1832 2712 1907 2756; x_wconf 86' lang='lat' dir='ltr'>sunt</span> <span class='ocrx_word' id='word_1_803' title='bbox 1920 2737 1930 2754; x_wconf 89' lang='lat'>‚</span> <span class='ocrx_word' id='word_1_804' title='bbox 1955 2718 2077 2746; x_wconf 78' lang='lat' dir='ltr'>trecenti</span> <span class='ocrx_word' id='word_1_805' title='bbox 2088 2714 2141 2747; x_wconf 81' lang='lat' dir='ltr'>de-</span> 
     </span>
     <span class='ocr_line' id='line_1_116' title="bbox 1255 2761 2137 2807; baseline -0.005 -8"><span class='ocrx_word' id='word_1_806' title='bbox 1255 2777 1316 2799; x_wconf 89' lang='lat' dir='ltr'>cem</span> <span class='ocrx_word' id='word_1_807' title='bbox 1338 2766 1371 2798; x_wconf 65' lang='lat'>(3</span> <span class='ocrx_word' id='word_1_808' title='bbox 1396 2765 1455 2797; x_wconf 75' lang='lat' dir='ltr'>otio</span> <span class='ocrx_word' id='word_1_809' title='bbox 1476 2763 1554 2797; x_wconf 84' lang='lat' dir='ltr'>banc</span> <span class='ocrx_word' id='word_1_810' title='bbox 1577 2763 1710 2807; x_wconf 81' lang='lat' dir='ltr'>regulam</span> <span class='ocrx_word' id='word_1_811' title='bbox 1732 2764 1877 2796; x_wconf 86' lang='lat' dir='ltr'>dederunt</span> <span class='ocrx_word' id='word_1_812' title='bbox 1903 2786 1915 2802; x_wconf 92' lang='lat'>,</span> <span class='ocrx_word' id='word_1_813' title='bbox 1938 2772 1972 2796; x_wconf 86' lang='lat' dir='ltr'>ut</span> <span class='ocrx_word' id='word_1_814' title='bbox 1990 2761 2137 2806; x_wconf 73' lang='lat' dir='ltr'>sequatur</span> 
     </span>
     <span class='ocr_line' id='line_1_117' title="bbox 1256 2811 2139 2858; baseline -0.006 -9"><span class='ocrx_word' id='word_1_815' title='bbox 1256 2821 1350 2849; x_wconf 87' lang='lat' dir='ltr'>omnis</span> <span class='ocrx_word' id='word_1_816' title='bbox 1364 2817 1542 2858; x_wconf 71' lang='lat' dir='ltr'>AEgyptiaca</span> <span class='ocrx_word' id='word_1_817' title='bbox 1553 2819 1629 2857; x_wconf 84' lang='lat' dir='ltr'>regio</span> <span class='ocrx_word' id='word_1_818' title='bbox 1644 2813 1738 2846; x_wconf 79' lang='lat' dir='ltr'>Archi·</span> <span class='ocrx_word' id='word_1_819' title='bbox 1743 2811 1920 2856; x_wconf 83' lang='lat' dir='ltr'>Episcopum</span> <span class='ocrx_word' id='word_1_820' title='bbox 1930 2819 2031 2856; x_wconf 84' lang='lat' dir='ltr'>magni</span> <span class='ocrx_word' id='word_1_821' title='bbox 2044 2816 2139 2845; x_wconf 81' lang='lat' dir='ltr'>nomi-</span> 
     </span>
     <span class='ocr_line' id='line_1_118' title="bbox 1258 2861 2137 2906; baseline -0.005 -7"><span class='ocrx_word' id='word_1_822' title='bbox 1258 2870 1307 2899; x_wconf 85' lang='lat' dir='ltr'>nis</span> <span class='ocrx_word' id='word_1_823' title='bbox 1331 2870 1466 2899; x_wconf 84' lang='lat' dir='ltr'>civitatis</span> <span class='ocrx_word' id='word_1_824' title='bbox 1478 2864 1711 2903; x_wconf 77' lang='lat' dir='ltr'>Alexandrinae,</span> <span class='ocrx_word' id='word_1_825' title='bbox 1740 2861 1865 2896; x_wconf 72' lang='lat' dir='ltr'>&amp;nihil</span> <span class='ocrx_word' id='word_1_826' title='bbox 1874 2861 1982 2906; x_wconf 84' lang='lat' dir='ltr'>absque</span> <span class='ocrx_word' id='word_1_827' title='bbox 2006 2864 2055 2897; x_wconf 83' lang='lat' dir='ltr'>illo</span> <span class='ocrx_word' id='word_1_828' title='bbox 2064 2874 2137 2906; x_wconf 73' lang='lat' dir='ltr'>aga·</span> 
     </span>
     <span class='ocr_line' id='line_1_119' title="bbox 1258 2911 2138 2956; baseline -0.005 -7"><span class='ocrx_word' id='word_1_829' title='bbox 1258 2925 1307 2949; x_wconf 89' lang='lat' dir='ltr'>tur</span> <span class='ocrx_word' id='word_1_830' title='bbox 1326 2915 1366 2948; x_wconf 87' lang='lat' dir='ltr'>ab</span> <span class='ocrx_word' id='word_1_831' title='bbox 1389 2916 1486 2956; x_wconf 87' lang='lat' dir='ltr'>aliquo</span> <span class='ocrx_word' id='word_1_832' title='bbox 1511 2920 1537 2947; x_wconf 87' lang='lat' dir='ltr'>ei</span> <span class='ocrx_word' id='word_1_833' title='bbox 1543 2912 1715 2956; x_wconf 77' lang='lat' dir='ltr'>subjacente</span> <span class='ocrx_word' id='word_1_834' title='bbox 1728 2911 1889 2956; x_wconf 85' lang='lat' dir='ltr'>Episcopo.</span> <span class='ocrx_word' id='word_1_835' title='bbox 1917 2913 1974 2947; x_wconf 86' lang='lat' dir='ltr'>Ad</span> <span class='ocrx_word' id='word_1_836' title='bbox 1989 2925 2060 2956; x_wconf 83' lang='lat' dir='ltr'>quae</span> <span class='ocrx_word' id='word_1_837' title='bbox 2069 2913 2138 2946; x_wconf 54' lang='lat' dir='ltr'>Eua</span> 
     </span>
     <span class='ocr_line' id='line_1_120' title="bbox 1259 2963 2140 3007; baseline -0.003 -7"><span class='ocrx_word' id='word_1_838' title='bbox 1259 2966 1363 3000; x_wconf 88' lang='lat' dir='ltr'>sebius</span> <span class='ocrx_word' id='word_1_839' title='bbox 1374 2963 1520 3007; x_wconf 86' lang='lat' dir='ltr'>Dorylaei</span> <span class='ocrx_word' id='word_1_840' title='bbox 1533 2964 1728 3007; x_wconf 85' lang='lat' dir='ltr'>Episcopus:</span> <span class='ocrx_word' id='word_1_841' title='bbox 1754 2966 1956 2996; x_wconf 86' lang='lat' dir='ltr'>Mentiuntur.</span> <span class='ocrx_word' id='word_1_842' title='bbox 1984 2963 2140 2998; x_wconf 61' lang='lat' dir='ltr'>Mansuee</span> 
     </span>
     <span class='ocr_line' id='line_1_121' title="bbox 1259 3013 2136 3049; baseline -0.003 0"><span class='ocrx_word' id='word_1_843' title='bbox 1259 3017 1323 3049; x_wconf 88' lang='lat' dir='ltr'>tior</span> <span class='ocrx_word' id='word_1_844' title='bbox 1343 3014 1502 3049; x_wconf 67' lang='lat' dir='ltr'>&amp;rectior</span> <span class='ocrx_word' id='word_1_845' title='bbox 1523 3014 1587 3047; x_wconf 87' lang='lat' dir='ltr'>fuit</span> <span class='ocrx_word' id='word_1_846' title='bbox 1612 3013 1820 3047; x_wconf 87' lang='lat' dir='ltr'>interlocutio</span> <span class='ocrx_word' id='word_1_847' title='bbox 1831 3013 1991 3047; x_wconf 86' lang='lat' dir='ltr'>Florentii</span> <span class='ocrx_word' id='word_1_848' title='bbox 2013 3014 2136 3048; x_wconf 87' lang='lat' dir='ltr'>Metro-</span> 
     </span>
     <span class='ocr_line' id='line_1_122' title="bbox 1257 3062 1986 3109; baseline -0.005 -10"><span class='ocrx_word' id='word_1_849' title='bbox 1257 3065 1366 3109; x_wconf 82' lang='lat' dir='ltr'>politae</span> <span class='ocrx_word' id='word_1_850' title='bbox 1378 3062 1538 3100; x_wconf 88' lang='lat' dir='ltr'>Sardenfis</span> <span class='ocrx_word' id='word_1_851' title='bbox 1552 3078 1563 3097; x_wconf 89' lang='lat'><em>:</em></span> <span class='ocrx_word' id='word_1_852' title='bbox 1590 3062 1752 3104; x_wconf 78' lang='lat' dir='ltr'>ostendant</span> <span class='ocrx_word' id='word_1_853' title='bbox 1764 3065 1844 3105; x_wconf 86' lang='lat' dir='ltr'>quod</span> <span class='ocrx_word' id='word_1_854' title='bbox 1865 3065 1968 3096; x_wconf 84' lang='lat' dir='ltr'>dicunt</span> <span class='ocrx_word' id='word_1_855' title='bbox 1979 3088 1986 3095; x_wconf 89' lang='lat'><strong>.</strong></span> 
     </span>
    </p>

    <p class='ocr_par' dir='ltr' id='par_1_10' title="bbox 1258 3109 2138 3403">
     <span class='ocr_line' id='line_1_123' title="bbox 1310 3109 2136 3154; baseline -0.004 -7"><span class='ocrx_word' id='word_1_856' title='bbox 1310 3115 1378 3147; x_wconf 90' lang='lat' dir='ltr'>Eos</span> <span class='ocrx_word' id='word_1_857' title='bbox 1396 3125 1465 3149; x_wconf 91' lang='lat' dir='ltr'>non</span> <span class='ocrx_word' id='word_1_858' title='bbox 1488 3113 1581 3148; x_wconf 74' lang='lat' dir='ltr'>fuisse</span> <span class='ocrx_word' id='word_1_859' title='bbox 1602 3114 1760 3148; x_wconf 87' lang='lat' dir='ltr'>mentitos</span> <span class='ocrx_word' id='word_1_860' title='bbox 1783 3112 1888 3147; x_wconf 80' lang='lat' dir='ltr'>lucide</span> <span class='ocrx_word' id='word_1_861' title='bbox 1912 3109 2051 3146; x_wconf 86' lang='lat' dir='ltr'>ostendit</span> <span class='ocrx_word' id='word_1_862' title='bbox 2064 3121 2136 3154; x_wconf 78' lang='lat' dir='ltr'>pro-</span> 
     </span>
     <span class='ocr_line' id='line_1_124' title="bbox 1258 3161 2135 3207; baseline -0.008 -9"><span class='ocrx_word' id='word_1_863' title='bbox 1258 3165 1347 3199; x_wconf 87' lang='lat' dir='ltr'>feffio</span> <span class='ocrx_word' id='word_1_864' title='bbox 1361 3189 1371 3205; x_wconf 95' lang='lat'>,</span> <span class='ocrx_word' id='word_1_865' title='bbox 1398 3175 1493 3207; x_wconf 88' lang='lat' dir='ltr'>quam</span> <span class='ocrx_word' id='word_1_866' title='bbox 1509 3163 1661 3197; x_wconf 86' lang='lat' dir='ltr'>Arsenius</span> <span class='ocrx_word' id='word_1_867' title='bbox 1673 3162 1921 3207; x_wconf 88' lang='lat' dir='ltr'>Hypselitarum</span> <span class='ocrx_word' id='word_1_868' title='bbox 1935 3161 2110 3205; x_wconf 88' lang='lat' dir='ltr'>Episcopus</span> <span class='ocrx_word' id='word_1_869' title='bbox 2122 3183 2135 3200; x_wconf 89' lang='lat'>,</span> 
     </span>
     <span class='ocr_line' id='line_1_125' title="bbox 1258 3209 2137 3250; baseline -0.009 0"><span class='ocrx_word' id='word_1_870' title='bbox 1258 3217 1275 3250; x_wconf 80' lang='grc' dir='ltr'><strong><em>ὲ</em></strong></span> <span class='ocrx_word' id='word_1_871' title='bbox 1289 3214 1473 3249; x_wconf 89' lang='lat' dir='ltr'>Meletiano</span> <span class='ocrx_word' id='word_1_872' title='bbox 1497 3212 1667 3248; x_wconf 86' lang='lat' dir='ltr'>schismate</span> <span class='ocrx_word' id='word_1_873' title='bbox 1688 3214 1729 3248; x_wconf 88' lang='lat' dir='ltr'>ad</span> <span class='ocrx_word' id='word_1_874' title='bbox 1741 3214 1852 3246; x_wconf 87' lang='lat' dir='ltr'>sanam</span> <span class='ocrx_word' id='word_1_875' title='bbox 1862 3221 2003 3246; x_wconf 82' lang='lat' dir='ltr'>mentem</span> <span class='ocrx_word' id='word_1_876' title='bbox 2026 3209 2059 3243; x_wconf 86' lang='lat'>&amp;</span> <span class='ocrx_word' id='word_1_877' title='bbox 2070 3221 2137 3243; x_wconf 88' lang='lat' dir='ltr'>ma-</span> 
     </span>
     <span class='ocr_line' id='line_1_126' title="bbox 1260 3259 2137 3303; baseline -0.008 -4"><span class='ocrx_word' id='word_1_878' title='bbox 1260 3276 1342 3299; x_wconf 90' lang='lat' dir='ltr'>trem</span> <span class='ocrx_word' id='word_1_879' title='bbox 1354 3263 1552 3299; x_wconf 85' lang='lat' dir='ltr'>catholicam</span> <span class='ocrx_word' id='word_1_880' title='bbox 1566 3264 1725 3297; x_wconf 69' lang='lat' dir='ltr'>tradustus</span> <span class='ocrx_word' id='word_1_881' title='bbox 1739 3287 1749 3303; x_wconf 93' lang='lat'>‚</span> <span class='ocrx_word' id='word_1_882' title='bbox 1774 3273 1850 3296; x_wconf 83' lang='lat' dir='ltr'>cum</span> <span class='ocrx_word' id='word_1_883' title='bbox 1864 3263 1920 3295; x_wconf 83' lang='lat' dir='ltr'>suo</span> <span class='ocrx_word' id='word_1_884' title='bbox 1941 3259 2039 3293; x_wconf 87' lang='lat' dir='ltr'>Clero</span> <span class='ocrx_word' id='word_1_885' title='bbox 2057 3260 2137 3293; x_wconf 60' lang='lat' dir='ltr'>fecit</span> 
     </span>
     <span class='ocr_line' id='line_1_127' title="bbox 1261 3309 2138 3353; baseline -0.009 -4"><span class='ocrx_word' id='word_1_886' title='bbox 1261 3316 1375 3349; x_wconf 70' lang='lat' dir='ltr'>Sancto</span> <span class='ocrx_word' id='word_1_887' title='bbox 1388 3313 1569 3349; x_wconf 71' lang='lat' dir='ltr'>Athanafio</span> <span class='ocrx_word' id='word_1_888' title='bbox 1582 3337 1593 3353; x_wconf 92' lang='lat'>,</span> <span class='ocrx_word' id='word_1_889' title='bbox 1618 3314 1675 3347; x_wconf 88' lang='lat' dir='ltr'>suo</span> <span class='ocrx_word' id='word_1_890' title='bbox 1697 3311 1906 3350; x_wconf 70' lang='lat' dir='ltr'>patriarchae,</span> <span class='ocrx_word' id='word_1_891' title='bbox 1930 3309 1964 3343; x_wconf 88' lang='lat'>&amp;</span> <span class='ocrx_word' id='word_1_892' title='bbox 1978 3319 2075 3351; x_wconf 81' lang='lat' dir='ltr'>quam</span> <span class='ocrx_word' id='word_1_893' title='bbox 2101 3309 2138 3342; x_wconf 90' lang='lat' dir='ltr'>in</span> 
     </span>
     <span class='ocr_line' id='line_1_128' title="bbox 1263 3357 2138 3403; baseline -0.007 -5"><span class='ocrx_word' id='word_1_894' title='bbox 1263 3364 1400 3400; x_wconf 86' lang='lat' dir='ltr'>secunda</span> <span class='ocrx_word' id='word_1_895' title='bbox 1421 3363 1588 3397; x_wconf 76' lang='lat' dir='ltr'>adversum</span> <span class='ocrx_word' id='word_1_896' title='bbox 1612 3363 1754 3397; x_wconf 89' lang='lat' dir='ltr'>Arianos</span> <span class='ocrx_word' id='word_1_897' title='bbox 1773 3357 1940 3403; x_wconf 86' lang='lat' dir='ltr'>Apologia</span> <span class='ocrx_word' id='word_1_898' title='bbox 1963 3358 2080 3402; x_wconf 89' lang='lat' dir='ltr'>probat</span> <span class='ocrx_word' id='word_1_899' title='bbox 2102 3359 2138 3393; x_wconf 75' lang='lat' dir='ltr'>&lt;Sc</span> 
     </span>
    </p>
   </div>
   <div class='ocr_carea' id='block_1_8' title="bbox 1262 3412 2137 3494">
    <p class='ocr_par' dir='ltr' id='par_1_11' title="bbox 1262 3412 2137 3494">
     <span class='ocr_line' id='line_1_129' title="bbox 1262 3412 2137 3460; baseline -0.01 -11"><span class='ocrx_word' id='word_1_900' title='bbox 1262 3415 1371 3451; x_wconf 79' lang='lat' dir='ltr'>laudat</span> <span class='ocrx_word' id='word_1_901' title='bbox 1390 3415 1455 3460; x_wconf 85' lang='lat' dir='ltr'>ipse</span> <span class='ocrx_word' id='word_1_902' title='bbox 1477 3412 1698 3450; x_wconf 78' lang='lat' dir='ltr'>Athanasius:</span> <span class='ocrx_word' id='word_1_903' title='bbox 1719 3413 1929 3446; x_wconf 52' lang='lat' dir='ltr'>&gt;Promittimus</span> <span class='ocrx_word' id='word_1_904' title='bbox 1952 3415 2029 3442; x_wconf 82' lang='lat' dir='ltr'>citra</span> <span class='ocrx_word' id='word_1_905' title='bbox 2052 3417 2137 3444; x_wconf 77' lang='lat' dir='ltr'>tuam</span> 
     </span>
     <span class='ocr_line' id='line_1_130' title="bbox 1983 3461 2090 3494; baseline 0.028 -3"><span class='ocrx_word' id='word_1_906' title='bbox 1983 3461 2090 3494; x_wconf 78' lang='lat' dir='ltr'>Metro·</span> 
     </span>
    </p>
   </div>
  </div>
 </body>
</html>
