2340 3736
366 187 459 231 144
731 170 958 236 CQJINTI
993 167 1336 215 GernAns
1373 165 1669 217 Concurl

296 272 344 305 ut
396 274 473 324 per
522 257 606 306 hoc
657 254 864 319 significet
911 251 1200 303 differentiam
1247 266 1493 301 naturarum
1527 287 1541 314 9
1589 258 1636 308 in
1684 258 1840 326 quibus
1887 260 2120 311 inconfuse*

295 326 523 377 ineffabilis
560 329 701 376 unitio
734 326 843 375 facita
877 323 937 372 est
958 358 971 382 ‚
1007 340 1147 389 neque
1183 325 1283 371 Deo
1318 322 1465 374 Verbo
1501 325 1546 371 in
1581 329 1723 377 carnis
1759 345 1955 383 naturam
1977 330 2113 380 trans.

295 414 493 458 mutato,
528 415 672 464 neque
694 413 823 445 carne
856 397 903 442 in
929 392 1062 442 Verbi
1087 407 1287 440 naturam
1323 391 1562 446 transducta
1590 396 1608 454 (
1632 410 1777 447 manet
1806 404 1922 450 enirn
1946 417 2114 451 utrum-

295 488 382 537 que
418 470 502 517 hoc
537 466 655 535 quod
684 467 742 519 est
776 480 928 517 natura
951 499 965 523 ,
999 465 1133 517 etiarn
1170 461 1281 511 faeta
1306 466 1473 519 unitate
1509 462 1740 517 secundum
1765 467 2112 533 subsistentiam)

295 539 364 588 sed
398 557 479 608 pro
513 537 720 588 divisione
753 553 828 603 per
862 549 1028 601 partem
1053 570 1066 594 ,
1103 534 1234 581 talem
1270 536 1431 601 excipit
1466 553 1619 585 vocem
1654 539 1703 586 in
1737 538 1948 606 Mysterio
1983 543 2114 592 Chri-

296 611 346 659 sti
382 647 395 672 ,
433 611 504 660 vel
540 625 762 657 numerum
799 620 1045 654 naturarum
1079 602 1330 656 confitendo
1365 607 1411 656 in
1445 605 1600 660 eodem
1636 609 1835 657 Domino
1868 609 2013 660 nostro
2035 618 2114 678 Je-

296 679 341 729 su
376 680 549 730 Christo
581 715 594 739 ‚
643 682 744 726 Deo
780 674 927 730 Verbo
975 677 1202 728 incarnato
1237 712 1250 735 ,
1306 691 1394 723 non
1429 677 1648 731 intellectu
1683 678 1989 730 tantummodo
2031 679 2115 730 dif„

298 750 528 800 ferentiam
563 749 725 815 excipit
760 763 906 795 earum
929 781 943 806 ‚
990 762 1042 792 ex
1076 744 1233 811 quibus
1268 748 1312 792 δε
1346 746 1612 813 compositus
1646 748 1706 798 est
1738 787 1750 810 ,
1787 767 1877 799 non
1911 752 2116 800 interem-

296 838 418 889 ptam
470 834 647 887 propter
683 819 898 866 unitatem
937 814 1080 875 (unus
1114 816 1231 869 enim
1267 832 1319 869 ex
1355 831 1538 883 utraque
1570 854 1584 879 ,
1631 822 1674 868 &
1708 837 1784 887 per
1830 837 1963 870 unum
1998 836 2117 870 utra..

296 911 382 958 que
409 896 424 953 >
450 889 520 939 sed
556 892 603 936 in
638 889 721 937 hoc
758 903 935 935 numero
969 887 1107 934 utitur
1133 921 1146 944 ,
1183 901 1231 933 ut
1270 883 1497 952 separatim
1532 905 1791 961 unaquaque
1817 905 1971 941 natura
1997 889 2114 942 suam

297 962 485 1015 habente
518 958 850 1017 subfistentiam‚
886 955 987 1010 talis
1022 954 1251 1010 anathema
1287 954 1363 1011 fit..

596 1251 784 1339 CA
809 1249 875 1336 P
904 1247 1485 1339 ITULUM
1538 1250 1822 1342 VIII*

368 1457 391 1504 I
426 1458 525 1522 quis
562 1473 614 1505 ex
649 1453 815 1504 duabus
851 1454 1014 1500 naturis
1039 1452 1235 1500 Deitatis
1270 1455 1314 1500 δε
1348 1451 1632 1501 humanitatis
1657 1451 1869 1503 confitens
1907 1454 2123 1502 unitatem

404 1525 560 1575 faciam
595 1521 698 1583 effe,
734 1524 807 1572 vel
843 1539 972 1569 unam
1009 1536 1206 1572 naturam
1242 1524 1330 1572 Dei
1365 1521 1500 1571 Verbi
1530 1525 1798 1573 incarnatam
1824 1522 1997 1583 dicens,
2032 1539 2123 1572 non

296 1595 353 1644 sic
388 1613 440 1644 ea
475 1597 638 1664 excipit
672 1593 779 1643 ficut
814 1595 963 1640 Patres
1000 1590 1238 1640 docuerunt
1286 1627 1300 1651 ,
1348 1590 1470 1658 quod
1504 1609 1556 1641 ex
1591 1592 1741 1643 divina
1775 1609 1927 1642 natura
1962 1597 2006 1641 &
2043 1593 2127 1639 hu-

297 1683 426 1715 mana
461 1703 474 1727 ,
521 1667 719 1716 unitione
764 1660 994 1714 secundum
1030 1660 1338 1713 subsistentiam
1374 1660 1484 1711 faeta
1518 1698 1532 1721 ,
1579 1679 1686 1712 unus
1722 1661 1916 1712 Christus
1950 1659 2125 1710 effefflis

302 1736 364 1785 est
390 1774 403 1797 ,
441 1735 514 1784 sed
549 1754 601 1784 ex
636 1733 799 1800 talibus
836 1731 1018 1781 vocibus
1055 1748 1184 1780 unam
1220 1746 1421 1781 naturam
1444 1768 1458 1792 ‚
1493 1731 1579 1781 five
1613 1730 1891 1782 substantiam
1927 1732 2123 1781 Deitatis

298 1811 342 1855 δε
378 1809 521 1855 carnis
555 1804 718 1856 Christi
753 1801 1025 1854 introducere
1059 1816 1242 1851 conatur
1275 1838 1290 1862 ,
1333 1802 1434 1850 talis
1468 1802 1699 1850 anathema
1733 1801 1784 1850 fit
1818 1837 1831 1850 .
1879 1799 2122 1851 Secundum

302 1876 611 1926 subsistentiam
660 1876 778 1924 enim
826 1871 1021 1922 dicentes
1056 1873 1329 1935 unigenitum
1375 1875 1520 1920 Deum
1555 1871 1748 1920 Verbum
1793 1873 1913 1919 carni
1948 1872 2122 1919 unitum

303 1945 383 1995 cffe
419 1983 432 2007 ,
479 1964 568 1995 non
603 1943 895 1996 confusionem
933 1943 1127 2013 aliquam
1159 1956 1409 1990 naturarum
1456 1943 1502 1988 in
1536 1940 1577 1990 se
1614 1943 1802 1991 invicem
1850 1940 2007 1989 factam
2039 1937 2124 1989 effe

303 2016 489 2065 dicimus
524 2054 538 2076 ‚
588 2013 659 2064 sed
694 2015 831 2075 magis
865 2027 1144 2081 permanente
1193 2021 1375 2078 utraque
1410 2011 1493 2060 hoc
1528 2010 1648 2078 quod
1683 2010 1744 2060 est
1777 2046 1791 2072 ‚
1837 2013 2009 2059 unitum
2041 2006 2124 2076 effe

302 2089 422 2136 carni
458 2091 604 2135 Deum
641 2083 836 2132 Verbum
872 2083 1179 2145 intelligimus.
1217 2085 1398 2149 Propter
1431 2080 1553 2147 quod
1587 2086 1631 2130 &
1666 2097 1775 2128 unus
1809 2080 1870 2129 est
1903 2077 2125 2139 Christus,

302 2162 425 2206 Deus
461 2160 504 2205 δε
538 2155 671 2204 homo
705 2189 717 2213 ‚
769 2152 888 2200 idern
920 2150 1010 2219 ipse
1043 2150 1417 2201 consubstantialis
1450 2151 1569 2199 Patri
1603 2148 1834 2201 secundum
1870 2151 2124 2210 Deitatem‚

303 2233 348 2277 &
384 2224 754 2277 consubstantialis
789 2220 916 2271 nobis
949 2220 1066 2274 idem
1102 2220 1188 2289 ipse
1223 2219 1454 2272 secundum
1503 2221 1818 2270 humanitatem
1850 2255 1864 2280 ,
1900 2219 2125 2286 aequaliter

304 2299 422 2346 enim
458 2301 501 2345 δι
536 2313 636 2355 eos,
673 2295 750 2360 qui
786 2309 864 2359 per
899 2307 1069 2357 partem
1103 2289 1307 2341 dividunt
1333 2292 1403 2340 vel
1438 2289 1662 2352 incidunt,
1697 2295 1741 2340 &
1772 2306 1871 2351 eos,
1905 2291 1985 2356 qui
2018 2305 2125 2338 con-

303 2365 498 2416 ⁴fundunt
532 2364 691 2413 divinae
725 2359 1050 2469 dispensatffmis
1085 2361 1341 2433 Mysterium
1375 2360 1537 2413 Christi
1569 2397 1584 2423 ‚
1618 2361 1762 2413 reiicit
1794 2364 1838 2409 &
1870 2358 2123 2409 anathema-

306 2439 418 2486 tizat
455 2437 545 2485 Dei
579 2432 793 2485 Ecclesia.

997 2605 1179 2615 ——-—

604 2718 1575 2809 CAPITULUM
1651 2716 1827 2803 IX*

396 2931 417 2974 Ι
451 2927 551 2992 quis
587 2927 634 2973 in
683 2923 849 2973 duabus
892 2925 1057 2973 naturis
1105 2922 1277 2971 adorari
1322 2918 1434 2969 dicit
1479 2918 1697 2969 Christum
1732 2927 1745 2979 ’,
1796 2936 1851 2968 ex
1885 2933 1977 2985 quo
2021 2915 2130 2967 duas

316 2926 397 3062 S
431 2996 704 3045 adorationes
740 2993 1022 3044 introducunt
1057 2991 1283 3060 separatim
1331 2994 1433 3040 Deo
1467 2989 1614 3040 Verbo
1649 3026 1663 3050 ,
1709 2993 1752 3037 &
1787 2987 2015 3056 separatim
2050 2990 2130 3036 ho-

315 3067 426 3115 mini
455 3086 467 3123 3
518 3066 589 3114 vel
624 3065 656 3114 fi
689 3067 788 3133 quis
823 3064 878 3113 ad
915 3065 1294 3130 interemptionem
1329 3062 1402 3110 vel
1436 3059 1493 3109 ad
1528 3059 1821 3109 confusionem
1856 3060 2052 3108 Deitatis
2084 3061 2129 3104 &

317 3136 623 3195 humanitatis,
660 3153 790 3184 unam
825 3150 1023 3184 naturam
1059 3133 1145 3182 five
1171 3131 1449 3180 substantiam
1484 3148 1658 3191 eorum,
1695 3147 1794 3196 quae
1822 3141 2133 3185 convenerunt,

319 3204 620 3262 introducen3‚
655 3205 711 3252 fic
746 3205 966 3253 Christum
989 3203 1167 3264 adorat,
1204 3201 1276 3251 sed
1310 3219 1398 3250 non
1433 3218 1517 3250 una
1551 3200 1805 3250 adoratione
1842 3203 1986 3246 Deum
2020 3200 2132 3245 Ver-

321 3275 424 3321 bum
460 3277 729 3323 incarnatum
765 3292 862 3321 cum
898 3277 1074 3341 propria
1109 3272 1238 3340 ipsius
1271 3289 1399 3321 carne
1434 3271 1612 3335 adorat,
1648 3270 1755 3322 ficut
1787 3267 1845 3318 ab
1876 3268 2007 3316 initio
2041 3266 2132 3315 Dei

324 3344 519 3393 Ecclefiae
555 3340 764 3394 traditum
799 3343 858 3392 est
881 3379 893 3403 ,
929 3346 1030 3393 talis
1066 3344 1297 3393 anathema
1332 3341 1409 3391 fit.

1918 3520 2086 3568 scHo-
