2340 3736
662 77 747 140 De
795 91 1032 137 SYNODO
1055 92 1603 139 Cuntcenoutust.

256 174 429 220 Episcopum
441 193 466 215 ,a
488 182 524 209 ut
544 179 603 208 iret
622 175 658 208 (δ’
678 174 848 207 emendaret
870 172 1042 214 Ecclefiam,
1069 181 1144 207 tame

257 236 348 266 quam
363 225 476 267 fibimet
494 230 702 265 competentem
723 249 731 255 .
768 223 900 267 Nempe·
918 221 1142 266 Metropolitae

258 273 527 310 Nicomedienses
541 274 783 318 Episcoporum
803 272 1143 316 Constantinopolita-

255 333 374 359 norum
385 320 609 362 invasionibus
627 324 783 369 generose
803 323 987 358 restiterant
1010 322 1076 357 huc
1099 323 1146 356 us-

254 385 342 416 que,
368 371 508 418 ideoque
519 372 758 408 istiNicaenum
782 373 933 407 adversus
956 373 1032 406 illos
1056 370 1146 416 adju-

256 423 376 458 vabant
388 448 399 465 ,
423 435 465 458 ex
476 423 609 466 antiqua
621 424 787 467 paraemia:
813 423 928 456 Dividi
959 424 994 456 (9
1014 427 1148 463 impera-

254 473 320 506 bis.
348 472 395 507 At
407 474 485 508 vero
500 474 687 508 Eunomius
706 472 897 516 provocavit
919 471 961 506 ad
985 472 1144 506 Nicaenos

255 523 409 558 Canones
421 548 432 563 ,
459 521 650 558 mandantes
666 523 724 557 uni
748 520 930 557 Provincia:
948 522 1013 556 effe
1034 532 1139 555 unum

252 572 423 607 dumtaxat
453 573 728 616 Metropolitam,
755 580 853 615 atque
877 571 918 605 ab
941 570 1002 605 illo
1028 570 1143 606 omnes

254 622 476 658 provinciales
491 622 665 657 Antistites
685 621 883 655 consecrari.
910 621 1054 655 Addidit
1082 621 1143 654 Ni-

254 684 353 706 caeam
371 684 414 711 ex
436 670 664 706 Valentiniani
685 681 724 705 ac
753 670 904 704 Valentis
916 672 1141 715 Augustorum

252 721 435 767 diplomate
462 723 547 762 effe,
570 721 652 755 citra
671 719 973 755 Nicomedienfium
1001 720 1143 765 praejudi-

259 774 347 807 cium
359 798 369 813 ,
394 772 464 806 solo
478 770 612 806 nomine
630 770 663 804 &
676 769 803 804 honore
827 771 1046 814 Metropolim
1064 796 1076 812 2
1098 779 1141 805 at-

254 834 318 866 que
333 823 375 858 ita
385 822 403 854 a
413 821 535 855 cunetis
549 820 696 854 Ponticae
713 819 900 855 Dioeceseos
914 821 1064 865 collegis
1086 822 1142 855 ob·

255 873 354 907 tinuit
372 868 437 904 hoc
463 869 711 904 testimonium.
749 874 885 904 canones
910 881 1002 903 unum
1020 870 1142 912 faciunt

253 921 468 963 Metropolitam
487 925 704 962 antiquiorem:
733 925 775 956 Et
784 919 971 962 manifestum
987 919 1045 960 est,
1071 932 1142 963 quo-

251 976 335 1005 niam
346 969 489 1014 Episcopo
509 971 697 1004 Nicomediae
719 971 932 1003 Ordinationes
954 978 1119 1012 competunt
1134 995 1143 1010 ,

251 1022 287 1055 6·
296 1025 366 1063 quia
376 1021 455 1064 leges
476 1024 567 1054 etiam
579 1025 694 1054 nomine
704 1021 875 1063 Metropolis
897 1019 1074 1063 solummodo
1094 1020 1141 1053 bo-

251 1078 433 1104 moraverunt
442 1075 591 1112 Nicenam
610 1074 786 1111 civitatem,
811 1071 847 1104 <5
863 1078 1054 1112 praeponitur
1079 1072 1147 1104 reli-

249 1126 318 1166 quis
333 1123 491 1162 Provincif
514 1120 619 1154 bonore
625 1118 805 1163 fhlummoda
820 1146 827 1154 .
857 1121 902 1155 Et
913 1119 999 1155 hanc
1008 1121 1027 1154 a
1039 1122 1145 1164 Syno-

252 1172 298 1205 do
324 1171 519 1204 sententiam
532 1195 539 1202 .
578 1170 790 1204 Audoritatem
821 1172 1043 1212 Metropolitani
1067 1176 1146 1203 inter

252 1226 280 1256 E
286 1218 396 1261 cclesias
418 1223 587 1253 Provinciae
608 1220 757 1258 Bythiniae
778 1219 1007 1262 Nicomedienfis
1026 1219 1147 1253 habebit

250 1267 415 1312 Episcopus
428 1294 440 1310 ,
467 1273 585 1310 Niceno
606 1268 732 1303 habente
752 1269 889 1303 honorem
926 1270 1146 1312 Metropolitani

247 1320 455 1354 tantummode
468 1343 481 1360 2
499 1317 674 1362 subJacente
696 1328 798 1353 autem
819 1320 864 1354 ad
884 1322 1051 1362 exemplum
1075 1320 1147 1354 alio-

251 1381 338 1403 zum.

303 1420 537 1456 Atintercessit
557 1419 671 1455 AEtius
698 1419 846 1456 Ecclefiae
868 1419 1147 1464 Constantinopo-

251 1470 363 1506 litanae
375 1469 683 1510 Archi-Diaconus‚
707 1470 791 1514 apud
817 1470 1073 1505 Gloriofiffimos
1098 1470 1145 1513 ju-

252 1520 346 1555 dices
365 1520 578 1564 protestatus.
605 1523 789 1565 suggerimus
815 1520 908 1562 vestre
927 1519 1146 1565 Magnificentie

247 1581 302 1614 rog
311 1578 398 1603 antes
412 1594 422 1610 ‚
447 1579 480 1604 ut
489 1572 601 1604 nullum
608 1572 812 1612 prejudicium
824 1571 1146 1613 constantinopolitane

245 1618 288 1663 sa
294 1620 443 1662 nc‘Hssimt
454 1619 573 1662 Ecclefie
581 1620 640 1662 fiat
649 1632 688 1654 ex
697 1620 744 1653 bis
757 1643 767 1659 ,
778 1631 833 1662 que
844 1631 920 1653 nunc
927 1621 1143 1663 proferuntur.

252 1667 452 1712 Sanffsssima
461 1675 541 1703 enim
554 1669 882 1712 Constantinopolitana
892 1669 977 1712 J'edes
986 1682 1042 1705 aut
1054 1671 1143 1704 Ordi-

252 1724 403 1752 nationem
412 1717 479 1761 ipsa
489 1718 568 1760 facit
580 1718 768 1763 ssafilinopoli
778 1731 843 1753 ciem
850 1721 972 1762 reliquis
986 1745 997 1760 ,
1009 1729 1061 1753 aut
1072 1732 1140 1754 eam

246 1767 496 1810 permansuri,
512 1767 586 1810 ficut
603 1771 718 1802 litteris
732 1793 743 1808 ‚
768 1780 835 1811 quae
850 1769 929 1810 fiunt
941 1794 952 1809 ‚
979 1772 1036 1803 vel
1046 1769 1145 1812 fatJae

244 1816 323 1861 sunt
338 1816 444 1862 sepius
455 1843 466 1859 ‚
495 1817 637 1858 ostendere
662 1818 806 1862 poffumus
818 1843 825 1851 .
854 1818 1039 1861 Respondit
1068 1819 1145 1853 vero

251 1868 430 1910 Synodus:
457 1872 591 1900 Canones
616 1876 760 1909 teneant,
798 1869 971 1902 Canonibus
987 1868 1142 1912 satisfiat.

249 1917 297 1951 Et
310 1917 452 1952 Domini
467 1916 595 1961 Judices
607 1932 618 1951 :
645 1917 922 1962 ‚Quacumquesedt
944 1918 1146 1960 Constantino-

250 1969 389 2011 politanf
400 1968 437 2001 de
447 1969 693 2002 ordinationibus
710 1971 863 2010 Provincie
889 1977 1054 2011 competunt
1067 1995 1077 2011 ,
1092 1967 1146 2013 suo

246 2018 356 2052 ordine
375 2018 643 2051 examinabuntur.
684 2018 727 2052 Et
756 2018 941 2052 Eunomius
965 2019 1145 2063 Episcopus

252 2066 535 2100 Nicomediensis:
562 2069 658 2110 Diligo
671 2067 950 2111 Archi-Epiftopum
963 2067 1146 2112 splendidis-

244 2114 320 2158 ssme
342 2114 609 2158 Constantinopolis
621 2141 632 2156 ,
658 2116 856 2150 obtinentibus
877 2123 980 2159 utique
1001 2121 1124 2163 Regalis.
1135 2143 1146 2161 ,

253 2166 289 2199 id
299 2164 344 2199 est
359 2190 371 2206 ,
399 2164 492 2198 salvis
504 2165 699 2199 Canonibus
711 2167 745 2200 N
749 2166 856 2201 icaenis
868 2191 875 2198 .
909 2167 960 2200 Ex
972 2179 1039 2211 quo
1059 2169 1147 2203 vides

253 2225 390 2250 omnem
399 2216 594 2250 consensum
610 2240 621 2255 ,
646 2216 759 2251 datum
781 2216 799 2249 a
822 2216 921 2250 trium
946 2218 1143 2252 Dioeceseon

252 2264 483 2309 Metropolitis
502 2265 537 2299 in
561 2265 733 2301 Canonetn
759 2265 950 2312 vigesimum
974 2269 1146 2308 oetavum,

252 2315 347 2350 fuisse:
361 2315 391 2350 vi
402 2325 571 2351 extortum
585 2343 592 2350 .

305 2364 408 2400 Attio
418 2377 528 2410 quarta
538 2366 665 2402 decima
684 2367 801 2403 definit
812 2380 869 2403 cau
875 2370 941 2403 sam
964 2367 1135 2405 Athanasii

249 2427 292 2449 ac
306 2414 478 2450 Sabiniani
490 2418 761 2453 contendentium
785 2418 826 2453 de
849 2419 1047 2462 Episcopatu
1067 2420 1145 2454 Par-

251 2462 363 2500 rhensi
377 2466 411 2499 in
424 2465 598 2501 Provincia
611 2468 802 2503 Eufratefia.
829 2467 1044 2506 Athanasium
1055 2469 1073 2503 a
1084 2469 1144 2505 Pa-

250 2515 373 2549 nolhio
385 2515 641 2560 Hieropolitano
654 2517 818 2562 Episcopo
832 2519 1046 2562 Metropolita
1059 2545 1069 2561 ‚
1083 2532 1143 2554 nec

251 2575 323 2599 non
339 2566 358 2598 a
367 2565 507 2600 Domno
518 2566 705 2601 Patriarcha
717 2568 935 2603 Antiocheno
947 2570 1142 2604 damnatum

249 2614 458 2657 reposuerat,
483 2627 521 2649 ac
539 2617 569 2650 ei
593 2617 761 2651 suffectum
785 2617 1023 2660 Sabinianum,
1053 2620 1143 2655 inau-

252 2664 365 2697 ditum
383 2664 418 2698 δε
437 2676 505 2698 non
519 2674 671 2701 vocatum
687 2692 699 2707 ,
724 2667 855 2711 ejecerat
867 2669 901 2702 in
923 2668 1142 2712 Ephefinola·

250 2712 333 2747 troci
342 2714 398 2748 nio
410 2714 589 2750 Dioscorus
600 2740 611 2756 ‚
637 2715 768 2752 laudato
782 2718 922 2752 Domno
935 2730 973 2752 ac
983 2719 1141 2754 omnibus

252 2764 435 2797 orientalis
465 2764 654 2801 Dioeceseos
675 2766 846 2812 Episcopis
873 2767 992 2811 juratus
1014 2769 1141 2811 hostis,

252 2813 397 2856 ideoque
412 2813 578 2849 Sabiniani
588 2818 683 2855 causa
695 2817 867 2853 videbatur
877 2818 986 2854 lucida
1009 2818 1043 2852 ὃς
1063 2820 1139 2859 faci-

252 2863 293 2896 lis
310 2889 318 2895 .
347 2862 439 2911 Qia
450 2874 559 2899 tamen
582 2866 623 2900 de
635 2867 731 2902 nullo
752 2868 892 2902 crimine
904 2869 1064 2904 confessus
1082 2879 1139 2905 aut

251 2913 445 2953 convietus,
471 2915 524 2949 sed
548 2915 718 2951 dumtaxat
739 2917 774 2952 in
795 2919 1061 2961 contumaciam,
1087 2932 1139 2955 co·

252 2974 320 2996 ram
337 2961 521 3004 judicibus,
547 2965 596 2998 uti
618 2965 723 3009 ajebat
739 2991 750 3006 ,
775 2967 964 3003 adversariis
983 2979 1138 3005 evocatus

251 3011 359 3047 adesse
371 3013 489 3046 nolens
498 3038 510 3054 ‚
535 3014 707 3050 damnatus
718 3017 823 3051 fuerat
837 3017 1034 3053 Athanafius
1047 3044 1058 3061 ‚
1072 3031 1137 3063 per·

249 3062 359 3097 cussus
370 3060 427 3097 hic
458 3073 528 3097 non
551 3063 614 3098 fuit
633 3065 757 3109 judicio
780 3065 970 3103 definitivo.
1009 3069 1138 3105 Caffata

250 3111 412 3147 sententia
425 3112 630 3155 latrocinali,
657 3115 871 3159 Sabinianus,
897 3117 1012 3162 utpote
1022 3120 1057 3153 in
1080 3119 1138 3154 ho-

246 3163 353 3197 minis
366 3162 568 3205 synodaliter
579 3163 693 3206 dejecti
704 3166 814 3201 locum
826 3169 986 3204 canonice
1007 3163 1138 3204 ordina-

245 3223 324 3251 tus,
349 3212 448 3255 jussus
457 3212 502 3246 est
514 3213 772 3255 provifionaliter
781 3227 911 3253 manere
927 3219 1106 3263 Episcopus
1125 3243 1136 3260 ‚

251 3261 466 3306 additumque
483 3262 523 3296 de
532 3261 733 3303 Athanasio,
757 3268 873 3313 Causas
890 3273 918 3301 ei
939 3269 1043 3303 illatas
1065 3280 1135 3303 exa-

250 3313 414 3345 minandas
425 3312 476 3355 effe
486 3314 664 3347 decernimus
674 3316 759 3356 apud
775 3313 996 3360 sanc‘lissimum
1019 3317 1136 3362 Episco-

246 3368 324 3401 pum
335 3361 486 3405 Antioc-'bie
497 3366 661 3396 Maximum
673 3387 684 3403 ‚
708 3365 742 3398 6·
754 3367 915 3399 Concilium
930 3390 941 3406 ,
965 3369 1049 3410 quod
1067 3379 1132 3402 cum

244 3410 352 3452 locst&
376 3413 423 3443 ita
442 3421 564 3455 tamen,
592 3421 624 3447 ut
635 3419 717 3447 intra
740 3414 800 3448 otio
810 3414 942 3459 menses,
968 3418 988 3450 ἆ
1003 3416 1133 3462 presenti

351 3459 456 3501 christ.
471 3466 551 3505 Lupi
564 3467 650 3506 Oper.
664 3466 786 3498 TomJL

1929 111 2022 149 129

1210 170 1259 203 die
1279 171 1506 208 numerandos,
1531 176 1712 204 examinatio
1716 171 1788 214 fiat:
1818 176 1859 207 Et
1862 174 1892 216 fi
1898 178 2017 218 quidem
2027 187 2090 209 con-

1211 218 1417 263 villusfuerit
1426 244 1438 260 ,
1463 231 1520 253 non
1525 218 1621 262 solim
1640 233 1704 254 eum
1715 224 1841 256 alianum
1851 225 1903 266 effe
1924 226 1962 257 ab
1973 226 2091 270 Episco-

1206 279 1282 313 patu
1295 295 1306 311 ,
1327 270 1385 314 sed
1394 277 1484 304 etiam
1493 269 1602 314 legibus
1611 271 1737 311 publicis
1743 271 1931 316 subdendum
1940 300 1948 307 .
1974 279 1994 309 5
1995 283 2006 308 i
2017 279 2089 310 vero

1209 326 1290 354 intra
1299 320 1349 353 hoe
1369 328 1486 363 tempus
1498 331 1555 353 non
1578 329 1687 363 agatur
1709 323 1861 356 adversus
1882 335 1949 357 eum
1961 349 1971 364 ,
1996 337 2089 368 neque

1208 376 1416 414 convincatur3
1444 368 1651 414 Episcopatum
1660 374 1827 411 recipiat&
1840 372 2010 416 Ecclefiam:
2036 377 2089 408 Sa·

1209 422 1350 454 bimanus
1361 423 1433 455 vero
1445 422 1664 464 &dignitatem
1687 419 1881 463 Episcopatus
1901 423 2031 463 babeat,
2054 426 2090 457 Θ

1202 470 1376 514 substitutus
1384 470 1442 513 fit,
1470 473 1504 505 &
1524 468 1687 514 pascatur,
1705 469 1779 510 ficut
1793 471 1965 515 Episcopus
1987 478 2089 512 Antio-

1206 521 1358 555 chenorum
1383 524 1538 554 Maximus
1559 543 1571 560 ‚
1590 518 1749 564 secundum
1769 519 1941 561 facultatem
1961 524 2090 558 Parrhe-

1206 582 1309 604 norum
1319 569 1473 612 Ecclefiae,
1488 568 1681 614 disposuerit.
1719 568 1819 605 Attio
1839 572 1950 611 quinta
1963 574 2096 617 decima*

1206 619 1309 655 edidit
1321 620 1477 655 Canones
1485 646 1497 662 ‚
1523 620 1649 655 decima
1661 621 1750 654 sexta
1763 619 1867 653 audiit
1884 622 2087 666 Legatorum

1205 670 1434 705 Romanorum
1447 667 1706 705 interceffionem
1731 679 1845 706 contra
1857 670 2030 707 Canonem
2043 674 2089 708 vi-

1204 720 1362 766 gesimum
1374 720 1525 755 oCiavum
1538 746 1545 754 .

1254 770 1308 804 De
1334 768 1532 813 Eutychetis
1556 770 1781 807 Haeresiarchae
1805 772 1941 815 persona
1966 771 2091 808 nullam

1207 820 1359 864 Synodus
1394 821 1472 855 facit
1497 819 1627 863 penitus
1654 818 1860 856 mentionem
1874 846 1881 854 .
1915 823 2016 856 Suum
2054 835 2092 857 ac

1207 871 1310 905 Sanffl
1332 870 1481 904 Flaviani
1500 869 1541 904 de
1565 869 1626 905 illo
1646 871 1806 915 judicium
1830 872 1935 907 voluit
1961 874 2094 908 Sand’tus

1207 922 1276 955 Leo
1297 921 1360 954 esse
1381 919 1630 962 irretraihbile,
1669 920 1829 965 ideoque,
1857 923 2025 956 Martiano
2051 921 2093 957 ad

1207 971 1379 1013 imperium
1389 973 1500 1005 evesto
1518 970 1723 1006 &latrocinii
1735 971 1888 1016 Ephefini
1899 972 2008 1007 ruinas
2024 972 2093 1016 jux*-

1208 1032 1241 1054 ta
1253 1021 1450 1062 Apostolicae
1460 1019 1551 1055 Sedis
1561 1021 1688 1056 decreta
1707 1033 1895 1065 reparante,
1919 1034 2001 1057 mox
2023 1023 2095 1057 scri-

1209 1070 1265 1113 psit
1276 1070 1316 1104 ad
1330 1071 1539 1105 Pulcheriam
1551 1069 1735 1116 Augustam
1749 1097 1756 1105 .
1784 1074 1829 1106 De
1839 1072 1963 1111 Eutyche
1973 1096 1984 1112 ‚
2004 1079 2094 1107 totius
2111 1085 2159 1120 gp,
2164 1090 2244 1120 45·c·
2248 1093 2264 1121 3

1201 1118 1342 1164 scandali
1378 1121 1411 1154 (15
1430 1127 1602 1162 pravitatis
1625 1123 1758 1164 auc‘iore,
1784 1122 1836 1156 hoc
1856 1123 2024 1157 Clementia
2042 1135 2095 1158 ve-

1202 1169 1266 1210 stra
1273 1174 1435 1212 praecipiat
1449 1194 1460 1210 ,
1486 1179 1520 1202 ut
1539 1170 1579 1202 ab
1601 1183 1631 1203 eo
1648 1172 1704 1204 loco
1717 1197 1729 1213 ,
1756 1178 1808 1215 qui
1831 1172 2095 1215 Constantinopoli-

1209 1230 1279 1261 tane
1289 1218 1371 1252 urbis
1395 1225 1486 1252 nimis
1507 1225 1624 1252 vicinus
1643 1221 1699 1260 est,
1727 1222 1838 1265 longios
1861 1222 2091 1264 transferatur.-

1209 1274 1260 1303 Ne
1261 1269 1512 1312 frequentioribus
1519 1269 1636 1313 solatiis
1658 1283 1773 1313 eorum,
1802 1284 1872 1314 quos
1897 1275 1941 1309 ad
1957 1279 2095 1315 impieta-

1207 1328 1268 1354 tem
1283 1317 1373 1361 suam
1399 1326 1516 1359 traxit,
1545 1327 1666 1353 utatur.
1706 1321 1805 1355 Adeo
1827 1322 1923 1356 illum
1955 1323 2095 1368 amplius

1208 1367 1313 1403 audiri
1324 1369 1431 1404 noluit
1443 1393 1453 1410 ‚
1479 1380 1534 1404 aut
1547 1370 1686 1412 Synodo
1697 1371 1803 1405 adesse
1812 1397 1819 1404 .
1851 1373 1897 1406 Et
1907 1372 2011 1408 tribus
2024 1374 2094 1416 post
2112 1396 2212 1431 ΗΜΘ·
2222 1377 2275 1424 ms

1209 1419 1381 1463 Synodum
1402 1420 1498 1453 annis
1529 1420 1651 1462 scripsit
1681 1420 1722 1455 ad
1746 1421 1933 1464 Principem
1959 1424 2096 1457 Martia·
2269 1423 2273 1427 ’

1211 1481 1290 1503 num
1304 1494 1311 1501 .
1339 1469 1541 1513 Significatum
1552 1469 1626 1502 mibi
1636 1469 1674 1510 est
1680 1471 1796 1512 fratris
1809 1475 1844 1507 Θ
1856 1471 2026 1516 σοερ,ζ[ῖ·ορὶ
2037 1477 2096 1507 met

1202 1520 1331 1564 Juliani
1337 1518 1489 1563 sermone,
1511 1520 1656 1557 Eutychen
1673 1527 1797 1562 impium
1814 1530 1871 1563 pro
1883 1521 1949 1565 suis
1971 1525 2095 1566 quidem

1208 1575 1323 1603 meritis
1348 1570 1492 1608 exulare,
1525 1567 1586 1612 sed
1603 1575 1636 1602 in
1656 1569 1717 1613 ipr
1733 1571 1787 1618 sue
1809 1572 2012 1606 damnationis
2038 1573 2096 1607 loeo

1208 1619 1304 1653 multa
1322 1620 1469 1653 adversas
1491 1623 1693 1663 integritatem
1712 1621 1884 1665 catholicam
1899 1622 2097 1666 blasphemia·-

1208 1681 1275 1703 rum
1285 1668 1471 1713 desperatius
1482 1676 1600 1702 venena
1604 1670 1806 1716 profundere:
1833 1676 1880 1705 Et
1889 1675 1969 1716 quod
1990 1679 2023 1706 in
2046 1675 2095 1707 illo

1208 1727 1286 1752 totus
1298 1720 1428 1754 mundus
1447 1718 1561 1753 horruit
1581 1729 1674 1763 atque
1694 1721 1859 1755 damnavit
1870 1747 1881 1763 ,
1906 1725 2095 1765 impudentia

1208 1771 1321 1810 majore
1334 1794 1345 1810 ,
1370 1779 1404 1802 ut
1439 1775 1602 1802 innocentes
1636 1771 1767 1813 decipere
1792 1770 1891 1816 possit
1905 1798 1915 1813 ‚
1941 1785 2089 1807 evomere.

1211 1820 1339 1853 Plenum
1359 1825 1461 1862 itaque
1473 1824 1599 1853 rationis
1613 1819 1709 1861 estimo
1723 1846 1733 1862 ,
1759 1832 1792 1855 ut
1812 1822 1908 1863 vestra
1929 1825 2096 1857 Clementia

1209 1870 1254 1902 ad
1262 1870 1465 1914 longinquiora
1474 1871 1536 1902 loca
1549 1869 1659 1910 jubeat
1682 1873 1716 1904 &⁸
1734 1870 1889 1915 secretiora
1909 1872 2090 1915 transferri.

1208 1920 1289 1966 Qo
1315 1918 1447 1954 tandem
1476 1919 1663 1962 deportatus
1689 1921 1749 1961 fit,
1775 1923 1808 1957 &
1829 1935 1871 1956 ex
1889 1934 1953 1966 qua
1979 1922 2094 1958 mundi

1208 1970 1302 2014 plaga
1322 1970 1364 2006 ad
1388 1969 1515 2003 inferna
1538 1968 1767 2014 descenderit,
1794 1972 1962 2017 ignoratur
1977 1998 1984 2005 .

1302 2189 1556 2240 CAPUT
1594 2190 2002 2258 QJARTUM.

1209 2335 1268 2377 De
1313 2308 1534 2377 antio-ritate
1579 2335 1610 2376 S
1597 2328 1718 2394 ynodi
1764 2328 2061 2396 Chalcedonensis
2076 2343 2111 2380 .'

1306 2470 1557 2506 Halcedonense
1576 2469 1618 2504 de
1639 2470 1703 2505 fide
1725 2470 1892 2506 decretum
1905 2481 2002 2508 tantae
2014 2473 2093 2507 sem-

1319 2532 1374 2564 per
1386 2522 1422 2555 in
1443 2521 1536 2555 omni
1549 2521 1606 2555 sub
1620 2522 1706 2555 coelo
1720 2521 1862 2563 Ecclesia
1872 2524 1937 2557 fuit
1950 2523 2090 2560 austori-

1205 2571 1283 2606 tatis
1296 2595 1307 2611 ,
1333 2581 1369 2606 ut
1389 2572 1495 2615 ipsum
1517 2572 1651 2605 Sanetus
1675 2571 1747 2605 Leo
1768 2572 1916 2616 Magnus
1929 2573 1964 2607 in
1978 2573 2093 2607 litteris
2109 2579 2218 2616 EP·7⁷··

1205 2619 1245 2654 ad
1272 2621 1471 2656 Anatolium
1505 2620 1918 2664 constantinopolitanum
1958 2620 2093 2665 Episco-

1205 2682 1306 2714 pum,
1331 2670 1524 2705 Mansuetus
1535 2669 1838 2715 Archi-Episcopus
1858 2671 2092 2707 Mediolanen-

1203 2722 1242 2755 fis
1266 2721 1301 2755 in
1322 2720 1436 2755 litteris
1458 2719 1499 2754 ad
1519 2720 1778 2756 Constantinum
1790 2732 1942 2766 quartum
1953 2723 2092 2767 Impera-

1202 2781 1308 2805 torem
1338 2770 1540 2805 exstantibus
1566 2782 1644 2806 ante
1670 2772 1794 2805 sextam
1821 2771 1994 2815 Synodum
2018 2796 2030 2813 ,
2055 2771 2090 2806 δε

1202 2820 1311 2855 omnis
1339 2822 1480 2865 populus
1507 2820 1903 2866 Constantinopolitanus
1928 2823 1964 2857 in
1986 2822 2093 2858 accla-

1202 2869 1403 2905 mationibus
1415 2870 1523 2905 relatis
1533 2871 1567 2905 in
1580 2871 1718 2915 Synodo
1735 2871 1793 2906 sub
1804 2872 1931 2907 Menna
1953 2872 2090 2907 Patriar-

1201 2920 1264 2955 cha
1286 2945 1297 2962 ,
1333 2921 1591 2956 eminentiffimo
1620 2922 1717 2956 titulo
1741 2921 1910 2966 appellarit
1928 2923 2092 2961 symbolum

1202 2969 1437 3014 chalcedonense
1450 2995 1457 3003 .
1483 2970 1670 3005 Theodosii
1694 2971 1836 3007 Abbatis
1857 2984 1912 3015 per
1924 2971 2036 3017 Regiae
2047 2973 2089 3006 ci·
2106 2960 2171 3004 Ast·
2197 2968 2227 2998 5¹

1201 3021 1311 3055 vitatis
1324 3021 1446 3065 plateas
1457 3020 1580 3055 clamor
1599 3020 1763 3061 solennis,
1787 3020 1936 3066 ,Quisquis
1961 3032 2088 3069 quatuor
2105 3002 2125 3031 ᾗ
2137 3004 2183 3036 ‘⁰²4'

1199 3072 1322 3109 synodos
1345 3080 1471 3113 quatuor
1491 3073 1671 3114 Evangeliis
1683 3083 1743 3105 non
1766 3074 1935 3115 adaquat,
1960 3072 2085 3106 anatlie-

1198 3131 1249 3153 ma
1253 3118 1315 3160 fit,
1341 3121 1435 3155 causa
1457 3118 1553 3163 hujus
1575 3121 1693 3155 nostra:
1711 3122 1882 3166 praesertim
1903 3123 2006 3157 fastus
2015 3123 2061 3157 est
2075 3147 2087 3163 ,
2104 3116 2227 3154 Niceph.

1198 3169 1402 3213 ejusdemque
1422 3170 1594 3214 praesertim
1614 3172 1710 3206 causa
1731 3171 1829 3207 toties
1850 3172 1944 3206 illum
1966 3173 2002 3205 in
2020 3172 2087 3219 suis
2103 3156 2227 3194 l·¹⁶·“·³'
2236 3167 2262 3194 >¹-

1200 3220 1312 3254 litteris
1333 3219 1464 3265 repetiit
1490 3220 1624 3256 Sanctus
1646 3220 1827 3267 Gregorius
1840 3222 1984 3265 Magnus
2008 3246 2019 3262 ,
2048 3222 2083 3257 &

1198 3269 1306 3304 omnis
1326 3268 1393 3312 jam
1406 3269 1532 3313 pridem
1545 3269 1690 3306 Ecclesia
1702 3268 1738 3305 in
1750 3271 1912 3316 Regulam
1924 3271 2061 3316 suscepit
2072 3298 2086 3314 ‚

1199 3321 1312 3361 utique
1334 3329 1376 3354 ex
1397 3330 1464 3364 quo
1485 3319 1686 3363 justinianus
1699 3345 1711 3361 ‚
1736 3332 1793 3355 aut
1816 3320 1927 3364 potius
1940 3321 2084 3365 Iustinus

1199 3367 1368 3413 Augustus
1381 3369 1526 3404 laudatas
1538 3371 1693 3413 Synodos
1708 3395 1719 3409 ,
1745 3370 1916 3414 praesertim
1929 3370 2011 3406 hanc
2026 3383 2085 3406 no-

1199 3419 1295 3454 stram
1309 3442 1320 3460 ‚
1347 3420 1440 3455 sacris
1452 3418 1602 3455 Ecclefiae
1616 3415 1735 3503 tabfilis
1747 3431 1801 3463 per
1813 3421 1975 3506 Ioannes?l
1995 3421 2085 3466 Con-¹

1981 3481 2034 3506 an-
