2340 3736
92 1499 151 1532 Αᾶ
173 1510 197 1535 ς.

90 1620 121 1649 L
134 1628 232 1658 5.c.3.

338 135 357 177 ,¹
370 133 437 178 24
698 168 700 172 .

267 236 269 241 ,
316 203 467 250 Pergunt
476 203 600 252 Legati
615 205 799 251 Apostolici
818 204 859 239 de
881 206 978 240 tertio
999 205 1152 239 Dioscoti

267 252 405 290 crimine
423 282 430 288 .
458 258 599 301 secundis
633 256 797 300 excessibus
814 262 944 299 priorem
964 261 1152 297 iniquitatem

269 307 361 339 valde
383 305 566 350 transcendit
586 332 592 338 .
620 305 799 351 Prqfitmpfit
818 313 896 340 enim
917 307 1154 339 &excommuni-

270 363 415 391 cationem
427 358 541 394 die‘iare
550 359 700 394 adversus
704 355 926 404 sanffissimum
938 381 948 395 ,
970 358 1006 390 &⁹
1025 353 1152 400 beatissi-

270 420 354 441 mum
369 407 456 441 Archi
469 406 649 453 Episcopum
668 421 786 452 magnae
806 412 909 440 Romae
933 410 1059 442 Leonem
1071 431 1078 437 .
1110 405 1154 440 Et

271 457 407 492 Relatio
430 459 602 501 synodalis.
615 458 656 493 ad
678 459 844 493 laudatum
865 457 1083 493 Pontificem.
1110 459 1156 490 Et

267 508 331 551 paest
343 509 405 545 haec
428 515 527 542 omnia
546 508 661 554 insuper
684 511 717 543 (ot
736 518 836 542 contra
850 505 964 550 ipsum,
990 513 1037 539 cui
1056 510 1156 542 vineae

269 559 396 598 custodia
407 561 427 594 a
438 561 594 595 salvatore
605 561 747 603 commtffa
758 558 796 599 est
803 581 814 596 ,
839 557 979 591 extendit
988 555 1136 599 insaniam
1148 580 1157 595 ‚

270 611 308 643 id
318 609 356 651 est
365 633 376 650 ‚
402 620 502 645 contra
512 620 596 644 tuam
608 622 719 654 quoque
734 608 920 651 Apostolicam
940 607 1137 640 sanctitatem
1148 630 1158 647 ,

272 661 639 695 &excommunicationem
658 661 820 693 meditatus
842 658 878 699 est
900 667 1003 691 contra
1029 666 1081 696 te,
1106 662 1158 697 qui

272 720 374 753 corpus
387 711 520 754 Ecclefiae
543 717 626 743 unire
628 709 778 752 fhstinas.
809 709 853 742 Et
873 708 1007 742 Relatio
1028 706 1068 741 ad
1095 707 1157 740 Va-

271 761 492 796 lentinianum
506 773 541 795 ac
553 761 756 795 Marcianum
773 757 942 804 Augustos
955 783 962 790 .
976 760 1068 799 Super
1081 758 1158 790 alias

266 810 342 855 suas
355 818 502 855 nequitias
516 812 550 846 (τ
560 810 709 844 adversus
738 807 832 853 ipsam
856 809 1044 852 Apostolicam
1059 807 1161 843 sedem

271 864 402 897 latravit
426 887 436 902 ‚
473 863 508 896 (9·
533 866 837 895 excommunicationis
861 860 981 893 litteras
1013 858 1160 894 adversus

267 911 473 956 sant‘liffimum
503 923 537 946 ac
557 912 745 951 beatiffimum
763 913 883 952 Papam
907 913 1034 944 Leonem
1057 907 1162 949 facere

270 968 392 1003 conatus
417 963 472 1003 cst.
500 962 601 996 Res'te
622 962 726 1001 dicit,
756 965 928 997 miravit,
959 960 1013 999 &,
1049 961 1163 992 Facere

270 1012 456 1055 conatusest:
484 1012 618 1046 Etenim
642 1010 790 1045 Romani
803 1009 953 1055 Episcopi
974 1019 1161 1045 excommu-

271 1064 396 1098 nicatio
410 1064 444 1097 in
466 1061 590 1095 nullius
602 1058 748 1096 hominis
770 1059 930 1104 potestate
951 1058 1097 1099 est,.sed
1126 1058 1160 1091 in

269 1114 342 1147 solo
353 1111 528 1146 hominum
538 1134 549 1152 ,
558 1111 597 1144 ad
609 1121 788 1146 extremam
800 1110 976 1153 impietatis
988 1109 1164 1149 insaniam,

269 1161 654 1206 caninumquelatratum
678 1174 717 1196 ac
727 1160 1082 1209 rabiemdejeetorum,
1109 1170 1159 1193 va-

268 1225 315 1247 no
335 1213 371 1249 &
397 1213 490 1247 irrito
513 1220 636 1246 conatu
650 1237 658 1247 .

321 1263 376 1298 De
396 1261 501 1299 hocce
523 1262 661 1299 crimine
683 1261 724 1296 ad
736 1260 988 1298 Gloriofiffimos
1010 1260 1157 1304 judices,

269 1314 472 1348 Dioscorum
497 1311 539 1349 de
563 1310 775 1356 Eutychiana
802 1311 907 1346 haeresi
934 1311 1162 1356 traducentes,

269 1363 414 1408 reposuit
434 1363 612 1399 Anatolius
638 1363 822 1406 Episcopus
842 1362 1151 1405 Constantinopoli·

270 1425 390 1449 tanus:
418 1417 553 1456 Propter*
562 1414 653 1456 fidem
678 1425 735 1446 non
752 1412 790 1453 est
801 1414 965 1448 damnatus
988 1411 1139 1456 Dioscorus
1152 1433 1161 1448 ‚

267 1464 326 1512 sed
335 1471 404 1508 quia
416 1469 741 1499 excommunicationem
755 1463 832 1505 fecit
844 1467 970 1498 Domino
983 1461 1160 1505 Archi-Epi-

267 1515 353 1562 scopo
366 1519 474 1548 Leoni.
503 1514 556 1548 De
568 1524 636 1557 quo
656 1513 744 1547 disto
767 1512 876 1547 scribit
888 1512 1064 1547 Facundus
1086 1512 1160 1556 Epi·

274 1568 388 1608 scopus
411 1563 675 1599 Hermianenfis.
705 1562 806 1599 Labor
829 1562 913 1598 nobis
934 1561 973 1602 est
998 1563 1161 1599 Concilium

270 1612 505 1656 chalcedonense
528 1623 631 1648 contra
643 1612 836 1653 Nestorianos
860 1611 1020 1657 defendere
1039 1620 1097 1654 pro
1116 1619 1162 1645 in-

271 1666 460 1701 terlocutione
473 1665 575 1699 sancii
595 1664 726 1699 Anatolii
745 1662 1064 1704 constantinopolitani
1078 1667 1161 1696 Anti-

267 1717 348 1759 stitis
362 1741 373 1756 ‚
398 1721 449 1758 qui
468 1714 633 1758 Dioscorum
653 1712 884 1756 confirmatorem
894 1711 1072 1752 Eutychiani
1094 1714 1159 1756 dog-

272 1773 386 1807 matis,
412 1763 703 1807 &fideicatbolicae
725 1763 912 1807 opprefforem
936 1765 1021 1797 dixit
1039 1772 1161 1806 nonpro

267 1818 330 1861 fide
337 1816 426 1859 fuiffe
434 1817 631 1849 damnatum.
657 1813 742 1848 Unde
752 1813 835 1850 nobis
850 1818 885 1850 N
886 1812 1021 1854 estoriani
1033 1815 1136 1847 dicunt
1147 1836 1157 1852 ‚

272 1868 428 1911 ‚Quomodo
451 1867 535 1902 illam
559 1866 700 1905 synodum
721 1864 890 1907 recepistis,
911 1871 944 1897 in
955 1876 1015 1907 qua
1039 1876 1097 1897 non
1116 1863 1160 1906 so·

272 1919 332 1954 lim
343 1918 455 1957 multi,
480 1914 534 1959 sed
542 1922 635 1950 'etiam
647 1920 762 1957 potiore
772 1917 829 1950 ,loco
846 1912 989 1959 sederunt
999 1912 1138 1957 Episcopi
1149 1938 1159 1954 ‚

270 1973 322 2010 qui
343 1969 378 2003 (5
401 1967 440 2002 ab
461 1964 653 2008 Eutychianis
677 1966 810 1997 ordinati
828 1962 903 2006 sunt
925 1989 935 2004 ,
962 1965 997 2001 (τ
1018 1963 1159 2007 Eutychis

270 2028 358 2060 atque
378 2014 506 2060 Diofiori
530 2017 636 2060 dogma
657 2013 764 2058 sec‘lati
790 2015 841 2057 effe
861 2014 1030 2056 probantur
1053 2010 1069 2047 2v
1096 2018 1155 2047 Aut

270 2069 410 2111 quomodo
434 2064 575 2110 adseritis
595 2076 660 2099 eam
677 2074 736 2107 pro
758 2066 936 2099 damnanda
957 2064 1099 2104 Eutychis
1112 2073 1159 2097 at-

270 2129 325 2162 que
338 2116 465 2163 Dioscori
479 2116 611 2160 perfidia
621 2123 825 2160 congregatam
838 2138 849 2153 ‚
876 2115 940 2148 cum
960 2115 1006 2153 ibi
1018 2114 1159 2154 Constan-

270 2167 483 2211 tinopolitanus
505 2167 660 2200 Anatolius
677 2165 808 2207 perfidia
830 2162 965 2207 Dioscori
987 2188 998 2204 ‚
1023 2176 1092 2207 quae
1113 2166 1159 2198 ult

269 2224 430 2253 communis
451 2227 517 2251 cum
535 2215 669 2255 Eutyche
687 2215 796 2256 fuerat
816 2239 826 2255 ,
839 2248 842 2250 ,
855 2214 1036 2257 approbavit
1056 2239 1067 2255 ‚
1088 2222 1160 2257 pro-

270 2275 416 2304 nuncians
428 2278 493 2301 eum
515 2279 572 2300 non
579 2275 636 2308 pro
642 2265 704 2308 fide
722 2266 904 2300 damnatum
919 2265 935 2296 ἒ

320 2317 512 2362 Respondet
534 2316 621 2352 idern
640 2315 820 2350 'Facundus
839 2340 846 2348 .
873 2317 919 2349 De
939 2316 1159 2351 interlocutione

271 2369 375 2403 Sancti·
397 2368 549 2407 Anatolii,
576 2378 667 2411 quam
682 2364 774 2409 super
797 2362 928 2408 mosem
944 2363 1073 2408 persona
1089 2374 1155 2406 pror

262 2421 343 2453 tulit
363 2442 375 2459 ,
399 2416 606 2461 respondemus
629 2440 641 2456 ,
667 2422 739 2458 quia
761 2428 819 2449 non
844 2416 890 2449 ad
912 2413 1027 2456 heresis
1047 2421 1159 2453 crimen

268 2474 419 2512 pertinere
437 2468 595 2502 dicendum
615 2466 653 2506 est
666 2468 768 2508 aliqua
789 2475 876 2507 parte
892 2466 929 2498 de
938 2463 1069 2508 Dioscoro
1087 2465 1160 2499 bene*

268 2517 393 2563 senfiffiu
420 2522 492 2552 Non
502 2523 581 2551 enim
591 2515 688 2559 ipsam
706 2514 866 2558 perfidiam
881 2513 1008 2558 Dioscori
1030 2515 1157 2549 Sant‘lus

274 2570 433 2604 ,anatolius
457 2567 638 2611 approbavit
651 2590 662 2607 ,
684 2564 743 2609 sed
751 2578 818 2600 eum
833 2566 937 2609 potius
948 2564 986 2597 ab
1007 2563 1073 2608 ipsa
1089 2573 1159 2606 por·

269 2620 348 2663 fidia
358 2619 424 2662 fieri
438 2618 534 2654 voluit
551 2615 725 2661 excusatum
739 2642 745 2649 .
773 2614 998 2658 Aliudenimcst
1021 2617 1088 2650 ideo
1099 2614 1159 2648 hae-

274 2677 397 2704 roricum
410 2667 568 2712 excusare,
595 2668 674 2710 quod
683 2666 839 2701 catholicus
855 2675 999 2709 putetur;
1025 2667 1060 2699 (⁸5
1075 2666 1162 2698 aliud

275 2719 370 2763 ipsam
392 2717 512 2761 haerefin
535 2718 700 2761 approbare
720 2726 810 2760 atque
833 2715 1021 2760 defendere:
1048 2717 1159 2758 ,Quem-

275 2771 436 2803 admodum
446 2770 534 2803 aliud
554 2770 618 2803 ideo
631 2766 765 2811 accusare
786 2767 991 2807 Catholicum‚
1018 2766 1099 2808 quod
1102 2773 1159 2807 pu-

276 2829 354 2854 tetur
375 2820 547 2854 haereticus?
573 2819 700 2854 &aliud
710 2816 804 2862 ipsam
826 2816 990 2859 improbare
1006 2828 1041 2849 ac
1062 2824 1161 2858 repre-

276 2869 405 2904 hendere
413 2869 583 2904 catholicam
601 2869 710 2911 fidem.
735 2863 920 2909 'Nampattst
939 2865 1086 2907 castitatis
1108 2873 1160 2908 ap-

274 2919 414 2962 probator
426 2929 512 2963 atque
522 2920 642 2954 dilector
655 2944 666 2959 ‚
693 2930 751 2952 non
761 2917 926 2960 approbata
943 2914 1162 2958 fornicatione,

269 2970 482 3013 fornicatorem
503 2996 513 3011 ,
540 2972 611 3003 dum
633 2976 666 3003 in
683 2966 813 3011 persona
829 2966 958 3010 fallitur
980 2991 991 3006 ‚
1018 2965 1163 3009 approba·

277 3032 331 3062 re·‚
358 3021 393 3053 &
410 3031 466 3051 non
488 3021 657 3062 improbata
677 3018 809 3061 castitate
832 3042 842 3057 ,
868 3016 977 3055 castum
999 3041 1010 3057 ,
1037 3018 1109 3050 dum
1130 3022 1163 3048 in

275 3067 404 3114 persona
419 3068 553 3112 fimiliter
567 3070 693 3113 fallitur
711 3094 722 3110 ‚
748 3067 915 3111 improbare
933 3092 939 3099 .
980 3066 1162 3101 Anatolius

278 3121 383 3156 fuerat
395 3119 550 3154 Dioscoti
564 3119 854 3154 Archi-Diaconus
871 3119 905 3154 &
916 3116 1142 3162 Apocrisatius
1157 3143 1169 3159 ,

281 3183 343 3205 nec
357 3181 426 3203 non
439 3167 558 3212 Ephefi
579 3169 704 3213 abipso
727 3176 895 3213 prometus
917 3168 1162 3206 &consecratus

283 3222 318 3255 in
343 3219 562 3263 Episcopum,
590 3229 685 3261 atque
707 3220 751 3253 ita
774 3218 1055 3254 consecrationem
1078 3218 1168 3252 suam

282 3270 303 3303 a
327 3270 424 3303 variis
449 3268 623 3307 calumniis
641 3266 826 3302 defensurus
846 3270 948 3303 etiam
968 3268 1166 3303 Dioscorum

284 3319 327 3353 ab
350 3318 455 3352 haerefi
481 3319 654 3354 defendere
676 3318 722 3351 est
745 3329 881 3351 con-atus
905 3343 911 3350 .
940 3318 984 3351 Et
1006 3317 1080 3352 sane
1099 3318 1168 3357 fieri

285 3369 382 3414 possit
408 3393 417 3406 ‚
445 3369 535 3411 quod
556 3370 623 3403 sola
651 3367 882 3406 malevolentia
905 3392 915 3407 ,
944 3380 1011 3401 non
1039 3369 1169 3412 perfidia

286 3418 328 3453 ad
341 3428 466 3457 tantam
480 3418 678 3461 Ephefinam
690 3403 901 3461 tyrannidssm
914 3417 1077 3453 seduxerit
1088 3419 1169 3454 Dio-

284 3470 414 3505 scorum
428 3491 436 3501 .
464 3468 638 3514 Qudquid
649 3470 705 3508 fit,
729 3478 856 3503 certum
867 3467 910 3502 est
925 3467 1170 3511 Eutychianam

852 118 1490 177 Dqlsscuratffo

1222 203 1442 265 perfidiamad
1464 206 1523 240 illo
1536 206 1720 249 defensam,
1745 220 1821 244 eum
1835 210 1952 245 deiilla
1973 211 2118 248 damna·-

1221 265 1292 288 tum
1315 265 1457 295 mentO,
1484 266 1582 299 atque
1597 259 1640 292 ita
1664 261 1749 295 dieta
1761 260 1911 296 Anatolii
1931 262 2107 304 interlocu-

1221 305 1270 339 tio
1296 304 1430 390 ,b.quod
1455 305 1556 339 etiam
1581 307 1755 346 Facundus
1780 312 1901 348 fatetur
1926 337 1938 356 ‚
1964 313 2106 361 graviter

1219 366 1299 391 exos
1327 365 1420 389 navit
1435 379 1441 386 .

1271 403 1438 438 Adrianus
1464 403 1622 439 secundus
1641 407 1800 446 Pontifex
1824 435 1836 451 ‚
1862 412 1897 447 in
1919 412 2036 447 litteris
2061 412 2105 448 ad

1220 456 1375 493 Sanctum
1395 456 1562 500 Igna-tium
1574 493 1576 495 ,
1589 457 1811 496 Patriarcham
1822 461 2105 507 Constantinopo-

1222 505 1362 540 lizanum
1385 507 1526 540 recitatis
1548 508 1582 540 in
1606 508 1744 550 Synodo
1770 511 1882 545 octava
1902 535 1915 552 ‚
1939 525 2040 559 agens
2063 514 2108 550 de,

1221 555 1336 590 Photii
1348 557 1527 591 Nicolaum
1540 558 1681 600 primum
1694 558 1892 597 Pontificem
1911 573 2102 599 excommu-

1224 607 1331 644 nicare
1342 607 1408 642 aufi
1421 607 1594 641 insolentia
1606 633 1616 648 ‚
1645 608 1795 644 Anatolii
1814 609 2105 652 interlocutionem

1223 657 1360 699 exponit
1388 657 1422 690 in
1449 653 1578 693 sensum
1604 659 1734 702 penitus
1759 660 1862 695 alium
1886 685 1894 693 .
1921 663 2119 706 Universalis·

1221 706 1403 742 Chalcedone
1422 706 1528 740 habita
1538 710 1666 748 synodus
1687 711 1759 742 adeo
1770 708 1940 753 hujusmodi
1957 718 2107 747 temerita-

1224 766 1284 791 tem
1303 756 1446 800 detestata
1467 756 1504 797 est
1515 782 1526 798 ,
1550 768 1583 792 ut
1595 766 1627 791 in
1644 758 1799 802 sententia
1813 784 1824 801 ,
1849 773 1940 804 quam
1952 768 1985 797 in
1995 761 2107 806 Diofi'o-

1211 815 1287 841 sum
1291 808 1417 850 protulit
1430 831 1441 846 ‚
1467 806 1519 841 hoc
1537 811 1669 844 maxime
1679 822 1839 844 memorare
1852 814 1994 845 videatur
2004 838 2014 854 ,
2040 814 2107 847 cum

1222 859 1259 891 de
1297 856 1359 901 ipso
1394 858 1468 890 dicit
1496 870 1503 890 :
1542 859 1782 898 SECUNDls,
1820 862 2082 898 EXCESSIBU

1222 907 1446 947 PRIOREM
1478 907 1900 959 1N1QU1TATEM
1939 911 2106 948 VALDE

1222 957 1607 1001 TRANSCEND1T;
1633 959 1963 998 PRAESUMPSIT
1982 963 2107 997 ENIM

1225 1010 1290 1047 ET
1316 1008 1901 1048 EXCOMMUNICATIONEM
1936 1013 2105 1050 DlCTA-

1224 1060 1288 1095 RE
1322 1059 1596 1095 ADVERSUM
1635 1060 2004 1098 SANCTlSSIMUM
2041 1063 2108 1098 AC

1224 1112 1250 1144 Β
1263 1110 1291 1143 Ε
1301 1109 1333 1144 A
1343 1109 1431 1143 TIS
1441 1109 1532 1144 SIM
1545 1110 1581 1145 U
1593 1110 1634 1144 M
1657 1109 2108 1151 ARCHl-EPISCOPUM

1224 1159 1424 1197 MAGNAE
1441 1160 1603 1196 ROMAE
1615 1160 1822 1197 LEONEM
1834 1186 1841 1194 .
1868 1165 2000 1198 Priorem
2010 1173 2119 1198 autemv

1222 1216 1412 1253 iniquitatem
1438 1235 1448 1251 ,
1470 1217 1662 1253 pravitatem
1692 1217 1792 1254 utique
1817 1213 1890 1246 dicit
1915 1212 2106 1247 haereticam.

1223 1262 1307 1298 Unde*
1318 1269 1387 1294 nota
1398 1284 1409 1301 ,
1434 1265 1517 1303 quod
1528 1260 1683 1304 Dioscorus
1688 1260 1826 1305 secundis
1839 1262 1991 1303 exeeffibus
2003 1288 2016 1304 ,
2035 1273 2110 1306 quos

1223 1318 1255 1345 in
1275 1316 1569 1346 excommunicatione
1591 1315 1720 1345 Romani
1742 1314 1839 1353 Papae
1863 1313 1980 1347 dictata
2001 1321 2110 1355 patra-

1224 1367 1271 1395 vit
1283 1385 1294 1402 ,
1321 1367 1411 1396 etiam
1420 1361 1541 1403 baerefin
1553 1361 1773 1400 Eutychianam
1794 1362 1889 1397 valde*
1910 1361 2111 1406 transcendtfi

1219 1410 1251 1454 se
1259 1411 1424 1453 referatur.
1453 1416 1533 1448 Hinc
1555 1413 1757 1446 &anatolius
1781 1418 1847 1446 ait.-
1875 1412 2109 1449 PROPTER

1223 1461 1376 1499 FlDEM
1389 1461 1495 1499 NON
1509 1462 1599 1496 EST
1619 1462 1910 1499 DAMNATUS
1922 1462 2119 1499 DIOSCO-⁴

1225 1512 1322 1548 RUS
1335 1537 1345 1553 ,
1371 1510 1460 1546 SED
1481 1511 1612 1559 QUIA
1634 1512 2112 1549 EXCOMMIINICATIO·

1211 1562 1331 1596 ‘NEM
1345 1561 1489 1596 FEC1T
1499 1561 1700 1597 DOMINO
1714 1560 2112 1602 ARCHI-Eplsoopo

1223 1612 1391 1650 LEONI.
1421 1610 1479 1647 Est
1500 1611 1606 1646 sensus
1630 1612 1830 1657 vetiffimu5‚
1855 1612 1902 1649 ast
1932 1612 1973 1649 ab
1984 1611 2113 1649 Anato-¹

1223 1663 1269 1700 lio
1280 1673 1350 1699 non
1371 1661 1534 1697 intentus*

1271 1712 1435 1764 Qattum
1447 1712 1606 1749 Dioscori
1616 1712 1740 1747 crimen
1758 1713 1843 1754 fuit,
1869 1714 2113 1756 quodterttopor

1225 1761 1386 1809 Episcopos
1407 1763 1584 1805 regulariter
1607 1772 1732 1795 vocatus
1755 1765 1878 1796 minime
1898 1765 1992 1799 voluit
2014 1762 2113 1796 obedi-

1220 1824 1252 1846 re
1265 1837 1277 1854 ,
1297 1819 1425 1854 propria
1450 1818 1553 1853 utique
1579 1810 1753 1854 conscientia
1772 1811 1966 1855 stimulatus.
1992 1812 2108 1858 Qam

1220 1862 1466 1899 contumaciam
1491 1861 1636 1905 plerique
1648 1862 1683 1897 in
1709 1863 1767 1895 suo
1778 1862 1932 1907 suffragio
1953 1861 2110 1907 Episcopi

1218 1910 1399 1948 admodum
1412 1922 1671 1956 exaggerarunt.
1700 1913 1879 1946 Rationem
1892 1911 1948 1947 dat
1975 1911 2123 1949 Relatio.

1218 1963 1389 2008 synodalis
1400 1962 1440 1996 ad
1453 1961 1654 1998 Pontificem
1669 1987 1676 1994 .
1702 1964 1855 2005 ,Quoniam
1867 1964 2033 1998 salvatoris
2057 1973 2109 1996 nos

1216 2013 1390 2056 profitemur
1403 2012 1455 2055 esse
1467 2010 1642 2054 discipulos,
1668 2018 1718 2055 qui
1730 2024 1828 2045 omnes
1834 2011 1939 2056 salvos
1962 2014 2031 2052 fiori
2042 2011 2124 2048 'otili'v

2127 290 2157 319 L·
2167 297 2224 325 pc.
2234 294 2262 326 3.
2279 289 2302 317 '.

2127 676 2188 707 Αξὶ.
2200 686 2226 714 3.

1219 2066 1253 2099 (9·
1265 2065 1309 2099 ad
1330 2068 1510 2107 agnitionem
1522 2068 1664 2096 veritatis
1690 2063 1824 2095 accedere
1836 2085 1847 2103 ,
1872 2070 1956 2105 opere
1969 2060 2111 2097 banc-mt-
2128 2103 2131 2107 η

1214 2113 1453 2158 sericordiamin
1475 2111 1829 2155 Dioscorofestinavimus
1852 2111 2025 2154 confirmare
2038 2133 2049 2151 ‚
2075 2111 2125 2149 Φ,

1218 2176 1281 2200 eum
1302 2175 1367 2197 cum
1382 2162 1529 2205 fraterna
1551 2161 1778 2207 mansuetudine
1797 2162 1998 2201 adjudicium
2025 2171 2125 2196 voca*¹

1221 2215 1325 2248 bamus
1338 2239 1350 2253 ‚
1377 2224 1435 2246 non
1447 2210 1532 2257 quasi
1539 2221 1696 2247 tentantes
1707 2210 1876 2256 abscindere
1888 2234 1899 2251 ,
1923 2209 1978 2250 [ed
1989 2208 2110 2254 excusa·
2123 2243 2127 2248 ,

1218 2269 1304 2297 tionis
1316 2264 1466 2302 etiosam,
1487 2261 1636 2307 salvandi
1645 2259 1753 2303 causa,
1778 2261 1943 2296 'tribuentes
1955 2274 1971 2307 εἱ
1990 2264 2110 2295 Etm-

1218 2315 1323 2348 bamus
1347 2324 1412 2347 eum
1433 2313 1580 2346 declarari
1591 2311 1734 2345 viclorem
1757 2320 1859 2344 contra
1880 2322 1951 2351 eos,
1977 2316 2031 2353 qui
2041 2321 2110 2345 eum

1219 2362 1343 2405 diversis
1368 2362 1619 2396 criminationibus
1642 2360 1821 2403 accusabant
1835 2385 1845 2399 ,
1870 2371 1905 2394 ut
1913 2360 2022 2400 festiva
2035 2360 2109 2397 cele-

1219 2415 1322 2456 brique
1331 2413 1441 2447 laetitia
1460 2413 1624 2445 Concilium
1636 2411 1817 2443 dimittentes
1836 2415 1868 2443 in
1882 2411 1960 2449 nullo
1981 2409 2107 2452 supera-

1219 2476 1320 2499 remur
1339 2465 1359 2497 a
1380 2461 1517 2495 Sathana
1539 2486 1550 2500 ,
1571 2459 1628 2504 sed
1645 2462 1695 2496 ille
1707 2468 1738 2493 in
1753 2459 1909 2504 firmetipso
1934 2458 2110 2504 inscriptam

1219 2513 1335 2549 convic‘l
1337 2519 1429 2545 ionem
1442 2510 1624 2555 conscientiae
1636 2510 1760 2545 fbabens
1773 2535 1783 2550 ‚
1809 2509 1991 2554 refutatione
1995 2511 2110 2551 judicii

1220 2561 1454 2607 accusationibus
1464 2561 1529 2606 suis
1541 2560 1667 2604 adsenfit
1678 2586 1689 2601 ‚
1717 2562 1909 2607 &legitimas
1918 2561 1960 2594 ad
1966 2558 2110 2604 sefdias

1219 2625 1279 2648 tres
1305 2617 1491 2647 evocationes
1512 2612 1620 2653 abjecit
1635 2636 1642 2644 .
1671 2611 1823 2647 Gratiosa
1845 2611 1958 2655 potius
1966 2632 1988 2651 .-‚
2011 2608 2127 2654 quam>

1219 2663 1382 2708 Judicialis
1393 2662 1455 2696 fuit
1468 2661 1618 2702 evocatio
1631 2685 1642 2703 ‚
1667 2661 1942 2704 plenam2veninrn
1964 2661 2130 2700 correctox

1221 2714 1381 2759 spondens
1402 2737 1413 2753 ,
1451 2712 1550 2756 idque
1573 2721 1690 2749 contra
1717 2713 1891 2754 antiquum
1913 2710 2113 2754 Camnem,

1219 2763 1433 2799 mandantem
1462 2761 1626 2798 haereseon
1649 2760 1840 2807 Coryphaeis
1860 2759 1946 2800 nihil
1970 2759 2111 2799 dotati,

1221 2815 1286 2849 nisi*
1305 2812 1546 2858 misericordem
1568 2812 1709 2857 gratiam
1731 2812 1824 2846 laicae
1844 2809 2089 2847 communionis
2102 2833 2111 2843 .
2128 2842 2130 2846 ,

1220 2863 1454 2900 Nihilominus
1466 2874 1533 2897 non
1547 2860 1780 2899 tantummodo
1802 2861 2032 2905 impoenkens,
2057 2857 2113 2894 sed

1221 2917 1254 2949 ὦ·
1260 2916 1395 2960 glorians
1409 2913 1459 2947 ille
1466 2911 1633 2955 permanfit
1645 2918 1724 2946 iniis
1740 2937 1750 2952 ‚
1769 2920 1827 2954 pro
1839 2912 1946 2955 quibus
1956 2922 2021 2945 eum
2030 2917 2112 2952 opor-

1223 2966 1305 3000 tebat
1311 2974 1427 3009 gemere
1437 2987 1448 3004 ,
1475 2964 1509 2997 (⁸5
1517 2961 1551 3006 se
1561 2971 1653 2997 terrae
1661 2962 1860 3003 prosternere.
1888 2961 1923 2996 A
1935 2960 2026 3005 supra
2048 2969 2114 2994 me-

1224 3015 1361 3051 moratis
1383 3013 1533 3051 Ecclesiae
1564 3012 1799 3048 Alexandrinae
1825 3011 1964 3048 clericis
1987 3009 2130 3054 obierin-

1225 3066 1273 3104 illi
1283 3066 1359 3099 sunt
1378 3064 1412 3098 &
1432 3063 1496 3099 alia
1519 3064 1683 3098 crimina.-
1711 3062 1838 3098 Verfim
1858 3062 2004 3106 operosas
2020 3062 2114 3094 erant

1226 3113 1429 3160 probationis
1440 3138 1451 3156 ,
1475 3112 1585 3157 &jam
1595 3112 1730 3151 addusta
1741 3123 1881 3155 quatuor
1892 3111 1935 3148 ad
1950 3109 2113 3157 ,judicium

1226 3165 1451 3204 sufficiebant,
1475 3163 1590 3200 datum
1611 3161 1666 3198 die
1691 3162 1872 3204 sabbathi,
1899 3162 2029 3198 decimo
2054 3168 2115 3195 tet*-

1226 3217 1277 3251 tio
1296 3214 1470 3250 Ostobris-
1497 3215 1545 3251 At
1556 3225 1661 3259 neque
1671 3214 1711 3248 fic
1728 3213 1831 3250 homo
1843 3208 2054 3249 ferocissimus
2064 3208 2115 3241 in-

1227 3266 1342 3302 clinari
1351 3265 1477 3310 potuit:
1506 3265 1632 3308 Sprevit
1644 3262 1838 3307 judicium„
1851 3259 2025 3304 divulgans
2037 3258 2116 3302 Epi·-

1227 3318 1396 3361 scopatum
1419 3315 1477 3349 fibi
1502 3314 1535 3349 in
1559 3314 1648 3350 brevi
1668 3340 1679 3355 ‚
1703 3315 1803 3349 etiam
1826 3310 1964 3355 Synodo
1985 3309 2137 3348 invita„

1228 3366 1432 3412 reddendum
1446 3389 1452 3397 .
1482 3365 1573 3413 Qin
1586 3366 1775 3407 &impurus
1785 3359 2114 3404 Eutychianistarum

1230 3416 1468 3453 monachorum
1486 3440 1504 3456 „

1542 3427 1625 3459 quos
1645 3415 1731 3448 inter
1752 3411 1901 3455 peffimus
1923 3410 2114 3449 Barsumas,
2133 3431 2138 3449 3

1230 3481 1307 3514 grex
1321 3467 1512 3513 praesumpsit
1534 3463 1717 3509 aPrincipe
1736 3462 1769 3497 δι
1790 3460 1928 3506 Synodo
1954 3459 2138 3510 postularq.

1967 3511 2067 3549 caus&
