<?xml version="1.0" encoding="UTF-8"?>
<!DOCTYPE html PUBLIC "-//W3C//DTD XHTML 1.0 Transitional//EN"
    "http://www.w3.org/TR/xhtml1/DTD/xhtml1-transitional.dtd">
<html xmlns="http://www.w3.org/1999/xhtml" xml:lang="en" lang="en">
 <head>
  <title>
</title>
<meta http-equiv="Content-Type" content="text/html;charset=utf-8" />
  <meta name='ocr-system' content='tesseract 3.04.00' />
  <meta name='ocr-capabilities' content='ocr_page ocr_carea ocr_par ocr_line ocrx_word'/>
</head>
<body>
  <div class='ocr_page' id='page_1' title='image "./operaomniastudio02lupuuoft_0096.png"; bbox 0 0 2340 3736; ppageno 0'>
   <div class='ocr_carea' id='block_1_1' title="bbox 346 160 414 208">
    <p class='ocr_par' dir='ltr' id='par_1_1' title="bbox 346 160 414 208">
     <span class='ocr_line' id='line_1_1' title="bbox 346 160 414 208; baseline 0.044 -3"><span class='ocrx_word' id='word_1_1' title='bbox 346 160 414 208; x_wconf 75' lang='lat'>74</span> 
     </span>
    </p>
   </div>
   <div class='ocr_carea' id='block_1_2' title="bbox 730 144 1723 197">
    <p class='ocr_par' dir='ltr' id='par_1_2' title="bbox 730 144 1723 197">
     <span class='ocr_line' id='line_1_2' title="bbox 730 144 1723 197; baseline 0.003 -7"><span class='ocrx_word' id='word_1_2' title='bbox 730 144 1033 192; x_wconf 70' lang='lat' dir='ltr'>CANOst</span> <span class='ocrx_word' id='word_1_3' title='bbox 1079 145 1651 197; x_wconf 68' lang='lat' dir='ltr'>CriALcEDONnNsEs</span> <span class='ocrx_word' id='word_1_4' title='bbox 1721 194 1723 197; x_wconf 72' lang='grc'>,</span> 
     </span>
    </p>
   </div>
   <div class='ocr_carea' id='block_1_3' title="bbox 278 230 2130 383">
    <p class='ocr_par' dir='ltr' id='par_1_3' title="bbox 278 230 2130 383">
     <span class='ocr_line' id='line_1_3' title="bbox 279 230 2130 280; baseline 0.004 -15"><span class='ocrx_word' id='word_1_5' title='bbox 279 231 429 276; x_wconf 82' lang='lat' dir='ltr'>populo,</span> <span class='ocrx_word' id='word_1_6' title='bbox 455 230 491 266; x_wconf 89' lang='lat' dir='ltr'>in</span> <span class='ocrx_word' id='word_1_7' title='bbox 513 241 582 275; x_wconf 87' lang='lat' dir='ltr'>quo</span> <span class='ocrx_word' id='word_1_8' title='bbox 602 230 680 266; x_wconf 86' lang='lat' dir='ltr'>illos</span> <span class='ocrx_word' id='word_1_9' title='bbox 692 230 829 275; x_wconf 81' lang='lat' dir='ltr'>Spiritus</span> <span class='ocrx_word' id='word_1_10' title='bbox 838 232 964 266; x_wconf 65' lang='lat' dir='ltr'>sanstus</span> <span class='ocrx_word' id='word_1_11' title='bbox 974 230 1083 276; x_wconf 84' lang='lat' dir='ltr'>posuit</span> <span class='ocrx_word' id='word_1_12' title='bbox 1095 230 1175 274; x_wconf 90' lang='lat' dir='ltr'>Epi·</span> <span class='ocrx_word' id='word_1_13' title='bbox 1191 239 1195 263; x_wconf 68' lang='grc' dir='ltr'><strong><em>ῐ</em></strong></span> <span class='ocrx_word' id='word_1_14' title='bbox 1235 235 1286 275; x_wconf 75' lang='lat' dir='ltr'>qul</span> <span class='ocrx_word' id='word_1_15' title='bbox 1298 232 1393 264; x_wconf 69' lang='lat' dir='ltr'>velut}</span> <span class='ocrx_word' id='word_1_16' title='bbox 1406 238 1483 264; x_wconf 49' lang='grc' dir='ltr'>ωτι·</span> <span class='ocrx_word' id='word_1_17' title='bbox 1499 239 1563 275; x_wconf 68' lang='lat' dir='ltr'>piae</span> <span class='ocrx_word' id='word_1_18' title='bbox 1574 236 1648 268; x_wconf 64' lang='lat' dir='ltr'>emta³</span> <span class='ocrx_word' id='word_1_19' title='bbox 1657 233 1734 268; x_wconf 65' lang='lat' dir='ltr'>‹18ae</span> <span class='ocrx_word' id='word_1_20' title='bbox 1744 233 1939 279; x_wconf 80' lang='lat' dir='ltr'>compensatio</span> <span class='ocrx_word' id='word_1_21' title='bbox 1947 236 2007 271; x_wconf 78' lang='lat' dir='ltr'>illis</span> <span class='ocrx_word' id='word_1_22' title='bbox 2019 242 2053 272; x_wconf 75' lang='lat' dir='ltr'>in</span> <span class='ocrx_word' id='word_1_23' title='bbox 2057 246 2130 280; x_wconf 81' lang='lat' dir='ltr'>pra-</span> 
     </span>
     <span class='ocr_line' id='line_1_4' title="bbox 279 267 2130 335; baseline 0.001 -21"><span class='ocrx_word' id='word_1_24' title='bbox 279 281 396 328; x_wconf 87' lang='lat' dir='ltr'>scopos</span> <span class='ocrx_word' id='word_1_25' title='bbox 418 292 529 326; x_wconf 90' lang='lat' dir='ltr'>regere</span> <span class='ocrx_word' id='word_1_26' title='bbox 553 281 733 320; x_wconf 84' lang='lat' dir='ltr'>Ecclesiam</span> <span class='ocrx_word' id='word_1_27' title='bbox 743 282 828 317; x_wconf 81' lang='lat' dir='ltr'>Dei.</span> <span class='ocrx_word' id='word_1_28' title='bbox 857 282 910 316; x_wconf 84' lang='lat' dir='ltr'>Ex</span> <span class='ocrx_word' id='word_1_29' title='bbox 923 293 991 326; x_wconf 90' lang='lat' dir='ltr'>quo</span> <span class='ocrx_word' id='word_1_30' title='bbox 1002 281 1090 315; x_wconf 87' lang='lat' dir='ltr'>vides</span> <span class='ocrx_word' id='word_1_31' title='bbox 1100 267 1194 335; x_wconf 61' lang='lat' dir='ltr'>Cle-¹</span> <span class='ocrx_word' id='word_1_32' title='bbox 1230 285 1312 321; x_wconf 76' lang='lat' dir='ltr'>priis</span> <span class='ocrx_word' id='word_1_33' title='bbox 1337 280 1516 320; x_wconf 75' lang='lat' dir='ltr'>monasterits</span> <span class='ocrx_word' id='word_1_34' title='bbox 1527 283 1736 331; x_wconf 59' lang='lat' dir='ltr'>dfferpbatur,</span> <span class='ocrx_word' id='word_1_35' title='bbox 1763 287 1911 333; x_wconf 21' lang='lat' dir='ltr'>&#39;Adquem</span> <span class='ocrx_word' id='word_1_36' title='bbox 1929 290 2049 322; x_wconf 76' lang='lat' dir='ltr'>modum</span> <span class='ocrx_word' id='word_1_37' title='bbox 2069 292 2130 323; x_wconf 68' lang='lat' dir='ltr'>La.</span> 
     </span>
     <span class='ocr_line' id='line_1_5' title="bbox 278 330 2129 383; baseline 0 -18"><span class='ocrx_word' id='word_1_38' title='bbox 278 332 422 370; x_wconf 84' lang='lat' dir='ltr'>ricorum</span> <span class='ocrx_word' id='word_1_39' title='bbox 445 332 486 367; x_wconf 86' lang='lat' dir='ltr'>ad</span> <span class='ocrx_word' id='word_1_40' title='bbox 510 343 615 368; x_wconf 84' lang='lat' dir='ltr'>certos</span> <span class='ocrx_word' id='word_1_41' title='bbox 636 332 752 367; x_wconf 91' lang='lat' dir='ltr'>titulos</span> <span class='ocrx_word' id='word_1_42' title='bbox 770 333 804 373; x_wconf 70' lang='grc' dir='ltr'>ὅ(</span> <span class='ocrx_word' id='word_1_43' title='bbox 822 332 895 371; x_wconf 85' lang='lat' dir='ltr'>loca</span> <span class='ocrx_word' id='word_1_44' title='bbox 908 332 1098 369; x_wconf 83' lang='lat' dir='ltr'>affixionem</span> <span class='ocrx_word' id='word_1_45' title='bbox 1110 330 1174 365; x_wconf 82' lang='lat' dir='ltr'>esse</span> <span class='ocrx_word' id='word_1_46' title='bbox 1234 341 1325 365; x_wconf 73' lang='lat' dir='ltr'>aarus</span> <span class='ocrx_word' id='word_1_47' title='bbox 1346 342 1460 377; x_wconf 84' lang='lat' dir='ltr'>quoque</span> <span class='ocrx_word' id='word_1_48' title='bbox 1472 330 1544 377; x_wconf 85' lang='lat' dir='ltr'>fuit</span> <span class='ocrx_word' id='word_1_49' title='bbox 1562 331 1743 379; x_wconf 71' lang='lat' dir='ltr'>Episcopus,</span> <span class='ocrx_word' id='word_1_50' title='bbox 1769 334 1863 383; x_wconf 79' lang='lat' dir='ltr'>Qin</span> <span class='ocrx_word' id='word_1_51' title='bbox 1889 336 1993 371; x_wconf 62' lang='lat' dir='ltr'>imm&amp;</span> <span class='ocrx_word' id='word_1_52' title='bbox 2008 339 2129 374; x_wconf 66' lang='lat' dir='ltr'>mediis</span> 
     </span>
    </p>
   </div>
   <div class='ocr_carea' id='block_1_4' title="bbox 56 382 1173 3486">
    <p class='ocr_par' dir='ltr' id='par_1_4' title="bbox 93 382 1173 2584">
     <span class='ocr_line' id='line_1_6' title="bbox 279 382 739 426; baseline 0.002 -10"><span class='ocrx_word' id='word_1_53' title='bbox 279 382 439 422; x_wconf 62' lang='lat' dir='ltr'>dictatum</span> <span class='ocrx_word' id='word_1_54' title='bbox 460 383 599 426; x_wconf 86' lang='lat' dir='ltr'>Spiritus</span> <span class='ocrx_word' id='word_1_55' title='bbox 620 383 739 421; x_wconf 75' lang='lat' dir='ltr'>sansti-</span> 
     </span>
     <span class='ocr_line' id='line_1_7' title="bbox 278 431 1172 478; baseline -0.003 -11"><span class='ocrx_word' id='word_1_56' title='bbox 278 432 490 478; x_wconf 79' lang='lat' dir='ltr'>Evangelista</span> <span class='ocrx_word' id='word_1_57' title='bbox 501 444 637 470; x_wconf 78' lang='lat' dir='ltr'>omnem</span> <span class='ocrx_word' id='word_1_58' title='bbox 647 431 840 478; x_wconf 81' lang='lat' dir='ltr'>AEgyptum</span> <span class='ocrx_word' id='word_1_59' title='bbox 852 433 886 471; x_wconf 83' lang='lat' dir='ltr'>in</span> <span class='ocrx_word' id='word_1_60' title='bbox 899 432 1116 476; x_wconf 87' lang='lat' dir='ltr'><strong>Episcopatus</strong></span> <span class='ocrx_word' id='word_1_61' title='bbox 1134 442 1172 465; x_wconf 85' lang='lat' dir='ltr'>ac</span> 
     </span>
     <span class='ocr_line' id='line_1_8' title="bbox 100 480 1173 532; baseline -0.004 -13"><span class='ocrx_word' id='word_1_62' title='bbox 100 500 240 532; x_wconf 74' lang='lat' dir='ltr'>L2·c.16.</span> <span class='ocrx_word' id='word_1_63' title='bbox 275 483 448 531; x_wconf 77' lang='lat' dir='ltr'>parochias</span> <span class='ocrx_word' id='word_1_64' title='bbox 468 481 640 524; x_wconf 84' lang='lat' dir='ltr'>diviserit,</span> <span class='ocrx_word' id='word_1_65' title='bbox 665 483 700 517; x_wconf 75' lang='grc' dir='ltr'>ὅ(</span> <span class='ocrx_word' id='word_1_66' title='bbox 722 483 842 530; x_wconf 89' lang='lat' dir='ltr'>quovis</span> <span class='ocrx_word' id='word_1_67' title='bbox 855 483 888 516; x_wconf 91' lang='lat' dir='ltr'>in</span> <span class='ocrx_word' id='word_1_68' title='bbox 902 494 982 527; x_wconf 89' lang='lat' dir='ltr'>agro</span> <span class='ocrx_word' id='word_1_69' title='bbox 994 480 1173 519; x_wconf 82' lang='lat' dir='ltr'>Ecclesiam</span> 
     </span>
     <span class='ocr_line' id='line_1_9' title="bbox 275 530 1170 579; baseline -0.004 -10"><span class='ocrx_word' id='word_1_70' title='bbox 275 533 320 571; x_wconf 85' lang='lat' dir='ltr'>ad</span> <span class='ocrx_word' id='word_1_71' title='bbox 339 531 533 579; x_wconf 72' lang='lat' dir='ltr'>celebranda</span> <span class='ocrx_word' id='word_1_72' title='bbox 553 534 682 573; x_wconf 77' lang='lat' dir='ltr'>Divina</span> <span class='ocrx_word' id='word_1_73' title='bbox 703 533 843 569; x_wconf 82' lang='lat' dir='ltr'>erexerit</span> <span class='ocrx_word' id='word_1_74' title='bbox 856 556 867 573; x_wconf 89' lang='lat'>‚</span> <span class='ocrx_word' id='word_1_75' title='bbox 893 533 1029 570; x_wconf 78' lang='lat' dir='ltr'>testatur</span> <span class='ocrx_word' id='word_1_76' title='bbox 1041 543 1081 566; x_wconf 89' lang='lat' dir='ltr'>ex</span> <span class='ocrx_word' id='word_1_77' title='bbox 1094 530 1170 570; x_wconf 88' lang='lat' dir='ltr'>Phi-</span> 
     </span>
     <span class='ocr_line' id='line_1_10' title="bbox 276 582 1168 629; baseline -0.002 -12"><span class='ocrx_word' id='word_1_78' title='bbox 276 584 356 619; x_wconf 85' lang='lat' dir='ltr'>lone</span> <span class='ocrx_word' id='word_1_79' title='bbox 392 583 504 627; x_wconf 78' lang='lat' dir='ltr'>Judaeo</span> <span class='ocrx_word' id='word_1_80' title='bbox 541 582 702 623; x_wconf 74' lang='lat' dir='ltr'>Eusebius</span> <span class='ocrx_word' id='word_1_81' title='bbox 737 583 918 629; x_wconf 84' lang='lat' dir='ltr'>Episcopus</span> <span class='ocrx_word' id='word_1_82' title='bbox 944 582 1168 621; x_wconf 77' lang='lat' dir='ltr'>Caesareensis.</span> 
     </span>
     <span class='ocr_line' id='line_1_11' title="bbox 275 631 1168 682; baseline -0.002 -14"><span class='ocrx_word' id='word_1_83' title='bbox 275 633 380 682; x_wconf 81' lang='lat' dir='ltr'>Qod</span> <span class='ocrx_word' id='word_1_84' title='bbox 401 634 569 680; x_wconf 84' lang='lat' dir='ltr'>semperin</span> <span class='ocrx_word' id='word_1_85' title='bbox 580 634 770 671; x_wconf 86' lang='lat' dir='ltr'>civitatibus</span> <span class='ocrx_word' id='word_1_86' title='bbox 781 631 958 680; x_wconf 68' lang='lat' dir='ltr'>Episcopi,</span> <span class='ocrx_word' id='word_1_87' title='bbox 985 632 1168 677; x_wconf 77' lang='lat' dir='ltr'>Presbyteri</span> 
     </span>
     <span class='ocr_line' id='line_1_12' title="bbox 276 677 1167 729; baseline -0.003 -10"><span class='ocrx_word' id='word_1_88' title='bbox 276 697 314 719; x_wconf 91' lang='lat' dir='ltr'>ac</span> <span class='ocrx_word' id='word_1_89' title='bbox 336 683 483 723; x_wconf 77' lang='lat' dir='ltr'>Diaconi</span> <span class='ocrx_word' id='word_1_90' title='bbox 504 684 663 723; x_wconf 83' lang='lat' dir='ltr'>Ecclesias</span> <span class='ocrx_word' id='word_1_91' title='bbox 673 685 707 718; x_wconf 89' lang='lat' dir='ltr'>in</span> <span class='ocrx_word' id='word_1_92' title='bbox 720 684 806 729; x_wconf 83' lang='lat' dir='ltr'>agris</span> <span class='ocrx_word' id='word_1_93' title='bbox 813 679 959 724; x_wconf 80' lang='lat' dir='ltr'>rexerint</span> <span class='ocrx_word' id='word_1_94' title='bbox 973 707 984 723; x_wconf 93' lang='lat'>,</span> <span class='ocrx_word' id='word_1_95' title='bbox 1011 677 1115 727; x_wconf 84' lang='lat' dir='ltr'>liquet</span> <span class='ocrx_word' id='word_1_96' title='bbox 1126 695 1167 718; x_wconf 82' lang='lat' dir='ltr'>ex</span> 
     </span>
     <span class='ocr_line' id='line_1_13' title="bbox 273 732 1166 779; baseline -0.002 -10"><span class='ocrx_word' id='word_1_97' title='bbox 273 735 392 775; x_wconf 85' lang='lat' dir='ltr'>litteris</span> <span class='ocrx_word' id='word_1_98' title='bbox 413 733 541 779; x_wconf 88' lang='lat' dir='ltr'>Synodi</span> <span class='ocrx_word' id='word_1_99' title='bbox 567 732 790 773; x_wconf 75' lang='lat' dir='ltr'>Antiochenae</span> <span class='ocrx_word' id='word_1_100' title='bbox 801 733 952 774; x_wconf 78' lang='lat' dir='ltr'>adversus</span> <span class='ocrx_word' id='word_1_101' title='bbox 962 733 1104 772; x_wconf 83' lang='lat' dir='ltr'>Paulum</span> <span class='ocrx_word' id='word_1_102' title='bbox 1115 734 1166 768; x_wconf 91' lang='lat' dir='ltr'>Sa·</span> 
     </span>
     <span class='ocr_line' id='line_1_14' title="bbox 103 772 1166 833; baseline -0.004 -11"><span class='ocrx_word' id='word_1_103' title='bbox 103 772 238 806; x_wconf 60' lang='lat' dir='ltr'>L&#39;7&#39;c&#39;24‘</span> <span class='ocrx_word' id='word_1_104' title='bbox 275 780 509 825; x_wconf 77' lang='lat' dir='ltr'>mosatensem.</span> <span class='ocrx_word' id='word_1_105' title='bbox 537 784 642 833; x_wconf 82' lang='lat' dir='ltr'>Qod</span> <span class='ocrx_word' id='word_1_106' title='bbox 665 785 852 823; x_wconf 85' lang='lat' dir='ltr'>universum</span> <span class='ocrx_word' id='word_1_107' title='bbox 871 783 1035 821; x_wconf 87' lang='lat' dir='ltr'>mundum</span> <span class='ocrx_word' id='word_1_108' title='bbox 1058 785 1103 818; x_wconf 75' lang='lat' dir='ltr'>ita</span> <span class='ocrx_word' id='word_1_109' title='bbox 1123 783 1166 818; x_wconf 88' lang='lat' dir='ltr'>di-</span> 
     </span>
     <span class='ocr_line' id='line_1_15' title="bbox 271 833 1168 880; baseline -0.002 -10"><span class='ocrx_word' id='word_1_110' title='bbox 271 835 387 874; x_wconf 71' lang='lat' dir='ltr'>videre</span> <span class='ocrx_word' id='word_1_111' title='bbox 406 835 565 880; x_wconf 82' lang='lat' dir='ltr'>coeperint</span> <span class='ocrx_word' id='word_1_112' title='bbox 586 834 643 879; x_wconf 88' lang='lat' dir='ltr'>ipsi</span> <span class='ocrx_word' id='word_1_113' title='bbox 655 835 831 880; x_wconf 84' lang='lat' dir='ltr'>Apostoli,</span> <span class='ocrx_word' id='word_1_114' title='bbox 856 835 955 870; x_wconf 84' lang='lat' dir='ltr'>tradit</span> <span class='ocrx_word' id='word_1_115' title='bbox 966 835 1099 873; x_wconf 63' lang='lat' dir='ltr'>Sanctus</span> <span class='ocrx_word' id='word_1_116' title='bbox 1110 833 1168 868; x_wconf 86' lang='lat' dir='ltr'>Ba-</span> 
     </span>
     <span class='ocr_line' id='line_1_16' title="bbox 275 884 1167 930; baseline -0.004 -9"><span class='ocrx_word' id='word_1_117' title='bbox 275 886 362 921; x_wconf 79' lang='lat' dir='ltr'>filius</span> <span class='ocrx_word' id='word_1_118' title='bbox 381 886 423 921; x_wconf 89' lang='lat' dir='ltr'>ad</span> <span class='ocrx_word' id='word_1_119' title='bbox 443 887 572 924; x_wconf 79' lang='lat' dir='ltr'>versum</span> <span class='ocrx_word' id='word_1_120' title='bbox 591 885 713 926; x_wconf 79' lang='lat' dir='ltr'>Psalmi</span> <span class='ocrx_word' id='word_1_121' title='bbox 731 911 742 930; x_wconf 88' lang='lat'>,</span> <span class='ocrx_word' id='word_1_122' title='bbox 768 887 947 925; x_wconf 70' lang='lat' dir='ltr'>convallem</span> <span class='ocrx_word' id='word_1_123' title='bbox 968 884 1167 922; x_wconf 80' lang='lat' dir='ltr'>tabernaculo·</span> 
     </span>
     <span class='ocr_line' id='line_1_17' title="bbox 99 931 1169 993; baseline -0.002 -23"><span class='ocrx_word' id='word_1_124' title='bbox 99 931 166 993; x_wconf 65' lang='lat'>(3²6</span> <span class='ocrx_word' id='word_1_125' title='bbox 272 948 342 976; x_wconf 75' lang='lat' dir='ltr'>rum</span> <span class='ocrx_word' id='word_1_126' title='bbox 362 938 506 975; x_wconf 68' lang='lat' dir='ltr'>dimetiar</span> <span class='ocrx_word' id='word_1_127' title='bbox 517 960 529 977; x_wconf 92' lang='lat'>,</span> <span class='ocrx_word' id='word_1_128' title='bbox 552 947 692 981; x_wconf 80' lang='lat' dir='ltr'>eamque</span> <span class='ocrx_word' id='word_1_129' title='bbox 706 936 948 980; x_wconf 78' lang='lat' dir='ltr'>expositionem</span> <span class='ocrx_word' id='word_1_130' title='bbox 961 935 1094 974; x_wconf 81' lang='lat' dir='ltr'>laudant</span> <span class='ocrx_word' id='word_1_131' title='bbox 1108 935 1169 978; x_wconf 88' lang='lat' dir='ltr'>Sy-</span> 
     </span>
     <span class='ocr_line' id='line_1_18' title="bbox 100 982 1168 1039; baseline -0.001 -17"><span class='ocrx_word' id='word_1_132' title='bbox 100 982 233 1039; x_wconf 50' lang='lat' dir='ltr'>Ef&#39;fissfl,</span> <span class='ocrx_word' id='word_1_133' title='bbox 276 986 609 1029; x_wconf 79' lang='lat' dir='ltr'>nodusTroslejana,</span> <span class='ocrx_word' id='word_1_134' title='bbox 633 987 886 1025; x_wconf 78' lang='lat' dir='ltr'>&amp;Hincmarus</span> <span class='ocrx_word' id='word_1_135' title='bbox 906 985 1095 1025; x_wconf 81' lang='lat' dir='ltr'>Remensrs.</span> <span class='ocrx_word' id='word_1_136' title='bbox 1125 985 1168 1021; x_wconf 85' lang='lat' dir='ltr'>Et</span> 
     </span>
     <span class='ocr_line' id='line_1_19' title="bbox 98 1034 1166 1084; baseline -0.003 -11"><span class='ocrx_word' id='word_1_137' title='bbox 98 1053 126 1074; x_wconf 87' lang='lat' dir='ltr'>c.</span> <span class='ocrx_word' id='word_1_138' title='bbox 138 1054 149 1073; x_wconf 83' lang='grc' dir='ltr'><strong><em>ι</em></strong></span> <span class='ocrx_word' id='word_1_139' title='bbox 154 1051 182 1084; x_wconf 79' lang='lat'>3.</span> <span class='ocrx_word' id='word_1_140' title='bbox 274 1036 357 1077; x_wconf 79' lang='lat' dir='ltr'>hinc</span> <span class='ocrx_word' id='word_1_141' title='bbox 379 1048 449 1072; x_wconf 91' lang='lat' dir='ltr'>non</span> <span class='ocrx_word' id='word_1_142' title='bbox 467 1036 678 1076; x_wconf 77' lang='lat' dir='ltr'>solummodo</span> <span class='ocrx_word' id='word_1_143' title='bbox 699 1037 916 1080; x_wconf 71' lang='lat' dir='ltr'>Episcopatus</span> <span class='ocrx_word' id='word_1_144' title='bbox 930 1059 943 1081; x_wconf 81' lang='lat'>,</span> <span class='ocrx_word' id='word_1_145' title='bbox 966 1034 1020 1073; x_wconf 86' lang='lat' dir='ltr'>sed</span> <span class='ocrx_word' id='word_1_146' title='bbox 1034 1036 1069 1074; x_wconf 84' lang='lat'>&amp;</span> <span class='ocrx_word' id='word_1_147' title='bbox 1087 1035 1166 1074; x_wconf 87' lang='lat' dir='ltr'>infe-</span> 
     </span>
     <span class='ocr_line' id='line_1_20' title="bbox 276 1085 1166 1130; baseline -0.002 -8"><span class='ocrx_word' id='word_1_148' title='bbox 276 1088 343 1123; x_wconf 87' lang='lat' dir='ltr'>rior</span> <span class='ocrx_word' id='word_1_149' title='bbox 355 1088 536 1121; x_wconf 90' lang='lat' dir='ltr'>Clericatus</span> <span class='ocrx_word' id='word_1_150' title='bbox 555 1085 618 1124; x_wconf 75' lang='lat' dir='ltr'>esse</span> <span class='ocrx_word' id='word_1_151' title='bbox 625 1086 749 1122; x_wconf 86' lang='lat' dir='ltr'>dicitur</span> <span class='ocrx_word' id='word_1_152' title='bbox 760 1086 926 1130; x_wconf 83' lang='lat' dir='ltr'>spirituale</span> <span class='ocrx_word' id='word_1_153' title='bbox 935 1096 1012 1120; x_wconf 89' lang='lat' dir='ltr'>curn</span> <span class='ocrx_word' id='word_1_154' title='bbox 1026 1085 1166 1124; x_wconf 81' lang='lat' dir='ltr'>Ecclesia</span> 
     </span>
     <span class='ocr_line' id='line_1_21' title="bbox 271 1135 1166 1185; baseline -0.003 -13"><span class='ocrx_word' id='word_1_155' title='bbox 271 1136 493 1182; x_wconf 74' lang='lat' dir='ltr'>conjugium,</span> <span class='ocrx_word' id='word_1_156' title='bbox 519 1147 588 1180; x_wconf 87' lang='lat' dir='ltr'>quo</span> <span class='ocrx_word' id='word_1_157' title='bbox 610 1135 745 1185; x_wconf 71' lang='lat' dir='ltr'>Eccleffls</span> <span class='ocrx_word' id='word_1_158' title='bbox 769 1161 780 1182; x_wconf 84' lang='lat'>,</span> <span class='ocrx_word' id='word_1_159' title='bbox 806 1142 852 1170; x_wconf 73' lang='lat' dir='ltr'>uti</span> <span class='ocrx_word' id='word_1_160' title='bbox 872 1137 1014 1175; x_wconf 78' lang='lat' dir='ltr'>uxoribus</span> <span class='ocrx_word' id='word_1_161' title='bbox 1034 1142 1166 1183; x_wconf 73' lang='lat' dir='ltr'>propriis</span> 
     </span>
     <span class='ocr_line' id='line_1_22' title="bbox 96 1185 1167 1241; baseline -0.003 -19"><span class='ocrx_word' id='word_1_162' title='bbox 96 1194 185 1241; x_wconf 45' lang='lat' dir='ltr'>epist,</span> <span class='ocrx_word' id='word_1_163' title='bbox 196 1210 220 1232; x_wconf 68' lang='lat'>1,</span> <span class='ocrx_word' id='word_1_164' title='bbox 271 1186 533 1231; x_wconf 68' lang='lat' dir='ltr'>fizcmmentalitcr</span> <span class='ocrx_word' id='word_1_165' title='bbox 553 1187 676 1237; x_wconf 59' lang='lat' dir='ltr'>alligari</span> <span class='ocrx_word' id='word_1_166' title='bbox 693 1187 792 1224; x_wconf 84' lang='lat' dir='ltr'>etiarn</span> <span class='ocrx_word' id='word_1_167' title='bbox 804 1186 953 1226; x_wconf 66' lang='lat' dir='ltr'>‚Clericos</span> <span class='ocrx_word' id='word_1_168' title='bbox 963 1186 1042 1225; x_wconf 64' lang='lat' dir='ltr'>reste</span> <span class='ocrx_word' id='word_1_169' title='bbox 1056 1185 1167 1224; x_wconf 84' lang='lat' dir='ltr'>scribit</span> 
     </span>
     <span class='ocr_line' id='line_1_23' title="bbox 267 1233 1166 1283; baseline -0.002 -11"><span class='ocrx_word' id='word_1_170' title='bbox 267 1233 459 1281; x_wconf 70' lang='lat' dir='ltr'>&#39;Stephanus</span> <span class='ocrx_word' id='word_1_171' title='bbox 472 1237 657 1283; x_wconf 83' lang='lat' dir='ltr'>Episcopus</span> <span class='ocrx_word' id='word_1_172' title='bbox 668 1236 909 1277; x_wconf 76' lang='lat' dir='ltr'>Tornacenfis·</span> <span class='ocrx_word' id='word_1_173' title='bbox 940 1236 1083 1279; x_wconf 80' lang='lat' dir='ltr'>Errant,</span> <span class='ocrx_word' id='word_1_174' title='bbox 1110 1238 1166 1281; x_wconf 88' lang='lat' dir='ltr'>qui</span> 
     </span>
     <span class='ocr_line' id='line_1_24' title="bbox 272 1286 1166 1335; baseline -0.002 -12"><span class='ocrx_word' id='word_1_175' title='bbox 272 1286 378 1326; x_wconf 84' lang='lat' dir='ltr'>hocce</span> <span class='ocrx_word' id='word_1_176' title='bbox 394 1287 647 1326; x_wconf 84' lang='lat' dir='ltr'>matrimonium</span> <span class='ocrx_word' id='word_1_177' title='bbox 666 1297 783 1335; x_wconf 77' lang='lat' dir='ltr'>putant</span> <span class='ocrx_word' id='word_1_178' title='bbox 795 1288 858 1325; x_wconf 69' lang='lat' dir='ltr'>‚este</span> <span class='ocrx_word' id='word_1_179' title='bbox 870 1287 1045 1326; x_wconf 86' lang='lat' dir='ltr'>inventum</span> <span class='ocrx_word' id='word_1_180' title='bbox 1056 1288 1166 1323; x_wconf 88' lang='lat' dir='ltr'>novel·</span> 
     </span>
     <span class='ocr_line' id='line_1_25' title="bbox 272 1335 1166 1382; baseline -0.002 -9"><span class='ocrx_word' id='word_1_181' title='bbox 272 1338 344 1373; x_wconf 83' lang='lat' dir='ltr'>lum</span> <span class='ocrx_word' id='word_1_182' title='bbox 357 1364 364 1371; x_wconf 93' lang='lat'><strong>.</strong></span> <span class='ocrx_word' id='word_1_183' title='bbox 394 1338 529 1373; x_wconf 86' lang='lat' dir='ltr'>Etenim</span> <span class='ocrx_word' id='word_1_184' title='bbox 541 1335 770 1376; x_wconf 81' lang='lat' dir='ltr'>Alexandrina</span> <span class='ocrx_word' id='word_1_185' title='bbox 780 1350 841 1382; x_wconf 89' lang='lat' dir='ltr'>pro</span> <span class='ocrx_word' id='word_1_186' title='bbox 850 1339 971 1379; x_wconf 72' lang='lat' dir='ltr'>Sansso</span> <span class='ocrx_word' id='word_1_187' title='bbox 984 1336 1166 1377; x_wconf 78' lang='lat' dir='ltr'>Athanasio</span> 
     </span>
     <span class='ocr_line' id='line_1_26' title="bbox 271 1387 1165 1432; baseline 0 -10"><span class='ocrx_word' id='word_1_188' title='bbox 271 1388 444 1426; x_wconf 72' lang='lat' dir='ltr'>adversum</span> <span class='ocrx_word' id='word_1_189' title='bbox 456 1387 659 1428; x_wconf 83' lang='lat' dir='ltr'>Eusebianos</span> <span class='ocrx_word' id='word_1_190' title='bbox 670 1389 826 1432; x_wconf 88' lang='lat' dir='ltr'>Synodus</span> <span class='ocrx_word' id='word_1_191' title='bbox 836 1413 848 1430; x_wconf 90' lang='lat'>,</span> <span class='ocrx_word' id='word_1_192' title='bbox 869 1389 904 1423; x_wconf 90' lang='lat' dir='ltr'>in</span> <span class='ocrx_word' id='word_1_193' title='bbox 914 1388 1032 1427; x_wconf 86' lang='lat' dir='ltr'>litteris</span> <span class='ocrx_word' id='word_1_194' title='bbox 1042 1388 1082 1423; x_wconf 87' lang='lat' dir='ltr'>ad</span> <span class='ocrx_word' id='word_1_195' title='bbox 1096 1399 1165 1422; x_wconf 88' lang='lat' dir='ltr'>om·</span> 
     </span>
     <span class='ocr_line' id='line_1_27' title="bbox 273 1437 1163 1484; baseline -0.003 -10"><span class='ocrx_word' id='word_1_196' title='bbox 273 1451 332 1477; x_wconf 78' lang='lat' dir='ltr'>nes</span> <span class='ocrx_word' id='word_1_197' title='bbox 344 1439 401 1473; x_wconf 90' lang='lat' dir='ltr'>sub</span> <span class='ocrx_word' id='word_1_198' title='bbox 412 1438 498 1478; x_wconf 86' lang='lat' dir='ltr'>coelo</span> <span class='ocrx_word' id='word_1_199' title='bbox 511 1439 692 1484; x_wconf 84' lang='lat' dir='ltr'>Episcopos</span> <span class='ocrx_word' id='word_1_200' title='bbox 705 1438 915 1479; x_wconf 85' lang='lat' dir='ltr'>orthodoxos</span> <span class='ocrx_word' id='word_1_201' title='bbox 927 1463 937 1479; x_wconf 85' lang='lat'>,</span> <span class='ocrx_word' id='word_1_202' title='bbox 966 1437 1076 1474; x_wconf 88' lang='lat' dir='ltr'>scribit</span> <span class='ocrx_word' id='word_1_203' title='bbox 1090 1438 1163 1482; x_wconf 80' lang='lat' dir='ltr'>Epi-</span> 
     </span>
     <span class='ocr_line' id='line_1_28' title="bbox 272 1488 1166 1533; baseline -0.001 -9"><span class='ocrx_word' id='word_1_204' title='bbox 272 1490 445 1533; x_wconf 86' lang='lat' dir='ltr'>scoporum</span> <span class='ocrx_word' id='word_1_205' title='bbox 455 1489 704 1527; x_wconf 77' lang='lat' dir='ltr'>translationem</span> <span class='ocrx_word' id='word_1_206' title='bbox 717 1489 780 1524; x_wconf 72' lang='lat' dir='ltr'>esse</span> <span class='ocrx_word' id='word_1_207' title='bbox 795 1488 991 1524; x_wconf 79' lang='lat' dir='ltr'>adulterium</span> <span class='ocrx_word' id='word_1_208' title='bbox 1001 1514 1012 1530; x_wconf 96' lang='lat'>,</span> <span class='ocrx_word' id='word_1_209' title='bbox 1038 1499 1166 1523; x_wconf 86' lang='lat' dir='ltr'>contra-</span> 
     </span>
     <span class='ocr_line' id='line_1_29' title="bbox 270 1537 1167 1584; baseline -0.001 -10"><span class='ocrx_word' id='word_1_210' title='bbox 270 1541 359 1578; x_wconf 80' lang='lat' dir='ltr'>rium</span> <span class='ocrx_word' id='word_1_211' title='bbox 371 1537 731 1583; x_wconf 82' lang='lat' dir='ltr'>CanoniApostolico:</span> <span class='ocrx_word' id='word_1_212' title='bbox 759 1540 906 1584; x_wconf 74' lang='lat' dir='ltr'>Alligatus</span> <span class='ocrx_word' id='word_1_213' title='bbox 916 1550 949 1576; x_wconf 74' lang='lat' dir='ltr'>es</span> <span class='ocrx_word' id='word_1_214' title='bbox 973 1544 1080 1581; x_wconf 71' lang='lat' dir='ltr'>uxori,</span> <span class='ocrx_word' id='word_1_215' title='bbox 1108 1540 1167 1573; x_wconf 66' lang='lat' dir='ltr'>noli</span> 
     </span>
     <span class='ocr_line' id='line_1_30' title="bbox 272 1585 1165 1633; baseline -0.001 -9"><span class='ocrx_word' id='word_1_216' title='bbox 272 1600 404 1633; x_wconf 79' lang='lat' dir='ltr'>quaerere</span> <span class='ocrx_word' id='word_1_217' title='bbox 417 1588 610 1633; x_wconf 77' lang='lat' dir='ltr'>fhlutionem.</span> <span class='ocrx_word' id='word_1_218' title='bbox 639 1585 816 1627; x_wconf 79' lang='lat' dir='ltr'>Canonem</span> <span class='ocrx_word' id='word_1_219' title='bbox 839 1588 930 1627; x_wconf 84' lang='lat' dir='ltr'>hunc</span> <span class='ocrx_word' id='word_1_220' title='bbox 951 1589 997 1625; x_wconf 85' lang='lat' dir='ltr'>ait</span> <span class='ocrx_word' id='word_1_221' title='bbox 1019 1600 1088 1625; x_wconf 87' lang='lat' dir='ltr'>non</span> <span class='ocrx_word' id='word_1_222' title='bbox 1104 1590 1165 1623; x_wconf 88' lang='lat' dir='ltr'>mi-</span> 
     </span>
     <span class='ocr_line' id='line_1_31' title="bbox 270 1639 1166 1686; baseline -0.003 -11"><span class='ocrx_word' id='word_1_223' title='bbox 270 1641 334 1677; x_wconf 76' lang='lat' dir='ltr'>nus</span> <span class='ocrx_word' id='word_1_224' title='bbox 354 1640 396 1678; x_wconf 84' lang='lat' dir='ltr'>de</span> <span class='ocrx_word' id='word_1_225' title='bbox 408 1640 550 1678; x_wconf 78' lang='lat' dir='ltr'>Ecclesia</span> <span class='ocrx_word' id='word_1_226' title='bbox 561 1641 596 1675; x_wconf 67' lang='lat' dir='ltr'>ec</span> <span class='ocrx_word' id='word_1_227' title='bbox 617 1640 818 1686; x_wconf 82' lang='lat' dir='ltr'>Episcopatu</span> <span class='ocrx_word' id='word_1_228' title='bbox 831 1665 842 1680; x_wconf 92' lang='lat'>‚</span> <span class='ocrx_word' id='word_1_229' title='bbox 868 1650 972 1677; x_wconf 86' lang='lat' dir='ltr'>uxore</span> <span class='ocrx_word' id='word_1_230' title='bbox 984 1639 1143 1683; x_wconf 85' lang='lat' dir='ltr'>spirituali</span> <span class='ocrx_word' id='word_1_231' title='bbox 1155 1663 1166 1681; x_wconf 92' lang='lat'>,</span> 
     </span>
     <span class='ocr_line' id='line_1_32' title="bbox 270 1690 1166 1735; baseline -0.001 -10"><span class='ocrx_word' id='word_1_232' title='bbox 270 1702 372 1735; x_wconf 86' lang='lat' dir='ltr'>quam</span> <span class='ocrx_word' id='word_1_233' title='bbox 391 1691 432 1725; x_wconf 92' lang='lat' dir='ltr'>de</span> <span class='ocrx_word' id='word_1_234' title='bbox 452 1691 575 1727; x_wconf 85' lang='lat' dir='ltr'>carnali</span> <span class='ocrx_word' id='word_1_235' title='bbox 589 1690 864 1735; x_wconf 79' lang='lat' dir='ltr'>intelligendum.</span> <span class='ocrx_word' id='word_1_236' title='bbox 892 1690 991 1724; x_wconf 76' lang='lat' dir='ltr'>Adeo</span> <span class='ocrx_word' id='word_1_237' title='bbox 1012 1691 1166 1734; x_wconf 88' lang='lat' dir='ltr'>antiquus</span> 
     </span>
     <span class='ocr_line' id='line_1_33' title="bbox 269 1740 1165 1786; baseline -0.001 -10"><span class='ocrx_word' id='word_1_238' title='bbox 269 1742 316 1776; x_wconf 79' lang='lat' dir='ltr'>est</span> <span class='ocrx_word' id='word_1_239' title='bbox 339 1741 452 1786; x_wconf 81' lang='lat' dir='ltr'>legalis</span> <span class='ocrx_word' id='word_1_240' title='bbox 473 1741 770 1786; x_wconf 83' lang='lat' dir='ltr'>argumentationis</span> <span class='ocrx_word' id='word_1_241' title='bbox 789 1740 883 1775; x_wconf 86' lang='lat' dir='ltr'>locus</span> <span class='ocrx_word' id='word_1_242' title='bbox 905 1741 924 1775; x_wconf 65' lang='lat' dir='ltr'>a</span> <span class='ocrx_word' id='word_1_243' title='bbox 950 1741 1165 1777; x_wconf 84' lang='lat' dir='ltr'>matrimonio</span> 
     </span>
     <span class='ocr_line' id='line_1_34' title="bbox 269 1789 1165 1836; baseline -0.004 -9"><span class='ocrx_word' id='word_1_244' title='bbox 269 1792 395 1827; x_wconf 86' lang='lat' dir='ltr'>carnali</span> <span class='ocrx_word' id='word_1_245' title='bbox 417 1791 458 1826; x_wconf 89' lang='lat' dir='ltr'>ad</span> <span class='ocrx_word' id='word_1_246' title='bbox 471 1790 652 1835; x_wconf 84' lang='lat' dir='ltr'>spirituale.</span> <span class='ocrx_word' id='word_1_247' title='bbox 681 1792 724 1825; x_wconf 91' lang='lat' dir='ltr'>Et</span> <span class='ocrx_word' id='word_1_248' title='bbox 737 1791 771 1825; x_wconf 90' lang='lat' dir='ltr'>in</span> <span class='ocrx_word' id='word_1_249' title='bbox 786 1790 981 1828; x_wconf 85' lang='lat' dir='ltr'>Collatione</span> <span class='ocrx_word' id='word_1_250' title='bbox 993 1789 1165 1836; x_wconf 85' lang='lat' dir='ltr'>Carthagi-</span> 
     </span>
     <span class='ocr_line' id='line_1_35' title="bbox 96 1838 1165 1886; baseline -0.001 -10"><span class='ocrx_word' id='word_1_251' title='bbox 96 1852 252 1886; x_wconf 65' lang='lat' dir='ltr'>1,.1c.135,</span> <span class='ocrx_word' id='word_1_252' title='bbox 273 1843 364 1876; x_wconf 77' lang='lat' dir='ltr'>nensi</span> <span class='ocrx_word' id='word_1_253' title='bbox 398 1838 582 1876; x_wconf 88' lang='lat' dir='ltr'>Petilianus</span> <span class='ocrx_word' id='word_1_254' title='bbox 609 1841 889 1877; x_wconf 83' lang='lat' dir='ltr'>Constantinensis</span> <span class='ocrx_word' id='word_1_255' title='bbox 914 1840 1165 1879; x_wconf 84' lang='lat' dir='ltr'>Donatistarum</span> 
     </span>
     <span class='ocr_line' id='line_1_36' title="bbox 97 1890 1164 1936; baseline -0.001 -11"><span class='ocrx_word' id='word_1_256' title='bbox 97 1901 164 1927; x_wconf 59' lang='lat'><em>³15.-</em></span> <span class='ocrx_word' id='word_1_257' title='bbox 271 1893 456 1936; x_wconf 89' lang='lat' dir='ltr'>Episcopus</span> <span class='ocrx_word' id='word_1_258' title='bbox 467 1916 478 1933; x_wconf 91' lang='lat'>‚</span> <span class='ocrx_word' id='word_1_259' title='bbox 505 1891 676 1936; x_wconf 86' lang='lat' dir='ltr'>Ephesinae</span> <span class='ocrx_word' id='word_1_260' title='bbox 687 1890 813 1935; x_wconf 87' lang='lat' dir='ltr'>Synodi</span> <span class='ocrx_word' id='word_1_261' title='bbox 825 1891 992 1929; x_wconf 85' lang='lat' dir='ltr'>decretum</span> <span class='ocrx_word' id='word_1_262' title='bbox 1003 1891 1044 1925; x_wconf 90' lang='lat' dir='ltr'>de</span> <span class='ocrx_word' id='word_1_263' title='bbox 1055 1890 1164 1927; x_wconf 86' lang='lat' dir='ltr'>Eusta-</span> 
     </span>
     <span class='ocr_line' id='line_1_37' title="bbox 272 1941 1163 1989; baseline -0.002 -12"><span class='ocrx_word' id='word_1_264' title='bbox 272 1943 321 1977; x_wconf 93' lang='lat' dir='ltr'>tio</span> <span class='ocrx_word' id='word_1_265' title='bbox 334 1941 608 1989; x_wconf 85' lang='lat' dir='ltr'>Pamphyliorum</span> <span class='ocrx_word' id='word_1_266' title='bbox 619 1942 837 1985; x_wconf 83' lang='lat' dir='ltr'>Metropolita</span> <span class='ocrx_word' id='word_1_267' title='bbox 846 1966 857 1984; x_wconf 85' lang='lat'>‚</span> <span class='ocrx_word' id='word_1_268' title='bbox 884 1942 918 1979; x_wconf 73' lang='grc' dir='ltr'>ἀ</span> <span class='ocrx_word' id='word_1_269' title='bbox 931 1941 1024 1984; x_wconf 84' lang='lat' dir='ltr'>hujus</span> <span class='ocrx_word' id='word_1_270' title='bbox 1036 1941 1163 1989; x_wconf 86' lang='lat' dir='ltr'>Synodi</span> 
     </span>
     <span class='ocr_line' id='line_1_38' title="bbox 272 1990 1165 2039; baseline -0.003 -12"><span class='ocrx_word' id='word_1_271' title='bbox 272 1992 394 2027; x_wconf 84' lang='lat' dir='ltr'>Canon</span> <span class='ocrx_word' id='word_1_272' title='bbox 416 1992 565 2026; x_wconf 88' lang='lat' dir='ltr'>decimus</span> <span class='ocrx_word' id='word_1_273' title='bbox 585 1992 721 2039; x_wconf 85' lang='lat' dir='ltr'>quintus</span> <span class='ocrx_word' id='word_1_274' title='bbox 740 1992 947 2033; x_wconf 78' lang='lat' dir='ltr'>mentionem</span> <span class='ocrx_word' id='word_1_275' title='bbox 966 1992 1095 2026; x_wconf 89' lang='lat' dir='ltr'>faciunt</span> <span class='ocrx_word' id='word_1_276' title='bbox 1125 1990 1165 2025; x_wconf 89' lang='lat' dir='ltr'>de</span> 
     </span>
     <span class='ocr_line' id='line_1_39' title="bbox 274 2040 1165 2080; baseline -0.004 -2"><span class='ocrx_word' id='word_1_277' title='bbox 274 2042 451 2080; x_wconf 76' lang='lat' dir='ltr'>cathedris</span> <span class='ocrx_word' id='word_1_278' title='bbox 469 2052 526 2077; x_wconf 83' lang='lat' dir='ltr'>aut</span> <span class='ocrx_word' id='word_1_279' title='bbox 546 2042 701 2080; x_wconf 84' lang='lat' dir='ltr'>Ecclesiis</span> <span class='ocrx_word' id='word_1_280' title='bbox 723 2040 883 2076; x_wconf 80' lang='lat' dir='ltr'>viduatis:</span> <span class='ocrx_word' id='word_1_281' title='bbox 910 2041 959 2076; x_wconf 91' lang='lat' dir='ltr'>At</span> <span class='ocrx_word' id='word_1_282' title='bbox 974 2041 1050 2078; x_wconf 81' lang='lat' dir='ltr'>vero</span> <span class='ocrx_word' id='word_1_283' title='bbox 1061 2040 1165 2076; x_wconf 85' lang='lat' dir='ltr'>vidui·</span> 
     </span>
     <span class='ocr_line' id='line_1_40' title="bbox 93 2083 1164 2156; baseline -0.002 -29"><span class='ocrx_word' id='word_1_284' title='bbox 93 2083 186 2156; x_wconf 57' lang='lat'>{9¹32-</span> <span class='ocrx_word' id='word_1_285' title='bbox 207 2092 254 2123; x_wconf 75' lang='lat'>45·</span> <span class='ocrx_word' id='word_1_286' title='bbox 271 2104 344 2134; x_wconf 86' lang='lat' dir='ltr'>ras,</span> <span class='ocrx_word' id='word_1_287' title='bbox 370 2094 421 2126; x_wconf 92' lang='lat' dir='ltr'>uti</span> <span class='ocrx_word' id='word_1_288' title='bbox 442 2092 526 2131; x_wconf 59' lang='lat' dir='ltr'>reete</span> <span class='ocrx_word' id='word_1_289' title='bbox 545 2090 684 2129; x_wconf 81' lang='lat' dir='ltr'>advertit</span> <span class='ocrx_word' id='word_1_290' title='bbox 708 2092 911 2129; x_wconf 82' lang='lat' dir='ltr'>Hincmarus</span> <span class='ocrx_word' id='word_1_291' title='bbox 931 2114 943 2134; x_wconf 84' lang='lat'>‚</span> <span class='ocrx_word' id='word_1_292' title='bbox 968 2093 1164 2139; x_wconf 78' lang='lat' dir='ltr'>conjugium</span> 
     </span>
     <span class='ocr_line' id='line_1_41' title="bbox 115 2143 447 2187; baseline -0.018 -6"><span class='ocrx_word' id='word_1_293' title='bbox 115 2147 122 2154; x_wconf 86' lang='lat'>&#39;</span> <span class='ocrx_word' id='word_1_294' title='bbox 175 2145 183 2154; x_wconf 85' lang='lat'>&#39;</span> <span class='ocrx_word' id='word_1_295' title='bbox 271 2145 305 2182; x_wconf 82' lang='lat' dir='ltr'>su</span> <span class='ocrx_word' id='word_1_296' title='bbox 331 2143 447 2187; x_wconf 90' lang='lat' dir='ltr'>ponit.</span> 
     </span>
     <span class='ocr_line' id='line_1_42' title="bbox 308 2155 1165 2241; baseline -0.006 -13"><span class='ocrx_word' id='word_1_297' title='bbox 308 2155 438 2231; x_wconf 83' lang='lat' dir='ltr'>PObiici</span> <span class='ocrx_word' id='word_1_298' title='bbox 473 2194 604 2241; x_wconf 68' lang='lat' dir='ltr'>possunt</span> <span class='ocrx_word' id='word_1_299' title='bbox 636 2192 772 2229; x_wconf 58' lang='lat' dir='ltr'>Saucius</span> <span class='ocrx_word' id='word_1_300' title='bbox 803 2191 927 2227; x_wconf 84' lang='lat' dir='ltr'>Paulus</span> <span class='ocrx_word' id='word_1_301' title='bbox 958 2189 1165 2234; x_wconf 82' lang='lat' dir='ltr'>Apostolus,</span> 
     </span>
     <span class='ocr_line' id='line_1_43' title="bbox 271 2239 1165 2288; baseline -0.004 -10"><span class='ocrx_word' id='word_1_302' title='bbox 271 2244 394 2288; x_wconf 82' lang='lat' dir='ltr'>aliiq&#39;ue</span> <span class='ocrx_word' id='word_1_303' title='bbox 415 2243 484 2286; x_wconf 80' lang='lat' dir='ltr'>ejus</span> <span class='ocrx_word' id='word_1_304' title='bbox 505 2242 654 2286; x_wconf 71' lang='lat' dir='ltr'>Collega:</span> <span class='ocrx_word' id='word_1_305' title='bbox 674 2264 685 2280; x_wconf 92' lang='lat'>‚</span> <span class='ocrx_word' id='word_1_306' title='bbox 722 2253 805 2284; x_wconf 86' lang='lat' dir='ltr'>quos</span> <span class='ocrx_word' id='word_1_307' title='bbox 824 2240 952 2278; x_wconf 84' lang='lat' dir='ltr'>constat</span> <span class='ocrx_word' id='word_1_308' title='bbox 974 2239 1016 2277; x_wconf 85' lang='lat' dir='ltr'>ad</span> <span class='ocrx_word' id='word_1_309' title='bbox 1039 2241 1165 2276; x_wconf 88' lang='lat' dir='ltr'>nullam</span> 
     </span>
     <span class='ocr_line' id='line_1_44' title="bbox 272 2290 1165 2339; baseline -0.006 -10"><span class='ocrx_word' id='word_1_310' title='bbox 272 2294 453 2339; x_wconf 85' lang='lat' dir='ltr'>specialiter</span> <span class='ocrx_word' id='word_1_311' title='bbox 475 2291 651 2328; x_wconf 73' lang='lat' dir='ltr'>Ecclesiam</span> <span class='ocrx_word' id='word_1_312' title='bbox 672 2292 866 2331; x_wconf 84' lang='lat' dir='ltr'>ordinatos,</span> <span class='ocrx_word' id='word_1_313' title='bbox 891 2290 975 2327; x_wconf 82' lang='lat' dir='ltr'>nulli</span> <span class='ocrx_word' id='word_1_314' title='bbox 997 2291 1165 2335; x_wconf 70' lang='lat' dir='ltr'>tamquam</span> 
     </span>
     <span class='ocr_line' id='line_1_45' title="bbox 273 2340 1166 2389; baseline -0.007 -9"><span class='ocrx_word' id='word_1_315' title='bbox 273 2343 465 2382; x_wconf 82' lang='lat' dir='ltr'>Cardinales</span> <span class='ocrx_word' id='word_1_316' title='bbox 480 2344 531 2378; x_wconf 92' lang='lat' dir='ltr'>seu</span> <span class='ocrx_word' id='word_1_317' title='bbox 545 2342 694 2389; x_wconf 83' lang='lat' dir='ltr'>proprios</span> <span class='ocrx_word' id='word_1_318' title='bbox 705 2341 887 2385; x_wconf 86' lang='lat' dir='ltr'>Episcopos</span> <span class='ocrx_word' id='word_1_319' title='bbox 905 2340 1058 2385; x_wconf 86' lang='lat' dir='ltr'>alligatos</span> <span class='ocrx_word' id='word_1_320' title='bbox 1070 2363 1078 2373; x_wconf 89' lang='lat'>.</span> <span class='ocrx_word' id='word_1_321' title='bbox 1106 2340 1166 2375; x_wconf 86' lang='lat' dir='ltr'>Ea·</span> 
     </span>
     <span class='ocr_line' id='line_1_46' title="bbox 272 2390 1164 2437; baseline -0.008 -7"><span class='ocrx_word' id='word_1_322' title='bbox 272 2395 350 2430; x_wconf 85' lang='lat' dir='ltr'>dem</span> <span class='ocrx_word' id='word_1_323' title='bbox 377 2393 525 2428; x_wconf 87' lang='lat' dir='ltr'>libertate</span> <span class='ocrx_word' id='word_1_324' title='bbox 548 2393 581 2429; x_wconf 89' lang='lat' dir='ltr'>se</span> <span class='ocrx_word' id='word_1_325' title='bbox 604 2391 796 2428; x_wconf 87' lang='lat' dir='ltr'>ordinatum</span> <span class='ocrx_word' id='word_1_326' title='bbox 817 2390 1164 2437; x_wconf 78' lang='lat' dir='ltr'>PresbyterumaSan-</span> 
     </span>
     <span class='ocr_line' id='line_1_47' title="bbox 274 2439 1166 2485; baseline -0.008 -6"><span class='ocrx_word' id='word_1_327' title='bbox 274 2447 328 2479; x_wconf 69' lang='lat' dir='ltr'>sto</span> <span class='ocrx_word' id='word_1_328' title='bbox 349 2444 491 2478; x_wconf 89' lang='lat' dir='ltr'>Paulino</span> <span class='ocrx_word' id='word_1_329' title='bbox 509 2440 697 2479; x_wconf 83' lang='lat' dir='ltr'>Patriarcha</span> <span class='ocrx_word' id='word_1_330' title='bbox 708 2439 923 2478; x_wconf 85' lang='lat' dir='ltr'>Antiocheno</span> <span class='ocrx_word' id='word_1_331' title='bbox 933 2440 1043 2478; x_wconf 78' lang='lat' dir='ltr'>scribit</span> <span class='ocrx_word' id='word_1_332' title='bbox 1053 2441 1086 2474; x_wconf 73' lang='grc' dir='ltr'>ὅ(</span> <span class='ocrx_word' id='word_1_333' title='bbox 1096 2439 1166 2485; x_wconf 89' lang='lat' dir='ltr'>glo-</span> 
     </span>
     <span class='ocr_line' id='line_1_48' title="bbox 100 2486 1167 2545; baseline -0.007 -14"><span class='ocrx_word' id='word_1_334' title='bbox 100 2507 190 2545; x_wconf 83' lang='lat' dir='ltr'>Epist.</span> <span class='ocrx_word' id='word_1_335' title='bbox 210 2512 256 2538; x_wconf 84' lang='lat'>61.</span> <span class='ocrx_word' id='word_1_336' title='bbox 273 2497 375 2530; x_wconf 89' lang='lat' dir='ltr'>riatur</span> <span class='ocrx_word' id='word_1_337' title='bbox 394 2494 645 2540; x_wconf 84' lang='lat' dir='ltr'>Hieronymus-</span> <span class='ocrx_word' id='word_1_338' title='bbox 670 2491 802 2527; x_wconf 84' lang='lat' dir='ltr'>Paulini</span> <span class='ocrx_word' id='word_1_339' title='bbox 818 2491 975 2527; x_wconf 74' lang='lat' dir='ltr'>successor</span> <span class='ocrx_word' id='word_1_340' title='bbox 987 2486 1167 2526; x_wconf 83' lang='lat' dir='ltr'>Flavianus</span> 
     </span>
     <span class='ocr_line' id='line_1_49' title="bbox 99 2539 1166 2584; baseline -0.005 -6"><span class='ocrx_word' id='word_1_341' title='bbox 99 2557 122 2578; x_wconf 92' lang='lat' dir='ltr'>c.</span> <span class='ocrx_word' id='word_1_342' title='bbox 139 2553 183 2579; x_wconf 79' lang='lat'>16.</span> <span class='ocrx_word' id='word_1_343' title='bbox 273 2547 392 2584; x_wconf 82' lang='lat' dir='ltr'>eodem</span> <span class='ocrx_word' id='word_1_344' title='bbox 413 2544 518 2580; x_wconf 88' lang='lat' dir='ltr'>modo</span> <span class='ocrx_word' id='word_1_345' title='bbox 537 2542 703 2579; x_wconf 89' lang='lat' dir='ltr'>ordinavit</span> <span class='ocrx_word' id='word_1_346' title='bbox 726 2540 965 2578; x_wconf 86' lang='lat' dir='ltr'>Macedonium</span> <span class='ocrx_word' id='word_1_347' title='bbox 977 2539 1166 2578; x_wconf 83' lang='lat' dir='ltr'>Anachore-</span> 
     </span>
    </p>

    <p class='ocr_par' dir='ltr' id='par_1_5' title="bbox 56 2590 1172 3237">
     <span class='ocr_line' id='line_1_50' title="bbox 275 2590 1164 2637; baseline -0.008 -5"><span class='ocrx_word' id='word_1_348' title='bbox 275 2609 344 2632; x_wconf 85' lang='lat' dir='ltr'>tam</span> <span class='ocrx_word' id='word_1_349' title='bbox 358 2620 368 2637; x_wconf 94' lang='lat'>‚</span> <span class='ocrx_word' id='word_1_350' title='bbox 395 2594 565 2630; x_wconf 83' lang='lat' dir='ltr'>laudatum</span> <span class='ocrx_word' id='word_1_351' title='bbox 587 2594 621 2631; x_wconf 87' lang='lat' dir='ltr'>in</span> <span class='ocrx_word' id='word_1_352' title='bbox 634 2591 768 2629; x_wconf 82' lang='lat' dir='ltr'>historia</span> <span class='ocrx_word' id='word_1_353' title='bbox 778 2591 961 2628; x_wconf 83' lang='lat' dir='ltr'>monastica</span> <span class='ocrx_word' id='word_1_354' title='bbox 973 2591 992 2625; x_wconf 75' lang='lat' dir='ltr'>a</span> <span class='ocrx_word' id='word_1_355' title='bbox 1002 2590 1164 2627; x_wconf 90' lang='lat' dir='ltr'>Theodo-</span> 
     </span>
     <span class='ocr_line' id='line_1_51' title="bbox 56 2640 1166 2703; baseline 0.014 -41"><span class='ocrx_word' id='word_1_356' title='bbox 56 2651 64 2662; x_wconf 63' lang='grc'><em>,</em></span> <span class='ocrx_word' id='word_1_357' title='bbox 100 2666 225 2703; x_wconf 40' lang='lat' dir='ltr'>capa}</span> <span class='ocrx_word' id='word_1_358' title='bbox 275 2659 347 2683; x_wconf 76' lang='lat' dir='ltr'>reto</span> <span class='ocrx_word' id='word_1_359' title='bbox 367 2671 374 2679; x_wconf 86' lang='lat'>.</span> <span class='ocrx_word' id='word_1_360' title='bbox 410 2644 578 2692; x_wconf 69' lang='lat' dir='ltr'>roirca</span> <span class='ocrx_word' id='word_1_361' title='bbox 598 2643 773 2690; x_wconf 87' lang='lat' dir='ltr'>prudenter</span> <span class='ocrx_word' id='word_1_362' title='bbox 794 2641 984 2685; x_wconf 85' lang='lat' dir='ltr'>accipienda</span> <span class='ocrx_word' id='word_1_363' title='bbox 1004 2641 1079 2676; x_wconf 89' lang='lat' dir='ltr'>sunt</span> <span class='ocrx_word' id='word_1_364' title='bbox 1100 2640 1166 2677; x_wconf 71' lang='lat' dir='ltr'>haec</span> 
     </span>
     <span class='ocr_line' id='line_1_52' title="bbox 276 2690 1166 2741; baseline -0.009 -9"><span class='ocrx_word' id='word_1_365' title='bbox 276 2697 372 2733; x_wconf 89' lang='lat' dir='ltr'>verba</span> <span class='ocrx_word' id='word_1_366' title='bbox 398 2694 528 2741; x_wconf 83' lang='lat' dir='ltr'>Pelagii</span> <span class='ocrx_word' id='word_1_367' title='bbox 556 2692 690 2731; x_wconf 85' lang='lat' dir='ltr'>secundi</span> <span class='ocrx_word' id='word_1_368' title='bbox 716 2692 887 2728; x_wconf 87' lang='lat' dir='ltr'>Pontificis</span> <span class='ocrx_word' id='word_1_369' title='bbox 913 2691 948 2725; x_wconf 88' lang='lat' dir='ltr'>in</span> <span class='ocrx_word' id='word_1_370' title='bbox 975 2691 1091 2728; x_wconf 88' lang='lat' dir='ltr'>litteris</span> <span class='ocrx_word' id='word_1_371' title='bbox 1125 2690 1166 2724; x_wconf 89' lang='lat' dir='ltr'>ad</span> 
     </span>
     <span class='ocr_line' id='line_1_53' title="bbox 277 2741 1166 2789; baseline -0.009 -7"><span class='ocrx_word' id='word_1_372' title='bbox 277 2749 387 2784; x_wconf 87' lang='lat' dir='ltr'>Eliam</span> <span class='ocrx_word' id='word_1_373' title='bbox 410 2745 664 2789; x_wconf 82' lang='lat' dir='ltr'>Metropolitam</span> <span class='ocrx_word' id='word_1_374' title='bbox 681 2741 927 2788; x_wconf 86' lang='lat' dir='ltr'>Aquilejeusem</span> <span class='ocrx_word' id='word_1_375' title='bbox 939 2755 950 2777; x_wconf 85' lang='lat'>.·</span> <span class='ocrx_word' id='word_1_376' title='bbox 977 2746 1166 2784; x_wconf 73' lang='lat' dir='ltr'>Hieronymm</span> 
     </span>
     <span class='ocr_line' id='line_1_54' title="bbox 278 2789 1167 2838; baseline -0.008 -5"><span class='ocrx_word' id='word_1_377' title='bbox 278 2796 412 2838; x_wconf 66' lang='lat' dir='ltr'>Ecclesia</span> <span class='ocrx_word' id='word_1_378' title='bbox 431 2796 534 2837; x_wconf 81' lang='lat' dir='ltr'>nostrae</span> <span class='ocrx_word' id='word_1_379' title='bbox 553 2793 725 2833; x_wconf 72' lang='lat' dir='ltr'>Presbyter.</span> <span class='ocrx_word' id='word_1_380' title='bbox 753 2794 797 2827; x_wconf 91' lang='lat' dir='ltr'>Et</span> <span class='ocrx_word' id='word_1_381' title='bbox 807 2791 906 2828; x_wconf 88' lang='lat' dir='ltr'>verba</span> <span class='ocrx_word' id='word_1_382' title='bbox 917 2789 1059 2828; x_wconf 85' lang='lat' dir='ltr'>Adriani</span> <span class='ocrx_word' id='word_1_383' title='bbox 1071 2791 1167 2837; x_wconf 87' lang='lat' dir='ltr'>primi</span> 
     </span>
     <span class='ocr_line' id='line_1_55' title="bbox 278 2841 1168 2886; baseline -0.009 -3"><span class='ocrx_word' id='word_1_384' title='bbox 278 2851 314 2883; x_wconf 89' lang='lat' dir='ltr'>in</span> <span class='ocrx_word' id='word_1_385' title='bbox 340 2846 454 2880; x_wconf 88' lang='lat' dir='ltr'>litteris</span> <span class='ocrx_word' id='word_1_386' title='bbox 475 2844 515 2882; x_wconf 87' lang='lat' dir='ltr'>ad</span> <span class='ocrx_word' id='word_1_387' title='bbox 536 2843 966 2882; x_wconf 80' lang='lat' dir='ltr'>Constantinum&amp;1renen</span> <span class='ocrx_word' id='word_1_388' title='bbox 981 2841 1168 2886; x_wconf 86' lang='lat' dir='ltr'>Augustos,</span> 
     </span>
     <span class='ocr_line' id='line_1_56' title="bbox 278 2891 1168 2937; baseline -0.009 -4"><span class='ocrx_word' id='word_1_389' title='bbox 278 2898 367 2933; x_wconf 67' lang='lat' dir='ltr'>lectis</span> <span class='ocrx_word' id='word_1_390' title='bbox 387 2896 423 2928; x_wconf 89' lang='lat' dir='ltr'>in</span> <span class='ocrx_word' id='word_1_391' title='bbox 443 2893 584 2932; x_wconf 88' lang='lat' dir='ltr'>secunda</span> <span class='ocrx_word' id='word_1_392' title='bbox 605 2894 749 2930; x_wconf 62' lang='lat' dir='ltr'>Actione</span> <span class='ocrx_word' id='word_1_393' title='bbox 770 2891 899 2937; x_wconf 89' lang='lat' dir='ltr'>Synodi</span> <span class='ocrx_word' id='word_1_394' title='bbox 920 2892 1062 2936; x_wconf 82' lang='lat' dir='ltr'>septimae</span> <span class='ocrx_word' id='word_1_395' title='bbox 1084 2904 1095 2926; x_wconf 77' lang='lat'>‚-</span> <span class='ocrx_word' id='word_1_396' title='bbox 1121 2894 1168 2925; x_wconf 83' lang='lat' dir='ltr'>De</span> 
     </span>
     <span class='ocr_line' id='line_1_57' title="bbox 277 2940 1167 2994; baseline -0.008 -14"><span class='ocrx_word' id='word_1_397' title='bbox 277 2947 409 2994; x_wconf 77' lang='lat' dir='ltr'>sermone</span> <span class='ocrx_word' id='word_1_398' title='bbox 431 2946 508 2979; x_wconf 76' lang='lat' dir='ltr'>beati</span> <span class='ocrx_word' id='word_1_399' title='bbox 528 2949 694 2986; x_wconf 79' lang='lat' dir='ltr'>Hieronymi</span> <span class='ocrx_word' id='word_1_400' title='bbox 717 2943 885 2985; x_wconf 59' lang='lat' dir='ltr'>Presbyteri</span> <span class='ocrx_word' id='word_1_401' title='bbox 897 2940 1167 2985; x_wconf 75' lang='lat' dir='ltr'>Hierosolymitani.</span> 
     </span>
     <span class='ocr_line' id='line_1_58' title="bbox 281 2990 1169 3040; baseline -0.008 -8"><span class='ocrx_word' id='word_1_402' title='bbox 281 2998 336 3032; x_wconf 84' lang='lat' dir='ltr'>Ex</span> <span class='ocrx_word' id='word_1_403' title='bbox 361 2995 486 3040; x_wconf 88' lang='lat' dir='ltr'>Pelagii</span> <span class='ocrx_word' id='word_1_404' title='bbox 509 2995 615 3030; x_wconf 79' lang='lat' dir='ltr'>verbis</span> <span class='ocrx_word' id='word_1_405' title='bbox 634 3005 741 3030; x_wconf 84' lang='lat' dir='ltr'>ortam</span> <span class='ocrx_word' id='word_1_406' title='bbox 754 2992 909 3028; x_wconf 84' lang='lat' dir='ltr'>existimo</span> <span class='ocrx_word' id='word_1_407' title='bbox 919 2993 1114 3038; x_wconf 86' lang='lat' dir='ltr'>opinionem</span> <span class='ocrx_word' id='word_1_408' title='bbox 1128 2990 1169 3027; x_wconf 88' lang='lat' dir='ltr'>de</span> 
     </span>
     <span class='ocr_line' id='line_1_59' title="bbox 282 3040 1170 3086; baseline -0.008 -4"><span class='ocrx_word' id='word_1_409' title='bbox 282 3048 441 3083; x_wconf 86' lang='lat' dir='ltr'>Romano</span> <span class='ocrx_word' id='word_1_410' title='bbox 460 3046 566 3081; x_wconf 59' lang='lat' dir='ltr'>Sanni</span> <span class='ocrx_word' id='word_1_411' title='bbox 578 3044 782 3086; x_wconf 87' lang='lat' dir='ltr'>Hieronymi</span> <span class='ocrx_word' id='word_1_412' title='bbox 801 3040 1029 3078; x_wconf 73' lang='lat' dir='ltr'>cardinalatu.</span> <span class='ocrx_word' id='word_1_413' title='bbox 1058 3040 1170 3077; x_wconf 88' lang='lat' dir='ltr'>Etiam</span> 
     </span>
     <span class='ocr_line' id='line_1_60' title="bbox 282 3090 1171 3138; baseline -0.008 -7"><span class='ocrx_word' id='word_1_414' title='bbox 282 3099 314 3132; x_wconf 92' lang='lat' dir='ltr'>se</span> <span class='ocrx_word' id='word_1_415' title='bbox 325 3097 343 3130; x_wconf 73' lang='lat' dir='ltr'>a</span> <span class='ocrx_word' id='word_1_416' title='bbox 354 3095 493 3138; x_wconf 88' lang='lat' dir='ltr'>Lampio</span> <span class='ocrx_word' id='word_1_417' title='bbox 507 3094 621 3128; x_wconf 87' lang='lat' dir='ltr'>Barchi</span> <span class='ocrx_word' id='word_1_418' title='bbox 648 3094 760 3128; x_wconf 87' lang='lat' dir='ltr'>onenfi</span> <span class='ocrx_word' id='word_1_419' title='bbox 776 3093 940 3137; x_wconf 85' lang='lat' dir='ltr'>Episcopo</span> <span class='ocrx_word' id='word_1_420' title='bbox 951 3090 1098 3129; x_wconf 78' lang='lat' dir='ltr'>absolute</span> <span class='ocrx_word' id='word_1_421' title='bbox 1121 3092 1171 3126; x_wconf 81' lang='lat' dir='ltr'>de-</span> 
     </span>
     <span class='ocr_line' id='line_1_61' title="bbox 283 3145 1172 3184; baseline -0.009 -3"><span class='ocrx_word' id='word_1_422' title='bbox 283 3150 417 3184; x_wconf 79' lang='lat' dir='ltr'>dicatum</span> <span class='ocrx_word' id='word_1_423' title='bbox 438 3151 473 3177; x_wconf 83' lang='lat' dir='ltr'>in</span> <span class='ocrx_word' id='word_1_424' title='bbox 495 3146 605 3178; x_wconf 74' lang='lat' dir='ltr'>sacerd</span> <span class='ocrx_word' id='word_1_425' title='bbox 632 3151 693 3178; x_wconf 79' lang='lat' dir='ltr'>ium</span> <span class='ocrx_word' id='word_1_426' title='bbox 706 3145 825 3179; x_wconf 66' lang='lat' dir='ltr'>tantiam</span> <span class='ocrx_word' id='word_1_427' title='bbox 839 3146 983 3183; x_wconf 75' lang='lat' dir='ltr'>Domini,</span> <span class='ocrx_word' id='word_1_428' title='bbox 1010 3154 1068 3177; x_wconf 86' lang='lat' dir='ltr'>non</span> <span class='ocrx_word' id='word_1_429' title='bbox 1079 3147 1172 3175; x_wconf 84' lang='lat' dir='ltr'>etiam</span> 
     </span>
     <span class='ocr_line' id='line_1_62' title="bbox 112 3191 1172 3237; baseline -0.008 -4"><span class='ocrx_word' id='word_1_430' title='bbox 112 3191 229 3233; x_wconf 67' lang='lat' dir='ltr'>Epist.6.</span> <span class='ocrx_word' id='word_1_431' title='bbox 285 3204 317 3234; x_wconf 77' lang='lat' dir='ltr'>in</span> <span class='ocrx_word' id='word_1_432' title='bbox 328 3194 454 3237; x_wconf 82' lang='lat' dir='ltr'>Ecclefia</span> <span class='ocrx_word' id='word_1_433' title='bbox 464 3195 559 3228; x_wconf 88' lang='lat' dir='ltr'>locum</span> <span class='ocrx_word' id='word_1_434' title='bbox 582 3194 635 3229; x_wconf 87' lang='lat' dir='ltr'>seu</span> <span class='ocrx_word' id='word_1_435' title='bbox 648 3195 781 3229; x_wconf 87' lang='lat' dir='ltr'>titulum</span> <span class='ocrx_word' id='word_1_436' title='bbox 795 3193 906 3229; x_wconf 88' lang='lat' dir='ltr'>scribit</span> <span class='ocrx_word' id='word_1_437' title='bbox 917 3193 1051 3229; x_wconf 56' lang='lat' dir='ltr'>Saucius</span> <span class='ocrx_word' id='word_1_438' title='bbox 1062 3191 1172 3227; x_wconf 87' lang='lat' dir='ltr'>Pauli-</span> 
     </span>
    </p>

    <p class='ocr_par' dir='ltr' id='par_1_6' title="bbox 286 3242 1170 3288">
     <span class='ocr_line' id='line_1_63' title="bbox 286 3242 1170 3288; baseline -0.006 -8"><span class='ocrx_word' id='word_1_439' title='bbox 286 3258 347 3283; x_wconf 84' lang='lat' dir='ltr'>nus</span> <span class='ocrx_word' id='word_1_440' title='bbox 362 3245 514 3282; x_wconf 82' lang='lat' dir='ltr'>Nolensis</span> <span class='ocrx_word' id='word_1_441' title='bbox 526 3242 706 3288; x_wconf 84' lang='lat' dir='ltr'>Episcopus</span> <span class='ocrx_word' id='word_1_442' title='bbox 718 3244 758 3276; x_wconf 86' lang='lat' dir='ltr'>ad</span> <span class='ocrx_word' id='word_1_443' title='bbox 778 3244 928 3277; x_wconf 85' lang='lat' dir='ltr'>Severum</span> <span class='ocrx_word' id='word_1_444' title='bbox 942 3268 948 3275; x_wconf 93' lang='lat'>.</span> <span class='ocrx_word' id='word_1_445' title='bbox 975 3243 1070 3278; x_wconf 84' lang='lat' dir='ltr'>Olim</span> <span class='ocrx_word' id='word_1_446' title='bbox 1094 3246 1170 3276; x_wconf 87' lang='lat' dir='ltr'>item</span> 
     </span>
    </p>

    <p class='ocr_par' dir='ltr' id='par_1_7' title="bbox 114 3291 1173 3387">
     <span class='ocr_line' id='line_1_64' title="bbox 288 3291 1172 3341; baseline -0.006 -11"><span class='ocrx_word' id='word_1_447' title='bbox 288 3297 469 3341; x_wconf 83' lang='lat' dir='ltr'>Episcopos</span> <span class='ocrx_word' id='word_1_448' title='bbox 489 3291 638 3329; x_wconf 74' lang='lat' dir='ltr'>absolute</span> <span class='ocrx_word' id='word_1_449' title='bbox 659 3292 830 3327; x_wconf 86' lang='lat' dir='ltr'>ordinatos</span> <span class='ocrx_word' id='word_1_450' title='bbox 855 3293 988 3326; x_wconf 89' lang='lat' dir='ltr'>testatur</span> <span class='ocrx_word' id='word_1_451' title='bbox 1018 3293 1172 3329; x_wconf 88' lang='lat' dir='ltr'>Hermias</span> 
     </span>
     <span class='ocr_line' id='line_1_65' title="bbox 114 3342 1173 3387; baseline -0.001 -8"><span class='ocrx_word' id='word_1_452' title='bbox 114 3353 138 3382; x_wconf 84' lang='lat'>1.</span> <span class='ocrx_word' id='word_1_453' title='bbox 151 3355 175 3379; x_wconf 80' lang='lat'>6.</span> <span class='ocrx_word' id='word_1_454' title='bbox 189 3358 262 3382; x_wconf 65' lang='lat'>024</span> <span class='ocrx_word' id='word_1_455' title='bbox 289 3347 495 3380; x_wconf 87' lang='lat' dir='ltr'>Zozomenus</span> <span class='ocrx_word' id='word_1_456' title='bbox 509 3368 519 3386; x_wconf 81' lang='lat'>,</span> <span class='ocrx_word' id='word_1_457' title='bbox 533 3352 728 3379; x_wconf 83' lang='lat' dir='ltr'>enumerans</span> <span class='ocrx_word' id='word_1_458' title='bbox 741 3342 933 3387; x_wconf 84' lang='lat' dir='ltr'>insigniores</span> <span class='ocrx_word' id='word_1_459' title='bbox 945 3342 1000 3377; x_wconf 86' lang='lat' dir='ltr'>sub</span> <span class='ocrx_word' id='word_1_460' title='bbox 1012 3343 1173 3378; x_wconf 85' lang='lat' dir='ltr'>Constan-</span> 
     </span>
    </p>

    <p class='ocr_par' dir='ltr' id='par_1_8' title="bbox 288 3387 1171 3437">
     <span class='ocr_line' id='line_1_66' title="bbox 288 3387 1171 3437; baseline -0.006 -8"><span class='ocrx_word' id='word_1_461' title='bbox 288 3397 337 3429; x_wconf 90' lang='lat' dir='ltr'>tio</span> <span class='ocrx_word' id='word_1_462' title='bbox 358 3394 510 3437; x_wconf 82' lang='lat' dir='ltr'>Augusto</span> <span class='ocrx_word' id='word_1_463' title='bbox 523 3391 688 3426; x_wconf 85' lang='lat' dir='ltr'>monacho</span> <span class='ocrx_word' id='word_1_464' title='bbox 698 3387 885 3426; x_wconf 79' lang='lat' dir='ltr'>Provinciae</span> <span class='ocrx_word' id='word_1_465' title='bbox 895 3390 1087 3429; x_wconf 69' lang='lat' dir='ltr'>osrhoenae,</span> <span class='ocrx_word' id='word_1_466' title='bbox 1115 3393 1171 3426; x_wconf 76' lang='lat' dir='ltr'>Ad-</span> 
     </span>
    </p>

    <p class='ocr_par' dir='ltr' id='par_1_9' title="bbox 290 3440 1172 3486">
     <span class='ocr_line' id='line_1_67' title="bbox 290 3440 1172 3486; baseline -0.005 -7"><span class='ocrx_word' id='word_1_467' title='bbox 290 3448 327 3479; x_wconf 84' lang='lat' dir='ltr'>de</span> <span class='ocrx_word' id='word_1_468' title='bbox 337 3444 386 3478; x_wconf 82' lang='lat' dir='ltr'>bis</span> <span class='ocrx_word' id='word_1_469' title='bbox 399 3441 557 3486; x_wconf 66' lang='lat' dir='ltr'>Bar-sen&amp;</span> <span class='ocrx_word' id='word_1_470' title='bbox 566 3445 725 3486; x_wconf 71' lang='lat' dir='ltr'>Eulogium</span> <span class='ocrx_word' id='word_1_471' title='bbox 734 3465 745 3480; x_wconf 92' lang='lat'>‚</span> <span class='ocrx_word' id='word_1_472' title='bbox 768 3446 820 3484; x_wconf 82' lang='lat' dir='ltr'>qui</span> <span class='ocrx_word' id='word_1_473' title='bbox 832 3440 917 3476; x_wconf 81' lang='lat' dir='ltr'>ambo</span> <span class='ocrx_word' id='word_1_474' title='bbox 922 3441 984 3483; x_wconf 86' lang='lat' dir='ltr'>post</span> <span class='ocrx_word' id='word_1_475' title='bbox 997 3443 1172 3477; x_wconf 76' lang='lat' dir='ltr'>creabantur</span> 
     </span>
    </p>
   </div>
   <div class='ocr_carea' id='block_1_5' title="bbox 102 2781 227 2818">
    <p class='ocr_par' dir='ltr' id='par_1_10' title="bbox 102 2781 227 2818">
     <span class='ocr_line' id='line_1_68' title="bbox 102 2781 227 2818; baseline -0.016 -8"><span class='ocrx_word' id='word_1_476' title='bbox 102 2781 227 2818; x_wconf 67' lang='lat' dir='ltr'>Capi-1.</span> 
     </span>
    </p>
   </div>
   <div class='ocr_carea' id='block_1_6' title="bbox 766 380 2129 435">
    <p class='ocr_par' dir='ltr' id='par_1_11' title="bbox 766 380 2129 435">
     <span class='ocr_line' id='line_1_69' title="bbox 766 380 2129 435; baseline 0.004 -18"><span class='ocrx_word' id='word_1_477' title='bbox 766 380 872 430; x_wconf 85' lang='lat' dir='ltr'>Qod</span> <span class='ocrx_word' id='word_1_478' title='bbox 893 382 1026 417; x_wconf 63' lang='lat' dir='ltr'>Sanctus</span> <span class='ocrx_word' id='word_1_479' title='bbox 1038 381 1173 415; x_wconf 87' lang='lat' dir='ltr'>Marcus</span> <span class='ocrx_word' id='word_1_480' title='bbox 1236 381 1354 414; x_wconf 78' lang='lat' dir='ltr'>saeculis</span> <span class='ocrx_word' id='word_1_481' title='bbox 1376 382 1528 416; x_wconf 67' lang='lat' dir='ltr'>Sanctum</span> <span class='ocrx_word' id='word_1_482' title='bbox 1547 381 1759 421; x_wconf 82' lang='lat' dir='ltr'>Bonifacium</span> <span class='ocrx_word' id='word_1_483' title='bbox 1771 387 1972 425; x_wconf 76' lang='lat' dir='ltr'>Francorum</span> <span class='ocrx_word' id='word_1_484' title='bbox 1986 388 2129 435; x_wconf 86' lang='lat' dir='ltr'>Aposto-</span> 
     </span>
    </p>
   </div>
   <div class='ocr_carea' id='block_1_7' title="bbox 1215 429 2303 3484">
    <p class='ocr_par' dir='ltr' id='par_1_12' title="bbox 1230 429 2303 1132">
     <span class='ocr_line' id='line_1_70' title="bbox 1234 429 2127 483; baseline 0.01 -19"><span class='ocrx_word' id='word_1_485' title='bbox 1234 429 1302 468; x_wconf 75' lang='lat' dir='ltr'>lum</span> <span class='ocrx_word' id='word_1_486' title='bbox 1314 432 1333 466; x_wconf 72' lang='grc' dir='ltr'>ὲ</span> <span class='ocrx_word' id='word_1_487' title='bbox 1346 431 1511 481; x_wconf 80' lang='lat' dir='ltr'>Gregorio</span> <span class='ocrx_word' id='word_1_488' title='bbox 1524 432 1670 469; x_wconf 84' lang='lat' dir='ltr'>secundo</span> <span class='ocrx_word' id='word_1_489' title='bbox 1681 435 1774 473; x_wconf 76' lang='lat' dir='ltr'>fuisse</span> <span class='ocrx_word' id='word_1_490' title='bbox 1790 437 1855 473; x_wconf 82' lang='lat' dir='ltr'>fine</span> <span class='ocrx_word' id='word_1_491' title='bbox 1869 438 2040 473; x_wconf 82' lang='lat' dir='ltr'>Cardinali</span> <span class='ocrx_word' id='word_1_492' title='bbox 2053 439 2127 483; x_wconf 75' lang='lat' dir='ltr'>sede</span> 
     </span>
     <span class='ocr_line' id='line_1_71' title="bbox 1233 478 2128 535; baseline 0.007 -20"><span class='ocrx_word' id='word_1_493' title='bbox 1233 481 1424 520; x_wconf 84' lang='lat' dir='ltr'>ordinatum</span> <span class='ocrx_word' id='word_1_494' title='bbox 1446 482 1671 527; x_wconf 87' lang='lat' dir='ltr'>Episcopum,</span> <span class='ocrx_word' id='word_1_495' title='bbox 1697 495 1738 519; x_wconf 87' lang='lat' dir='ltr'>ac</span> <span class='ocrx_word' id='word_1_496' title='bbox 1753 485 1886 525; x_wconf 74' lang='lat' dir='ltr'>demum</span> <span class='ocrx_word' id='word_1_497' title='bbox 1909 488 1982 535; x_wconf 86' lang='lat' dir='ltr'>post</span> <span class='ocrx_word' id='word_1_498' title='bbox 2005 478 2128 534; x_wconf 65' lang='lat' dir='ltr'>viginsi</span> 
     </span>
     <span class='ocr_line' id='line_1_72' title="bbox 1231 532 2127 583; baseline 0.008 -18"><span class='ocrx_word' id='word_1_499' title='bbox 1231 543 1338 569; x_wconf 86' lang='lat' dir='ltr'>annos</span> <span class='ocrx_word' id='word_1_500' title='bbox 1358 532 1376 566; x_wconf 70' lang='lat' dir='ltr'>a</span> <span class='ocrx_word' id='word_1_501' title='bbox 1396 532 1561 571; x_wconf 78' lang='lat' dir='ltr'>Zacharia</span> <span class='ocrx_word' id='word_1_502' title='bbox 1581 533 1744 569; x_wconf 89' lang='lat' dir='ltr'>Pontifice</span> <span class='ocrx_word' id='word_1_503' title='bbox 1765 536 1833 572; x_wconf 86' lang='lat' dir='ltr'>sedi</span> <span class='ocrx_word' id='word_1_504' title='bbox 1850 537 2127 583; x_wconf 85' lang='lat' dir='ltr'>Moguntinaein-</span> 
     </span>
     <span class='ocr_line' id='line_1_73' title="bbox 1232 580 2127 627; baseline 0.008 -11"><span class='ocrx_word' id='word_1_505' title='bbox 1232 580 1438 621; x_wconf 84' lang='lat' dir='ltr'>cardinatum</span> <span class='ocrx_word' id='word_1_506' title='bbox 1459 583 1571 622; x_wconf 87' lang='lat' dir='ltr'>scribit</span> <span class='ocrx_word' id='word_1_507' title='bbox 1594 584 1799 621; x_wconf 88' lang='lat' dir='ltr'>Hincmarus</span> <span class='ocrx_word' id='word_1_508' title='bbox 1820 585 1855 621; x_wconf 88' lang='lat' dir='ltr'>in</span> <span class='ocrx_word' id='word_1_509' title='bbox 1880 587 1996 624; x_wconf 86' lang='lat' dir='ltr'>litteris</span> <span class='ocrx_word' id='word_1_510' title='bbox 2015 588 2127 627; x_wconf 84' lang='lat' dir='ltr'>adver-</span> 
     </span>
     <span class='ocr_line' id='line_1_74' title="bbox 1230 633 2126 684; baseline 0.01 -18"><span class='ocrx_word' id='word_1_511' title='bbox 1230 633 1305 670; x_wconf 73' lang='lat' dir='ltr'>sum</span> <span class='ocrx_word' id='word_1_512' title='bbox 1335 633 1421 670; x_wconf 76' lang='lat' dir='ltr'>vices</span> <span class='ocrx_word' id='word_1_513' title='bbox 1440 634 1653 679; x_wconf 85' lang='lat' dir='ltr'>Apostolicas</span> <span class='ocrx_word' id='word_1_514' title='bbox 1672 635 1824 681; x_wconf 81' lang='lat' dir='ltr'>Ansegisi</span> <span class='ocrx_word' id='word_1_515' title='bbox 1845 635 2126 684; x_wconf 82' lang='lat' dir='ltr'>Archi—Episcopi</span> 
     </span>
     <span class='ocr_line' id='line_1_75' title="bbox 1231 683 2303 736; baseline 0.013 -21"><span class='ocrx_word' id='word_1_516' title='bbox 1231 683 1428 721; x_wconf 79' lang='lat' dir='ltr'>Senonenfis</span> <span class='ocrx_word' id='word_1_517' title='bbox 1455 709 1462 717; x_wconf 95' lang='lat'>.</span> <span class='ocrx_word' id='word_1_518' title='bbox 1501 684 1630 722; x_wconf 85' lang='lat' dir='ltr'>Eodem</span> <span class='ocrx_word' id='word_1_519' title='bbox 1652 686 1755 721; x_wconf 86' lang='lat' dir='ltr'>modo</span> <span class='ocrx_word' id='word_1_520' title='bbox 1775 686 1819 724; x_wconf 83' lang='lat' dir='ltr'>ad</span> <span class='ocrx_word' id='word_1_521' title='bbox 1839 687 1952 722; x_wconf 74' lang='lat' dir='ltr'>Sant‘ii</span> <span class='ocrx_word' id='word_1_522' title='bbox 1973 688 2127 734; x_wconf 83' lang='lat' dir='ltr'>Gregorii</span> <span class='ocrx_word' id='word_1_523' title='bbox 2149 686 2232 735; x_wconf 72' lang='lat' dir='ltr'>Epist.</span> <span class='ocrx_word' id='word_1_524' title='bbox 2254 684 2303 736; x_wconf 58' lang='lat'>44}</span> 
     </span>
     <span class='ocr_line' id='line_1_76' title="bbox 1231 732 2230 779; baseline 0.001 -8"><span class='ocrx_word' id='word_1_525' title='bbox 1231 733 1349 777; x_wconf 75' lang='lat' dir='ltr'>jussum</span> <span class='ocrx_word' id='word_1_526' title='bbox 1361 732 1401 767; x_wconf 87' lang='lat' dir='ltr'>ab</span> <span class='ocrx_word' id='word_1_527' title='bbox 1415 734 1580 779; x_wconf 82' lang='lat' dir='ltr'>Episcopo</span> <span class='ocrx_word' id='word_1_528' title='bbox 1592 734 1773 774; x_wconf 83' lang='lat' dir='ltr'>,Arelatensi</span> <span class='ocrx_word' id='word_1_529' title='bbox 1782 736 1953 774; x_wconf 87' lang='lat' dir='ltr'>ordinatus</span> <span class='ocrx_word' id='word_1_530' title='bbox 1974 739 2037 773; x_wconf 86' lang='lat' dir='ltr'>fuit</span> <span class='ocrx_word' id='word_1_531' title='bbox 2048 740 2127 774; x_wconf 87' lang='lat' dir='ltr'>San·</span> <span class='ocrx_word' id='word_1_532' title='bbox 2143 747 2173 772; x_wconf 87' lang='lat' dir='ltr'>c·</span> <span class='ocrx_word' id='word_1_533' title='bbox 2185 749 2230 770; x_wconf 79' lang='lat'>20·</span> 
     </span>
     <span class='ocr_line' id='line_1_77' title="bbox 1232 783 2193 832; baseline 0.009 -16"><span class='ocrx_word' id='word_1_534' title='bbox 1232 786 1301 823; x_wconf 62' lang='lat' dir='ltr'>‚stus</span> <span class='ocrx_word' id='word_1_535' title='bbox 1323 783 1528 829; x_wconf 81' lang='lat' dir='ltr'>Augustinus</span> <span class='ocrx_word' id='word_1_536' title='bbox 1539 783 1729 832; x_wconf 84' lang='lat' dir='ltr'>Anglorum</span> <span class='ocrx_word' id='word_1_537' title='bbox 1742 785 1943 831; x_wconf 83' lang='lat' dir='ltr'>Apostolus,</span> <span class='ocrx_word' id='word_1_538' title='bbox 1969 790 2018 824; x_wconf 88' lang='lat' dir='ltr'>uti</span> <span class='ocrx_word' id='word_1_539' title='bbox 2040 791 2124 825; x_wconf 68' lang='lat' dir='ltr'>reete</span> <span class='ocrx_word' id='word_1_540' title='bbox 2188 819 2193 825; x_wconf 94' lang='lat'><strong><em>.</em></strong></span> 
     </span>
     <span class='ocr_line' id='line_1_78' title="bbox 1234 816 2303 892; baseline 0.007 -25"><span class='ocrx_word' id='word_1_541' title='bbox 1234 844 1327 873; x_wconf 83' lang='lat' dir='ltr'>notat</span> <span class='ocrx_word' id='word_1_542' title='bbox 1348 834 1437 872; x_wconf 82' lang='lat' dir='ltr'>idem</span> <span class='ocrx_word' id='word_1_543' title='bbox 1449 834 1655 874; x_wconf 83' lang='lat' dir='ltr'>Hincmarus</span> <span class='ocrx_word' id='word_1_544' title='bbox 1673 836 1708 871; x_wconf 89' lang='lat' dir='ltr'>in</span> <span class='ocrx_word' id='word_1_545' title='bbox 1720 837 1838 872; x_wconf 87' lang='lat' dir='ltr'>litteris</span> <span class='ocrx_word' id='word_1_546' title='bbox 1847 838 1888 873; x_wconf 89' lang='lat' dir='ltr'>de</span> <span class='ocrx_word' id='word_1_547' title='bbox 1910 839 2124 877; x_wconf 78' lang='lat' dir='ltr'>translatione</span> <span class='ocrx_word' id='word_1_548' title='bbox 2141 816 2229 892; x_wconf 42' lang='grc' dir='ltr'>ἔρξω</span> <span class='ocrx_word' id='word_1_549' title='bbox 2254 827 2303 857; x_wconf 75' lang='lat'>⁴5⁸</span> 
     </span>
     <span class='ocr_line' id='line_1_79' title="bbox 1236 878 2206 932; baseline 0.005 -13"><span class='ocrx_word' id='word_1_550' title='bbox 1236 885 1474 932; x_wconf 87' lang='lat' dir='ltr'>Episcoporum</span> <span class='ocrx_word' id='word_1_551' title='bbox 1485 885 1635 925; x_wconf 77' lang='lat' dir='ltr'>adversus</span> <span class='ocrx_word' id='word_1_552' title='bbox 1649 885 1840 922; x_wconf 71' lang='lat' dir='ltr'>Arctardum</span> <span class='ocrx_word' id='word_1_553' title='bbox 1851 888 2101 927; x_wconf 83' lang='lat' dir='ltr'>Nannetensem</span> <span class='ocrx_word' id='word_1_554' title='bbox 2112 914 2120 924; x_wconf 89' lang='lat'>.</span> <span class='ocrx_word' id='word_1_555' title='bbox 2160 879 2167 889; x_wconf 66' lang='grc'><strong>’</strong></span> <span class='ocrx_word' id='word_1_556' title='bbox 2198 878 2206 886; x_wconf 60' lang='lat'>⁸</span> 
     </span>
     <span class='ocr_line' id='line_1_80' title="bbox 1233 934 2125 985; baseline 0.008 -16"><span class='ocrx_word' id='word_1_557' title='bbox 1233 935 1315 973; x_wconf 86' lang='lat' dir='ltr'>Item</span> <span class='ocrx_word' id='word_1_558' title='bbox 1341 934 1427 984; x_wconf 88' lang='lat' dir='ltr'>apud</span> <span class='ocrx_word' id='word_1_559' title='bbox 1448 936 1617 980; x_wconf 89' lang='lat' dir='ltr'>Hispanos</span> <span class='ocrx_word' id='word_1_560' title='bbox 1641 936 1974 982; x_wconf 75' lang='lat' dir='ltr'>EgilaaWalchario</span> <span class='ocrx_word' id='word_1_561' title='bbox 1995 940 2125 985; x_wconf 87' lang='lat' dir='ltr'>Legato</span> 
     </span>
     <span class='ocr_line' id='line_1_81' title="bbox 1233 985 2124 1035; baseline 0.008 -16"><span class='ocrx_word' id='word_1_562' title='bbox 1233 985 1373 1024; x_wconf 80' lang='lat' dir='ltr'>Adriani</span> <span class='ocrx_word' id='word_1_563' title='bbox 1395 987 1514 1031; x_wconf 69' lang='lat' dir='ltr'>primi,</span> <span class='ocrx_word' id='word_1_564' title='bbox 1538 986 1616 1025; x_wconf 84' lang='lat' dir='ltr'>Nec</span> <span class='ocrx_word' id='word_1_565' title='bbox 1638 986 1757 1025; x_wconf 82' lang='lat' dir='ltr'>desunt</span> <span class='ocrx_word' id='word_1_566' title='bbox 1780 987 1845 1025; x_wconf 87' lang='lat' dir='ltr'>alia</span> <span class='ocrx_word' id='word_1_567' title='bbox 1854 989 2025 1034; x_wconf 83' lang='lat' dir='ltr'>exempla,</span> <span class='ocrx_word' id='word_1_568' title='bbox 2052 1002 2124 1035; x_wconf 87' lang='lat' dir='ltr'>quae</span> 
     </span>
     <span class='ocr_line' id='line_1_82' title="bbox 1232 1036 2125 1079; baseline 0.008 -8"><span class='ocrx_word' id='word_1_569' title='bbox 1232 1037 1382 1073; x_wconf 81' lang='lat' dir='ltr'>evincere</span> <span class='ocrx_word' id='word_1_570' title='bbox 1407 1036 1561 1071; x_wconf 84' lang='lat' dir='ltr'>videntur</span> <span class='ocrx_word' id='word_1_571' title='bbox 1585 1036 1833 1075; x_wconf 86' lang='lat' dir='ltr'>ordinationem</span> <span class='ocrx_word' id='word_1_572' title='bbox 1860 1038 2047 1079; x_wconf 83' lang='lat' dir='ltr'>absolutam</span> <span class='ocrx_word' id='word_1_573' title='bbox 2071 1052 2125 1078; x_wconf 84' lang='lat' dir='ltr'>ne·</span> 
     </span>
     <span class='ocr_line' id='line_1_83' title="bbox 1233 1085 1939 1132; baseline 0.003 -12"><span class='ocrx_word' id='word_1_574' title='bbox 1233 1086 1394 1132; x_wconf 70' lang='lat' dir='ltr'>quaquam</span> <span class='ocrx_word' id='word_1_575' title='bbox 1405 1085 1564 1124; x_wconf 74' lang='lat' dir='ltr'>adversari</span> <span class='ocrx_word' id='word_1_576' title='bbox 1575 1087 1710 1126; x_wconf 77' lang='lat' dir='ltr'>Canoni</span> <span class='ocrx_word' id='word_1_577' title='bbox 1721 1086 1919 1132; x_wconf 80' lang='lat' dir='ltr'>Apostolico</span> <span class='ocrx_word' id='word_1_578' title='bbox 1932 1114 1939 1122; x_wconf 93' lang='lat'><em>.</em></span> 
     </span>
    </p>

    <p class='ocr_par' dir='ltr' id='par_1_13' title="bbox 1215 1135 2299 3484">
     <span class='ocr_line' id='line_1_84' title="bbox 1282 1135 2126 1188; baseline 0.008 -18"><span class='ocrx_word' id='word_1_579' title='bbox 1282 1135 1483 1181; x_wconf 84' lang='lat' dir='ltr'>Respondeo</span> <span class='ocrx_word' id='word_1_580' title='bbox 1503 1136 1595 1177; x_wconf 81' lang='lat' dir='ltr'>aliud</span> <span class='ocrx_word' id='word_1_581' title='bbox 1612 1138 1835 1177; x_wconf 79' lang='lat' dir='ltr'>esseordinari</span> <span class='ocrx_word' id='word_1_582' title='bbox 1847 1140 2050 1188; x_wconf 83' lang='lat' dir='ltr'>Episcopum</span> <span class='ocrx_word' id='word_1_583' title='bbox 2060 1142 2126 1177; x_wconf 84' lang='lat' dir='ltr'>sine</span> 
     </span>
     <span class='ocr_line' id='line_1_85' title="bbox 1232 1186 2126 1230; baseline 0.007 -10"><span class='ocrx_word' id='word_1_584' title='bbox 1232 1186 1402 1223; x_wconf 88' lang='lat' dir='ltr'>Cardinali</span> <span class='ocrx_word' id='word_1_585' title='bbox 1416 1187 1490 1222; x_wconf 89' lang='lat' dir='ltr'>sede</span> <span class='ocrx_word' id='word_1_586' title='bbox 1501 1213 1513 1230; x_wconf 89' lang='lat'>,</span> <span class='ocrx_word' id='word_1_587' title='bbox 1535 1188 1626 1226; x_wconf 77' lang='lat' dir='ltr'>aliud</span> <span class='ocrx_word' id='word_1_588' title='bbox 1638 1189 1703 1224; x_wconf 89' lang='lat' dir='ltr'>sine</span> <span class='ocrx_word' id='word_1_589' title='bbox 1717 1187 1886 1227; x_wconf 82' lang='lat' dir='ltr'>Cardinali</span> <span class='ocrx_word' id='word_1_590' title='bbox 1898 1191 2019 1229; x_wconf 86' lang='lat' dir='ltr'>titulo:</span> <span class='ocrx_word' id='word_1_591' title='bbox 2046 1190 2126 1226; x_wconf 88' lang='lat' dir='ltr'>Sine</span> 
     </span>
     <span class='ocr_line' id='line_1_86' title="bbox 1232 1236 2127 1293; baseline 0.004 -22"><span class='ocrx_word' id='word_1_592' title='bbox 1232 1237 1286 1272; x_wconf 90' lang='lat' dir='ltr'>illa</span> <span class='ocrx_word' id='word_1_593' title='bbox 1299 1261 1310 1278; x_wconf 91' lang='lat'>,</span> <span class='ocrx_word' id='word_1_594' title='bbox 1338 1249 1408 1273; x_wconf 90' lang='lat' dir='ltr'>non</span> <span class='ocrx_word' id='word_1_595' title='bbox 1427 1238 1496 1275; x_wconf 84' lang='lat' dir='ltr'>fine</span> <span class='ocrx_word' id='word_1_596' title='bbox 1517 1238 1583 1276; x_wconf 88' lang='lat' dir='ltr'>hoc</span> <span class='ocrx_word' id='word_1_597' title='bbox 1593 1239 1657 1274; x_wconf 87' lang='lat' dir='ltr'>fuit</span> <span class='ocrx_word' id='word_1_598' title='bbox 1669 1237 1851 1283; x_wconf 87' lang='lat' dir='ltr'>Apostolus</span> <span class='ocrx_word' id='word_1_599' title='bbox 1861 1236 1985 1293; x_wconf 64' lang='lat' dir='ltr'>Paulus</span> <span class='ocrx_word' id='word_1_600' title='bbox 1996 1241 2127 1277; x_wconf 86' lang='lat' dir='ltr'>ordina-</span> 
     </span>
     <span class='ocr_line' id='line_1_87' title="bbox 1231 1287 2127 1335; baseline 0.003 -13"><span class='ocrx_word' id='word_1_601' title='bbox 1231 1298 1282 1322; x_wconf 88' lang='lat' dir='ltr'>tus</span> <span class='ocrx_word' id='word_1_602' title='bbox 1296 1312 1304 1320; x_wconf 82' lang='grc'><strong>.</strong></span> <span class='ocrx_word' id='word_1_603' title='bbox 1330 1288 1512 1326; x_wconf 86' lang='lat' dir='ltr'>Ordinatus</span> <span class='ocrx_word' id='word_1_604' title='bbox 1530 1289 1596 1324; x_wconf 91' lang='lat' dir='ltr'>fuit</span> <span class='ocrx_word' id='word_1_605' title='bbox 1615 1287 1657 1324; x_wconf 87' lang='lat' dir='ltr'>ad</span> <span class='ocrx_word' id='word_1_606' title='bbox 1672 1290 1861 1331; x_wconf 74' lang='lat' dir='ltr'>mistionem</span> <span class='ocrx_word' id='word_1_607' title='bbox 1885 1292 1940 1326; x_wconf 84' lang='lat' dir='ltr'>seu</span> <span class='ocrx_word' id='word_1_608' title='bbox 1951 1291 2127 1335; x_wconf 83' lang='lat' dir='ltr'>Apostola-</span> 
     </span>
     <span class='ocr_line' id='line_1_88' title="bbox 1232 1339 2125 1387; baseline 0.006 -15"><span class='ocrx_word' id='word_1_609' title='bbox 1232 1348 1303 1373; x_wconf 88' lang='lat' dir='ltr'>turn</span> <span class='ocrx_word' id='word_1_610' title='bbox 1315 1339 1466 1383; x_wconf 83' lang='lat' dir='ltr'>gentium</span> <span class='ocrx_word' id='word_1_611' title='bbox 1478 1364 1485 1372; x_wconf 92' lang='lat'><em>.</em></span> <span class='ocrx_word' id='word_1_612' title='bbox 1513 1339 1640 1379; x_wconf 79' lang='lat' dir='ltr'>Eadem</span> <span class='ocrx_word' id='word_1_613' title='bbox 1651 1340 1696 1374; x_wconf 90' lang='lat' dir='ltr'>est</span> <span class='ocrx_word' id='word_1_614' title='bbox 1709 1341 1793 1374; x_wconf 88' lang='lat' dir='ltr'>ratio</span> <span class='ocrx_word' id='word_1_615' title='bbox 1806 1342 2035 1387; x_wconf 87' lang='lat' dir='ltr'>plerorumque</span> <span class='ocrx_word' id='word_1_616' title='bbox 2045 1341 2125 1377; x_wconf 89' lang='lat' dir='ltr'>alio-</span> 
     </span>
     <span class='ocr_line' id='line_1_89' title="bbox 1231 1388 2124 1438; baseline 0.003 -16"><span class='ocrx_word' id='word_1_617' title='bbox 1231 1399 1303 1422; x_wconf 87' lang='lat' dir='ltr'>rum</span> <span class='ocrx_word' id='word_1_618' title='bbox 1325 1388 1565 1434; x_wconf 76' lang='lat' dir='ltr'>Apostolorum</span> <span class='ocrx_word' id='word_1_619' title='bbox 1586 1413 1598 1430; x_wconf 86' lang='lat'>,</span> <span class='ocrx_word' id='word_1_620' title='bbox 1636 1390 1746 1429; x_wconf 61' lang='lat' dir='ltr'>,Sancti</span> <span class='ocrx_word' id='word_1_621' title='bbox 1770 1391 1989 1438; x_wconf 71' lang='lat' dir='ltr'>Augustini,</span> <span class='ocrx_word' id='word_1_622' title='bbox 2014 1393 2124 1427; x_wconf 70' lang='lat' dir='ltr'>Sancti</span> 
     </span>
     <span class='ocr_line' id='line_1_90' title="bbox 1232 1439 2126 1486; baseline 0.004 -14"><span class='ocrx_word' id='word_1_623' title='bbox 1232 1439 1418 1482; x_wconf 85' lang='lat' dir='ltr'>Bonifacii,</span> <span class='ocrx_word' id='word_1_624' title='bbox 1444 1452 1483 1475; x_wconf 89' lang='lat' dir='ltr'>ac</span> <span class='ocrx_word' id='word_1_625' title='bbox 1504 1440 1633 1486; x_wconf 84' lang='lat' dir='ltr'>Egilae,</span> <span class='ocrx_word' id='word_1_626' title='bbox 1654 1452 1757 1484; x_wconf 83' lang='lat' dir='ltr'>quem</span> <span class='ocrx_word' id='word_1_627' title='bbox 1772 1441 1812 1478; x_wconf 86' lang='lat' dir='ltr'>ad</span> <span class='ocrx_word' id='word_1_628' title='bbox 1824 1442 2014 1478; x_wconf 80' lang='lat' dir='ltr'>mistionem</span> <span class='ocrx_word' id='word_1_629' title='bbox 2030 1441 2126 1476; x_wconf 78' lang='lat' dir='ltr'>fuisse</span> 
     </span>
     <span class='ocr_line' id='line_1_91' title="bbox 1230 1487 2126 1534; baseline 0.004 -11"><span class='ocrx_word' id='word_1_630' title='bbox 1230 1487 1417 1525; x_wconf 87' lang='lat' dir='ltr'>ordinatum</span> <span class='ocrx_word' id='word_1_631' title='bbox 1441 1489 1559 1525; x_wconf 71' lang='lat' dir='ltr'>diserte</span> <span class='ocrx_word' id='word_1_632' title='bbox 1579 1489 1665 1534; x_wconf 86' lang='lat' dir='ltr'>apud</span> <span class='ocrx_word' id='word_1_633' title='bbox 1684 1492 1894 1529; x_wconf 87' lang='lat' dir='ltr'>Franciscum</span> <span class='ocrx_word' id='word_1_634' title='bbox 1914 1492 1963 1528; x_wconf 76' lang='lat' dir='ltr'>du</span> <span class='ocrx_word' id='word_1_635' title='bbox 1976 1524 1979 1526; x_wconf 87' lang='lat'>.</span> <span class='ocrx_word' id='word_1_636' title='bbox 1993 1489 2126 1527; x_wconf 82' lang='lat' dir='ltr'>Chesne</span> 
     </span>
     <span class='ocr_line' id='line_1_92' title="bbox 1231 1538 2299 1585; baseline 0.002 -11"><span class='ocrx_word' id='word_1_637' title='bbox 1231 1540 1341 1575; x_wconf 90' lang='lat' dir='ltr'>scribit</span> <span class='ocrx_word' id='word_1_638' title='bbox 1362 1539 1529 1575; x_wconf 85' lang='lat' dir='ltr'>Adrianus</span> <span class='ocrx_word' id='word_1_639' title='bbox 1551 1541 1693 1585; x_wconf 88' lang='lat' dir='ltr'>primus.</span> <span class='ocrx_word' id='word_1_640' title='bbox 1724 1542 1768 1575; x_wconf 88' lang='lat' dir='ltr'>Et</span> <span class='ocrx_word' id='word_1_641' title='bbox 1789 1542 2020 1578; x_wconf 88' lang='lat' dir='ltr'>Hibernorum</span> <span class='ocrx_word' id='word_1_642' title='bbox 2040 1541 2125 1578; x_wconf 87' lang='lat' dir='ltr'>olim</span> <span class='ocrx_word' id='word_1_643' title='bbox 2146 1538 2232 1573; x_wconf 63' lang='lat' dir='ltr'>Epist.</span> <span class='ocrx_word' id='word_1_644' title='bbox 2252 1550 2299 1576; x_wconf 82' lang='lat'>⁹⁷·</span> 
     </span>
     <span class='ocr_line' id='line_1_93' title="bbox 1231 1585 2191 1635; baseline 0.003 -12"><span class='ocrx_word' id='word_1_645' title='bbox 1231 1590 1385 1635; x_wconf 88' lang='lat' dir='ltr'>Episcopi</span> <span class='ocrx_word' id='word_1_646' title='bbox 1408 1600 1501 1626; x_wconf 89' lang='lat' dir='ltr'>erant</span> <span class='ocrx_word' id='word_1_647' title='bbox 1521 1590 1679 1627; x_wconf 85' lang='lat' dir='ltr'>monachi</span> <span class='ocrx_word' id='word_1_648' title='bbox 1700 1592 1735 1626; x_wconf 92' lang='lat' dir='ltr'>in</span> <span class='ocrx_word' id='word_1_649' title='bbox 1759 1591 1920 1631; x_wconf 87' lang='lat' dir='ltr'>claustro,</span> <span class='ocrx_word' id='word_1_650' title='bbox 1945 1590 1986 1629; x_wconf 84' lang='lat' dir='ltr'>ad</span> <span class='ocrx_word' id='word_1_651' title='bbox 1999 1592 2126 1629; x_wconf 86' lang='lat' dir='ltr'>nullam</span> <span class='ocrx_word' id='word_1_652' title='bbox 2145 1585 2191 1618; x_wconf 82' lang='lat'>9⁶·</span> 
     </span>
     <span class='ocr_line' id='line_1_94' title="bbox 1230 1639 2127 1686; baseline 0.004 -12"><span class='ocrx_word' id='word_1_653' title='bbox 1230 1641 1397 1677; x_wconf 85' lang='lat' dir='ltr'>civitatem</span> <span class='ocrx_word' id='word_1_654' title='bbox 1419 1641 1590 1682; x_wconf 87' lang='lat' dir='ltr'>ordinati,</span> <span class='ocrx_word' id='word_1_655' title='bbox 1616 1639 1672 1675; x_wconf 87' lang='lat' dir='ltr'>sed</span> <span class='ocrx_word' id='word_1_656' title='bbox 1683 1640 1725 1675; x_wconf 89' lang='lat' dir='ltr'>ad</span> <span class='ocrx_word' id='word_1_657' title='bbox 1744 1643 1847 1675; x_wconf 86' lang='lat' dir='ltr'>solam</span> <span class='ocrx_word' id='word_1_658' title='bbox 1859 1641 2127 1686; x_wconf 77' lang='lat' dir='ltr'>miffionemjux-</span> 
     </span>
     <span class='ocr_line' id='line_1_95' title="bbox 1231 1689 2126 1728; baseline 0.003 -4"><span class='ocrx_word' id='word_1_659' title='bbox 1231 1701 1262 1724; x_wconf 88' lang='lat' dir='ltr'>ta</span> <span class='ocrx_word' id='word_1_660' title='bbox 1286 1701 1406 1727; x_wconf 86' lang='lat' dir='ltr'>nutum</span> <span class='ocrx_word' id='word_1_661' title='bbox 1429 1689 1574 1727; x_wconf 86' lang='lat' dir='ltr'>Abbatis</span> <span class='ocrx_word' id='word_1_662' title='bbox 1594 1717 1602 1724; x_wconf 93' lang='lat'>.</span> <span class='ocrx_word' id='word_1_663' title='bbox 1629 1691 1825 1725; x_wconf 89' lang='lat' dir='ltr'>Etiamnum</span> <span class='ocrx_word' id='word_1_664' title='bbox 1847 1690 2126 1728; x_wconf 77' lang='lat' dir='ltr'>hodieRomana</span> 
     </span>
     <span class='ocr_line' id='line_1_96' title="bbox 1231 1740 2126 1786; baseline 0.002 -12"><span class='ocrx_word' id='word_1_665' title='bbox 1231 1740 1374 1777; x_wconf 85' lang='lat' dir='ltr'>Ecclesia</span> <span class='ocrx_word' id='word_1_666' title='bbox 1398 1741 1579 1786; x_wconf 86' lang='lat' dir='ltr'>Episcopos</span> <span class='ocrx_word' id='word_1_667' title='bbox 1598 1742 1632 1778; x_wconf 75' lang='grc' dir='ltr'>δε</span> <span class='ocrx_word' id='word_1_668' title='bbox 1653 1741 1800 1777; x_wconf 83' lang='lat' dir='ltr'>Clericos</span> <span class='ocrx_word' id='word_1_669' title='bbox 1820 1741 1865 1775; x_wconf 73' lang='lat' dir='ltr'>ita</span> <span class='ocrx_word' id='word_1_670' title='bbox 1876 1740 2006 1778; x_wconf 87' lang='lat' dir='ltr'>ordinat</span> <span class='ocrx_word' id='word_1_671' title='bbox 2019 1755 2030 1775; x_wconf 89' lang='lat'><em>:</em></span> <span class='ocrx_word' id='word_1_672' title='bbox 2056 1742 2126 1786; x_wconf 89' lang='lat' dir='ltr'>Spi-</span> 
     </span>
     <span class='ocr_line' id='line_1_97' title="bbox 1230 1791 2125 1839; baseline 0.001 -14"><span class='ocrx_word' id='word_1_673' title='bbox 1230 1792 1310 1825; x_wconf 87' lang='lat' dir='ltr'>ritus</span> <span class='ocrx_word' id='word_1_674' title='bbox 1334 1792 1460 1827; x_wconf 70' lang='lat' dir='ltr'>sanstus</span> <span class='ocrx_word' id='word_1_675' title='bbox 1480 1791 1643 1836; x_wconf 86' lang='lat' dir='ltr'>impartita</span> <span class='ocrx_word' id='word_1_676' title='bbox 1655 1792 1878 1828; x_wconf 79' lang='lat' dir='ltr'>conversionis</span> <span class='ocrx_word' id='word_1_677' title='bbox 1886 1791 1992 1839; x_wconf 86' lang='lat' dir='ltr'>gratia</span> <span class='ocrx_word' id='word_1_678' title='bbox 2004 1791 2125 1832; x_wconf 79' lang='lat' dir='ltr'>docet.</span> 
     </span>
     <span class='ocr_line' id='line_1_98' title="bbox 1231 1839 2123 1888; baseline 0 -13"><span class='ocrx_word' id='word_1_679' title='bbox 1231 1842 1265 1875; x_wconf 91' lang='lat' dir='ltr'>in</span> <span class='ocrx_word' id='word_1_680' title='bbox 1286 1851 1383 1886; x_wconf 87' lang='lat' dir='ltr'>quam</span> <span class='ocrx_word' id='word_1_681' title='bbox 1406 1841 1576 1878; x_wconf 87' lang='lat' dir='ltr'>civitatem</span> <span class='ocrx_word' id='word_1_682' title='bbox 1603 1839 1814 1884; x_wconf 73' lang='lat' dir='ltr'>postmodum</span> <span class='ocrx_word' id='word_1_683' title='bbox 1825 1851 1975 1888; x_wconf 86' lang='lat' dir='ltr'>oporteat</span> <span class='ocrx_word' id='word_1_684' title='bbox 1985 1841 2062 1876; x_wconf 87' lang='lat' dir='ltr'>illos</span> <span class='ocrx_word' id='word_1_685' title='bbox 2075 1843 2123 1875; x_wconf 88' lang='lat' dir='ltr'>in-</span> 
     </span>
     <span class='ocr_line' id='line_1_99' title="bbox 1228 1888 2125 1936; baseline 0.001 -11"><span class='ocrx_word' id='word_1_686' title='bbox 1228 1890 1407 1927; x_wconf 84' lang='lat' dir='ltr'>cardinari.</span> <span class='ocrx_word' id='word_1_687' title='bbox 1435 1888 1541 1925; x_wconf 73' lang='lat' dir='ltr'>Porro</span> <span class='ocrx_word' id='word_1_688' title='bbox 1553 1890 1674 1932; x_wconf 91' lang='lat' dir='ltr'>Barsis,</span> <span class='ocrx_word' id='word_1_689' title='bbox 1699 1890 1862 1936; x_wconf 87' lang='lat' dir='ltr'>Eulogii,</span> <span class='ocrx_word' id='word_1_690' title='bbox 1888 1891 2125 1931; x_wconf 86' lang='lat' dir='ltr'>Lazari,Hie·</span> 
     </span>
     <span class='ocr_line' id='line_1_100' title="bbox 1229 1940 2124 1984; baseline 0.001 -9"><span class='ocrx_word' id='word_1_691' title='bbox 1229 1942 1362 1984; x_wconf 82' lang='lat' dir='ltr'>ronymi</span> <span class='ocrx_word' id='word_1_692' title='bbox 1375 1966 1387 1982; x_wconf 92' lang='lat'>‚</span> <span class='ocrx_word' id='word_1_693' title='bbox 1414 1940 1546 1976; x_wconf 86' lang='lat' dir='ltr'>Paulini</span> <span class='ocrx_word' id='word_1_694' title='bbox 1569 1965 1580 1984; x_wconf 86' lang='lat'>,</span> <span class='ocrx_word' id='word_1_695' title='bbox 1601 1951 1639 1975; x_wconf 88' lang='lat' dir='ltr'>ac</span> <span class='ocrx_word' id='word_1_696' title='bbox 1660 1941 1855 1978; x_wconf 85' lang='lat' dir='ltr'>Macedonii</span> <span class='ocrx_word' id='word_1_697' title='bbox 1879 1940 2047 1978; x_wconf 86' lang='lat' dir='ltr'>ordinatio</span> <span class='ocrx_word' id='word_1_698' title='bbox 2068 1940 2124 1976; x_wconf 90' lang='lat' dir='ltr'>de-</span> 
     </span>
     <span class='ocr_line' id='line_1_101' title="bbox 1229 1991 2124 2038; baseline 0 -13"><span class='ocrx_word' id='word_1_699' title='bbox 1229 1993 1357 2026; x_wconf 87' lang='lat' dir='ltr'>viarunt</span> <span class='ocrx_word' id='word_1_700' title='bbox 1378 1991 1397 2025; x_wconf 73' lang='lat' dir='ltr'>a</span> <span class='ocrx_word' id='word_1_701' title='bbox 1419 1992 1532 2037; x_wconf 88' lang='lat' dir='ltr'>regula</span> <span class='ocrx_word' id='word_1_702' title='bbox 1557 2002 1613 2038; x_wconf 84' lang='lat' dir='ltr'>per</span> <span class='ocrx_word' id='word_1_703' title='bbox 1623 1993 1779 2035; x_wconf 88' lang='lat' dir='ltr'>temporis</span> <span class='ocrx_word' id='word_1_704' title='bbox 1790 1991 1927 2034; x_wconf 84' lang='lat' dir='ltr'>abusum</span> <span class='ocrx_word' id='word_1_705' title='bbox 1940 2016 1951 2033; x_wconf 88' lang='lat'>,</span> <span class='ocrx_word' id='word_1_706' title='bbox 1976 1991 2069 2036; x_wconf 82' lang='lat' dir='ltr'>cujus</span> <span class='ocrx_word' id='word_1_707' title='bbox 2079 1991 2124 2026; x_wconf 60' lang='lat' dir='ltr'>es:-</span> 
     </span>
     <span class='ocr_line' id='line_1_102' title="bbox 1228 2040 2123 2087; baseline -0.001 -11"><span class='ocrx_word' id='word_1_708' title='bbox 1228 2043 1357 2078; x_wconf 83' lang='lat' dir='ltr'>fraenem</span> <span class='ocrx_word' id='word_1_709' title='bbox 1367 2042 1601 2087; x_wconf 73' lang='lat' dir='ltr'>grassationem</span> <span class='ocrx_word' id='word_1_710' title='bbox 1611 2040 1764 2078; x_wconf 85' lang='lat' dir='ltr'>cohibuit</span> <span class='ocrx_word' id='word_1_711' title='bbox 1783 2042 1917 2077; x_wconf 82' lang='lat' dir='ltr'>tandem</span> <span class='ocrx_word' id='word_1_712' title='bbox 1929 2041 2051 2077; x_wconf 87' lang='lat' dir='ltr'>Canon</span> <span class='ocrx_word' id='word_1_713' title='bbox 2064 2053 2123 2075; x_wconf 85' lang='lat' dir='ltr'>no-</span> 
     </span>
     <span class='ocr_line' id='line_1_103' title="bbox 1228 2089 2123 2137; baseline -0.001 -11"><span class='ocrx_word' id='word_1_714' title='bbox 1228 2092 1311 2133; x_wconf 87' lang='lat' dir='ltr'>ster,</span> <span class='ocrx_word' id='word_1_715' title='bbox 1336 2102 1436 2136; x_wconf 86' lang='lat' dir='ltr'>quem</span> <span class='ocrx_word' id='word_1_716' title='bbox 1462 2091 1603 2128; x_wconf 81' lang='lat' dir='ltr'>Carolus</span> <span class='ocrx_word' id='word_1_717' title='bbox 1621 2103 1783 2137; x_wconf 86' lang='lat' dir='ltr'>magnus,</span> <span class='ocrx_word' id='word_1_718' title='bbox 1809 2091 1933 2134; x_wconf 84' lang='lat' dir='ltr'>lapsam</span> <span class='ocrx_word' id='word_1_719' title='bbox 1953 2089 2041 2134; x_wconf 85' lang='lat' dir='ltr'>apud</span> <span class='ocrx_word' id='word_1_720' title='bbox 2061 2101 2123 2125; x_wconf 87' lang='lat' dir='ltr'>nos</span> 
     </span>
     <span class='ocr_line' id='line_1_104' title="bbox 1228 2139 2123 2186; baseline -0.004 -8"><span class='ocrx_word' id='word_1_721' title='bbox 1228 2139 1514 2178; x_wconf 74' lang='lat' dir='ltr'>christianitatem</span> <span class='ocrx_word' id='word_1_722' title='bbox 1536 2151 1709 2184; x_wconf 86' lang='lat' dir='ltr'>reparans,</span> <span class='ocrx_word' id='word_1_723' title='bbox 1735 2141 1923 2176; x_wconf 86' lang='lat' dir='ltr'>restituitin</span> <span class='ocrx_word' id='word_1_724' title='bbox 1938 2140 2123 2186; x_wconf 89' lang='lat' dir='ltr'>Capitulari</span> 
     </span>
     <span class='ocr_line' id='line_1_105' title="bbox 1230 2188 2120 2237; baseline -0.002 -12"><span class='ocrx_word' id='word_1_725' title='bbox 1230 2191 1485 2236; x_wconf 79' lang='lat' dir='ltr'>Aquisgranensr</span> <span class='ocrx_word' id='word_1_726' title='bbox 1499 2203 1506 2223; x_wconf 93' lang='lat'><strong>:</strong></span> <span class='ocrx_word' id='word_1_727' title='bbox 1534 2195 1573 2228; x_wconf 81' lang='lat' dir='ltr'>Ut</span> <span class='ocrx_word' id='word_1_728' title='bbox 1584 2191 1684 2225; x_wconf 87' lang='lat' dir='ltr'>nullus</span> <span class='ocrx_word' id='word_1_729' title='bbox 1696 2189 1828 2234; x_wconf 72' lang='lat' dir='ltr'>absblute&#39;</span> <span class='ocrx_word' id='word_1_730' title='bbox 1838 2191 1994 2237; x_wconf 53' lang='lat' dir='ltr'>ordinetffr</span> <span class='ocrx_word' id='word_1_731' title='bbox 2007 2213 2019 2232; x_wconf 89' lang='lat'>‚</span> <span class='ocrx_word' id='word_1_732' title='bbox 2043 2188 2120 2231; x_wconf 69' lang='lat' dir='ltr'>&amp;fi-</span> 
     </span>
     <span class='ocr_line' id='line_1_106' title="bbox 1228 2226 2226 2286; baseline 0.001 -12"><span class='ocrx_word' id='word_1_733' title='bbox 1228 2253 1263 2278; x_wconf 77' lang='lat' dir='ltr'>ne</span> <span class='ocrx_word' id='word_1_734' title='bbox 1283 2246 1541 2286; x_wconf 80' lang='lat' dir='ltr'>pronuntlatione‚</span> <span class='ocrx_word' id='word_1_735' title='bbox 1571 2242 1606 2274; x_wconf 70' lang='lat'>1&amp;</span> <span class='ocrx_word' id='word_1_736' title='bbox 1610 2239 1776 2280; x_wconf 75' lang='lat' dir='ltr'>stabilitate</span> <span class='ocrx_word' id='word_1_737' title='bbox 1784 2242 1859 2282; x_wconf 66' lang='lat' dir='ltr'><em>loct,</em></span> <span class='ocrx_word' id='word_1_738' title='bbox 1885 2240 1932 2274; x_wconf 74' lang='lat' dir='ltr'>ad</span> <span class='ocrx_word' id='word_1_739' title='bbox 1938 2250 2025 2284; x_wconf 86' lang='lat' dir='ltr'>quem</span> <span class='ocrx_word' id='word_1_740' title='bbox 2041 2241 2122 2275; x_wconf 77' lang='lat' dir='ltr'>ordl—</span> <span class='ocrx_word' id='word_1_741' title='bbox 2138 2226 2226 2264; x_wconf 67' lang='lat'>0²5·</span> 
     </span>
     <span class='ocr_line' id='line_1_107' title="bbox 1227 2288 2121 2333; baseline -0.006 -6"><span class='ocrx_word' id='word_1_742' title='bbox 1227 2301 1338 2327; x_wconf 87' lang='lat' dir='ltr'>natur.</span> <span class='ocrx_word' id='word_1_743' title='bbox 1366 2291 1411 2325; x_wconf 88' lang='lat' dir='ltr'>Et</span> <span class='ocrx_word' id='word_1_744' title='bbox 1423 2290 1575 2333; x_wconf 84' lang='lat' dir='ltr'>synodus</span> <span class='ocrx_word' id='word_1_745' title='bbox 1596 2288 1914 2327; x_wconf 81' lang='lat' dir='ltr'>Francofordienfis:</span> <span class='ocrx_word' id='word_1_746' title='bbox 1942 2294 1982 2323; x_wconf 80' lang='lat' dir='ltr'>Ut</span> <span class='ocrx_word' id='word_1_747' title='bbox 2002 2301 2060 2323; x_wconf 85' lang='lat' dir='ltr'>non</span> <span class='ocrx_word' id='word_1_748' title='bbox 2069 2289 2121 2322; x_wconf 85' lang='lat' dir='ltr'>ab·</span> 
     </span>
     <span class='ocr_line' id='line_1_108' title="bbox 1222 2338 2232 2388; baseline 0.001 -14"><span class='ocrx_word' id='word_1_749' title='bbox 1222 2340 1318 2386; x_wconf 68' lang='lat' dir='ltr'>solute</span> <span class='ocrx_word' id='word_1_750' title='bbox 1345 2341 1519 2378; x_wconf 73' lang='lat' dir='ltr'>ordlnentur</span> <span class='ocrx_word' id='word_1_751' title='bbox 1538 2365 1546 2374; x_wconf 81' lang='grc'><em>.</em></span> <span class='ocrx_word' id='word_1_752' title='bbox 1573 2339 1678 2388; x_wconf 81' lang='lat' dir='ltr'>Qod</span> <span class='ocrx_word' id='word_1_753' title='bbox 1699 2340 1806 2384; x_wconf 84' lang='lat' dir='ltr'>ipsum</span> <span class='ocrx_word' id='word_1_754' title='bbox 1827 2339 1942 2375; x_wconf 85' lang='lat' dir='ltr'>statuit</span> <span class='ocrx_word' id='word_1_755' title='bbox 1965 2338 2121 2383; x_wconf 83' lang='lat' dir='ltr'>synodus</span> <span class='ocrx_word' id='word_1_756' title='bbox 2139 2341 2232 2372; x_wconf 73' lang='lat'><em>028-</em></span> 
     </span>
     <span class='ocr_line' id='line_1_109' title="bbox 1227 2388 2121 2434; baseline -0.001 -9"><span class='ocrx_word' id='word_1_757' title='bbox 1227 2388 1418 2428; x_wconf 86' lang='lat' dir='ltr'>Meldensis.</span> <span class='ocrx_word' id='word_1_758' title='bbox 1445 2390 1490 2426; x_wconf 86' lang='lat' dir='ltr'>Et</span> <span class='ocrx_word' id='word_1_759' title='bbox 1513 2390 1717 2426; x_wconf 86' lang='lat' dir='ltr'>Hincrnarus</span> <span class='ocrx_word' id='word_1_760' title='bbox 1739 2388 1969 2425; x_wconf 87' lang='lat' dir='ltr'>Laudunensis</span> <span class='ocrx_word' id='word_1_761' title='bbox 1987 2390 2121 2434; x_wconf 87' lang='lat' dir='ltr'>Episco-</span> 
     </span>
     <span class='ocr_line' id='line_1_110' title="bbox 1229 2419 2231 2485; baseline 0.001 -12"><span class='ocrx_word' id='word_1_762' title='bbox 1229 2451 1286 2485; x_wconf 85' lang='lat' dir='ltr'>pus</span> <span class='ocrx_word' id='word_1_763' title='bbox 1310 2440 1496 2475; x_wconf 87' lang='lat' dir='ltr'>Hincmaro</span> <span class='ocrx_word' id='word_1_764' title='bbox 1516 2439 1745 2483; x_wconf 72' lang='lat' dir='ltr'>Metropolitae</span> <span class='ocrx_word' id='word_1_765' title='bbox 1768 2439 1945 2480; x_wconf 80' lang='lat' dir='ltr'>Remenfi,</span> <span class='ocrx_word' id='word_1_766' title='bbox 1970 2439 1988 2473; x_wconf 67' lang='lat' dir='ltr'>a</span> <span class='ocrx_word' id='word_1_767' title='bbox 2001 2450 2068 2484; x_wconf 84' lang='lat' dir='ltr'>quo</span> <span class='ocrx_word' id='word_1_768' title='bbox 2077 2438 2120 2474; x_wconf 86' lang='lat' dir='ltr'>de</span> <span class='ocrx_word' id='word_1_769' title='bbox 2139 2419 2231 2455; x_wconf 77' lang='lat' dir='ltr'>C&#39;5²‘</span> 
     </span>
     <span class='ocr_line' id='line_1_111' title="bbox 1228 2488 2118 2532; baseline -0.002 -8"><span class='ocrx_word' id='word_1_770' title='bbox 1228 2490 1323 2528; x_wconf 71' lang='lat' dir='ltr'>huius</span> <span class='ocrx_word' id='word_1_771' title='bbox 1335 2490 1434 2526; x_wconf 84' lang='lat' dir='ltr'>nostri</span> <span class='ocrx_word' id='word_1_772' title='bbox 1448 2489 1597 2524; x_wconf 86' lang='lat' dir='ltr'>Canonis</span> <span class='ocrx_word' id='word_1_773' title='bbox 1609 2489 1871 2532; x_wconf 70' lang='lat' dir='ltr'>praevaricatione</span> <span class='ocrx_word' id='word_1_774' title='bbox 1888 2488 2098 2524; x_wconf 88' lang='lat' dir='ltr'>accusabatur</span> <span class='ocrx_word' id='word_1_775' title='bbox 2107 2513 2118 2530; x_wconf 89' lang='lat'>‚</span> 
     </span>
     <span class='ocr_line' id='line_1_112' title="bbox 1226 2538 2238 2584; baseline -0.003 -9"><span class='ocrx_word' id='word_1_776' title='bbox 1226 2538 1392 2584; x_wconf 88' lang='lat' dir='ltr'>respondit</span> <span class='ocrx_word' id='word_1_777' title='bbox 1413 2564 1421 2572; x_wconf 90' lang='lat'>.</span> <span class='ocrx_word' id='word_1_778' title='bbox 1458 2541 1521 2574; x_wconf 64' lang='lat' dir='ltr'>scio</span> <span class='ocrx_word' id='word_1_779' title='bbox 1540 2551 1587 2574; x_wconf 83' lang='lat' dir='ltr'>me</span> <span class='ocrx_word' id='word_1_780' title='bbox 1609 2549 1667 2572; x_wconf 86' lang='lat' dir='ltr'>non</span> <span class='ocrx_word' id='word_1_781' title='bbox 1687 2541 1776 2575; x_wconf 76' lang='lat' dir='ltr'>allter</span> <span class='ocrx_word' id='word_1_782' title='bbox 1795 2551 1929 2582; x_wconf 84' lang='lat' dir='ltr'>unquam</span> <span class='ocrx_word' id='word_1_783' title='bbox 1951 2539 2097 2582; x_wconf 70' lang='lat' dir='ltr'>ordinaffie</span> <span class='ocrx_word' id='word_1_784' title='bbox 2109 2563 2116 2572; x_wconf 92' lang='lat'><em>.</em></span> <span class='ocrx_word' id='word_1_785' title='bbox 2229 2575 2238 2583; x_wconf 54' lang='lat'>,</span> 
     </span>
     <span class='ocr_line' id='line_1_113' title="bbox 1227 2573 2236 2635; baseline 0 -12"><span class='ocrx_word' id='word_1_786' title='bbox 1227 2591 1321 2634; x_wconf 65' lang='lat' dir='ltr'>Quod</span> <span class='ocrx_word' id='word_1_787' title='bbox 1335 2589 1365 2635; x_wconf 84' lang='lat' dir='ltr'><em>fi</em></span> <span class='ocrx_word' id='word_1_788' title='bbox 1375 2589 1528 2633; x_wconf 68' lang='lat' dir='ltr'>fecissem,</span> <span class='ocrx_word' id='word_1_789' title='bbox 1555 2595 1644 2623; x_wconf 77' lang='lat' dir='ltr'>irrita</span> <span class='ocrx_word' id='word_1_790' title='bbox 1664 2589 1822 2624; x_wconf 81' lang='lat' dir='ltr'>baberetur</span> <span class='ocrx_word' id='word_1_791' title='bbox 1832 2600 1941 2623; x_wconf 72' lang='lat' dir='ltr'>manns</span> <span class='ocrx_word' id='word_1_792' title='bbox 1954 2590 2118 2632; x_wconf 76' lang='lat' dir='ltr'>impofitio,</span> <span class='ocrx_word' id='word_1_793' title='bbox 2138 2573 2236 2611; x_wconf 44' lang='lat'><strong>53⁴⁴·</strong></span> 
     </span>
     <span class='ocr_line' id='line_1_114' title="bbox 1228 2639 2115 2686; baseline -0.001 -13"><span class='ocrx_word' id='word_1_794' title='bbox 1228 2651 1279 2675; x_wconf 86' lang='lat' dir='ltr'>nec</span> <span class='ocrx_word' id='word_1_795' title='bbox 1303 2639 1471 2683; x_wconf 72' lang='lat' dir='ltr'>ministrare</span> <span class='ocrx_word' id='word_1_796' title='bbox 1491 2641 1651 2675; x_wconf 73' lang='lat' dir='ltr'>ordinatus</span> <span class='ocrx_word' id='word_1_797' title='bbox 1672 2641 1718 2674; x_wconf 85' lang='lat' dir='ltr'>ad</span> <span class='ocrx_word' id='word_1_798' title='bbox 1738 2652 1834 2674; x_wconf 86' lang='lat' dir='ltr'>meam</span> <span class='ocrx_word' id='word_1_799' title='bbox 1850 2640 1942 2686; x_wconf 79' lang='lat' dir='ltr'>paffet</span> <span class='ocrx_word' id='word_1_800' title='bbox 1953 2645 2115 2675; x_wconf 69' lang='lat' dir='ltr'>imrlam.</span> 
     </span>
     <span class='ocr_line' id='line_1_115' title="bbox 1231 2686 2255 2736; baseline 0.003 -13"><span class='ocrx_word' id='word_1_801' title='bbox 1231 2692 1274 2724; x_wconf 85' lang='lat' dir='ltr'>Et</span> <span class='ocrx_word' id='word_1_802' title='bbox 1298 2691 1491 2726; x_wconf 72' lang='lat' dir='ltr'>sacrosanrsta</span> <span class='ocrx_word' id='word_1_803' title='bbox 1511 2688 1664 2736; x_wconf 90' lang='lat' dir='ltr'>Synodus</span> <span class='ocrx_word' id='word_1_804' title='bbox 1683 2689 1886 2732; x_wconf 84' lang='lat' dir='ltr'>Tridentina</span> <span class='ocrx_word' id='word_1_805' title='bbox 1896 2687 2118 2734; x_wconf 61' lang='lat' dir='ltr'>vestigiissexu</span> <span class='ocrx_word' id='word_1_806' title='bbox 2135 2686 2197 2718; x_wconf 68' lang='lat' dir='ltr'>Sess.</span> <span class='ocrx_word' id='word_1_807' title='bbox 2210 2697 2255 2726; x_wconf 82' lang='lat'>²3·</span> 
     </span>
     <span class='ocr_line' id='line_1_116' title="bbox 1228 2732 2214 2783; baseline 0.001 -10"><span class='ocrx_word' id='word_1_808' title='bbox 1228 2745 1362 2775; x_wconf 77' lang='lat' dir='ltr'>Canonis</span> <span class='ocrx_word' id='word_1_809' title='bbox 1388 2739 1775 2781; x_wconf 74' lang='lat' dir='ltr'>Concilii’Chalcedonenfis</span> <span class='ocrx_word' id='word_1_810' title='bbox 1797 2739 1974 2775; x_wconf 75' lang='lat' dir='ltr'>inbaerendo</span> <span class='ocrx_word' id='word_1_811' title='bbox 1984 2739 2114 2783; x_wconf 75' lang='lat' dir='ltr'>statuit,</span> <span class='ocrx_word' id='word_1_812' title='bbox 2133 2737 2159 2760; x_wconf 59' lang='grc' dir='ltr'>ς’</span> <span class='ocrx_word' id='word_1_813' title='bbox 2172 2732 2214 2759; x_wconf 86' lang='lat'>¹⁶·</span> 
     </span>
     <span class='ocr_line' id='line_1_117' title="bbox 1227 2787 2117 2834; baseline 0 -10"><span class='ocrx_word' id='word_1_814' title='bbox 1227 2800 1260 2826; x_wconf 82' lang='lat' dir='ltr'>ut</span> <span class='ocrx_word' id='word_1_815' title='bbox 1273 2791 1369 2826; x_wconf 84' lang='lat' dir='ltr'>nullus</span> <span class='ocrx_word' id='word_1_816' title='bbox 1382 2789 1568 2833; x_wconf 74' lang='lat' dir='ltr'>inposterum</span> <span class='ocrx_word' id='word_1_817' title='bbox 1576 2791 1750 2832; x_wconf 78' lang='lat' dir='ltr'>ordinetur,</span> <span class='ocrx_word' id='word_1_818' title='bbox 1781 2795 1833 2833; x_wconf 79' lang='lat' dir='ltr'>qui</span> <span class='ocrx_word' id='word_1_819' title='bbox 1852 2791 1897 2824; x_wconf 73' lang='lat' dir='ltr'>illi</span> <span class='ocrx_word' id='word_1_820' title='bbox 1918 2787 2052 2834; x_wconf 80' lang='lat' dir='ltr'>Ecclefiae</span> <span class='ocrx_word' id='word_1_821' title='bbox 2063 2796 2117 2824; x_wconf 77' lang='lat' dir='ltr'>aut</span> 
     </span>
     <span class='ocr_line' id='line_1_118' title="bbox 1223 2840 2117 2885; baseline -0.003 -10"><span class='ocrx_word' id='word_1_822' title='bbox 1223 2848 1278 2884; x_wconf 74' lang='lat' dir='ltr'>pio</span> <span class='ocrx_word' id='word_1_823' title='bbox 1302 2842 1358 2877; x_wconf 88' lang='lat' dir='ltr'>loco</span> <span class='ocrx_word' id='word_1_824' title='bbox 1368 2865 1378 2881; x_wconf 94' lang='lat'>‚</span> <span class='ocrx_word' id='word_1_825' title='bbox 1399 2848 1458 2885; x_wconf 85' lang='lat' dir='ltr'>pro</span> <span class='ocrx_word' id='word_1_826' title='bbox 1467 2842 1550 2883; x_wconf 85' lang='lat' dir='ltr'>cujus</span> <span class='ocrx_word' id='word_1_827' title='bbox 1561 2842 1719 2881; x_wconf 70' lang='lat' dir='ltr'>neccffitate</span> <span class='ocrx_word' id='word_1_828' title='bbox 1728 2847 1784 2874; x_wconf 82' lang='lat' dir='ltr'>aut</span> <span class='ocrx_word' id='word_1_829' title='bbox 1795 2841 1928 2874; x_wconf 81' lang='lat' dir='ltr'>utilitate</span> <span class='ocrx_word' id='word_1_830' title='bbox 1940 2840 2094 2883; x_wconf 74' lang='lat' dir='ltr'>affumitur</span> <span class='ocrx_word' id='word_1_831' title='bbox 2106 2863 2117 2878; x_wconf 89' lang='lat'>,</span> 
     </span>
     <span class='ocr_line' id='line_1_119' title="bbox 1229 2888 2118 2937; baseline -0.001 -12"><span class='ocrx_word' id='word_1_832' title='bbox 1229 2903 1286 2926; x_wconf 87' lang='lat' dir='ltr'>non</span> <span class='ocrx_word' id='word_1_833' title='bbox 1308 2889 1522 2937; x_wconf 80' lang='lat' dir='ltr'>adscribatur,</span> <span class='ocrx_word' id='word_1_834' title='bbox 1549 2891 1598 2926; x_wconf 77' lang='lat' dir='ltr'>ubi</span> <span class='ocrx_word' id='word_1_835' title='bbox 1611 2888 1678 2933; x_wconf 84' lang='lat' dir='ltr'>suis</span> <span class='ocrx_word' id='word_1_836' title='bbox 1686 2889 1837 2937; x_wconf 83' lang='lat' dir='ltr'>fungatur</span> <span class='ocrx_word' id='word_1_837' title='bbox 1847 2890 2039 2930; x_wconf 75' lang='lat' dir='ltr'>muneribus,</span> <span class='ocrx_word' id='word_1_838' title='bbox 2065 2899 2118 2924; x_wconf 80' lang='lat' dir='ltr'>nec</span> 
     </span>
     <span class='ocr_line' id='line_1_120' title="bbox 1229 2938 2119 2984; baseline -0.002 -10"><span class='ocrx_word' id='word_1_839' title='bbox 1229 2947 1351 2978; x_wconf 79' lang='lat' dir='ltr'>incertis</span> <span class='ocrx_word' id='word_1_840' title='bbox 1376 2949 1502 2984; x_wconf 81' lang='lat' dir='ltr'>vagetur</span> <span class='ocrx_word' id='word_1_841' title='bbox 1518 2938 1659 2984; x_wconf 80' lang='lat' dir='ltr'>sedibus.</span> <span class='ocrx_word' id='word_1_842' title='bbox 1688 2940 1736 2975; x_wconf 73' lang='lat' dir='ltr'>lta</span> <span class='ocrx_word' id='word_1_843' title='bbox 1759 2940 1929 2984; x_wconf 65' lang='lat' dir='ltr'>Hispanias</span> <span class='ocrx_word' id='word_1_844' title='bbox 1940 2939 2119 2974; x_wconf 84' lang='lat' dir='ltr'>Valentina</span> 
     </span>
     <span class='ocr_line' id='line_1_121' title="bbox 1228 2989 2121 3037; baseline -0.004 -11"><span class='ocrx_word' id='word_1_845' title='bbox 1228 2990 1378 3037; x_wconf 90' lang='lat' dir='ltr'>Synodus</span> <span class='ocrx_word' id='word_1_846' title='bbox 1386 3002 1452 3026; x_wconf 80' lang='lat' dir='ltr'>rem</span> <span class='ocrx_word' id='word_1_847' title='bbox 1463 2989 1633 3035; x_wconf 76' lang='lat' dir='ltr'>discipline</span> <span class='ocrx_word' id='word_1_848' title='bbox 1643 2989 1771 3035; x_wconf 75' lang='lat' dir='ltr'>penitus</span> <span class='ocrx_word' id='word_1_849' title='bbox 1782 2991 1990 3027; x_wconf 79' lang='lat' dir='ltr'>necessariam</span> <span class='ocrx_word' id='word_1_850' title='bbox 1998 2989 2121 3027; x_wconf 87' lang='lat' dir='ltr'>statuit,</span> 
     </span>
     <span class='ocr_line' id='line_1_122' title="bbox 1229 3039 2121 3086; baseline 0 -10"><span class='ocrx_word' id='word_1_851' title='bbox 1229 3053 1266 3076; x_wconf 89' lang='lat' dir='ltr'>ut</span> <span class='ocrx_word' id='word_1_852' title='bbox 1279 3041 1461 3086; x_wconf 86' lang='lat' dir='ltr'>Episcopus</span> <span class='ocrx_word' id='word_1_853' title='bbox 1478 3040 1608 3075; x_wconf 87' lang='lat' dir='ltr'>nullum</span> <span class='ocrx_word' id='word_1_854' title='bbox 1618 3039 1749 3076; x_wconf 89' lang='lat' dir='ltr'>ordinet</span> <span class='ocrx_word' id='word_1_855' title='bbox 1762 3064 1774 3083; x_wconf 87' lang='lat'>,</span> <span class='ocrx_word' id='word_1_856' title='bbox 1797 3041 1858 3075; x_wconf 88' lang='lat' dir='ltr'>nifi</span> <span class='ocrx_word' id='word_1_857' title='bbox 1871 3041 1928 3085; x_wconf 89' lang='lat' dir='ltr'>qui</span> <span class='ocrx_word' id='word_1_858' title='bbox 1940 3041 1972 3076; x_wconf 90' lang='lat' dir='ltr'>se</span> <span class='ocrx_word' id='word_1_859' title='bbox 1981 3041 2121 3084; x_wconf 84' lang='lat' dir='ltr'>spopon-</span> 
     </span>
     <span class='ocr_line' id='line_1_123' title="bbox 1229 3089 2120 3136; baseline -0.007 -9"><span class='ocrx_word' id='word_1_860' title='bbox 1229 3090 1312 3127; x_wconf 88' lang='lat' dir='ltr'>derit</span> <span class='ocrx_word' id='word_1_861' title='bbox 1335 3092 1407 3126; x_wconf 85' lang='lat' dir='ltr'>fore</span> <span class='ocrx_word' id='word_1_862' title='bbox 1429 3089 1587 3126; x_wconf 81' lang='lat' dir='ltr'>localem.</span> <span class='ocrx_word' id='word_1_863' title='bbox 1615 3091 1660 3125; x_wconf 87' lang='lat' dir='ltr'>Et</span> <span class='ocrx_word' id='word_1_864' title='bbox 1671 3091 1949 3127; x_wconf 84' lang='lat' dir='ltr'>finecertotitulo</span> <span class='ocrx_word' id='word_1_865' title='bbox 1966 3097 2120 3136; x_wconf 84' lang='lat' dir='ltr'>vagantes</span> 
     </span>
     <span class='ocr_line' id='line_1_124' title="bbox 1231 3137 2120 3185; baseline -0.004 -9"><span class='ocrx_word' id='word_1_866' title='bbox 1231 3142 1381 3178; x_wconf 79' lang='lat' dir='ltr'>Clericos</span> <span class='ocrx_word' id='word_1_867' title='bbox 1392 3141 1554 3185; x_wconf 88' lang='lat' dir='ltr'>compesci</span> <span class='ocrx_word' id='word_1_868' title='bbox 1568 3139 1609 3174; x_wconf 92' lang='lat' dir='ltr'>ab</span> <span class='ocrx_word' id='word_1_869' title='bbox 1620 3141 1790 3185; x_wconf 87' lang='lat' dir='ltr'>Episcopis</span> <span class='ocrx_word' id='word_1_870' title='bbox 1802 3165 1813 3182; x_wconf 91' lang='lat'>,</span> <span class='ocrx_word' id='word_1_871' title='bbox 1830 3142 1863 3175; x_wconf 89' lang='lat'>&amp;</span> <span class='ocrx_word' id='word_1_872' title='bbox 1876 3140 1915 3176; x_wconf 89' lang='lat' dir='ltr'>ad</span> <span class='ocrx_word' id='word_1_873' title='bbox 1926 3149 2046 3175; x_wconf 85' lang='lat' dir='ltr'>certam</span> <span class='ocrx_word' id='word_1_874' title='bbox 2059 3137 2120 3172; x_wconf 85' lang='lat' dir='ltr'>Ec-</span> 
     </span>
     <span class='ocr_line' id='line_1_125' title="bbox 1229 3185 2271 3237; baseline -0.003 -10"><span class='ocrx_word' id='word_1_875' title='bbox 1229 3192 1355 3227; x_wconf 78' lang='lat' dir='ltr'>clesiam</span> <span class='ocrx_word' id='word_1_876' title='bbox 1367 3202 1423 3227; x_wconf 88' lang='lat' dir='ltr'>aut</span> <span class='ocrx_word' id='word_1_877' title='bbox 1437 3191 1672 3227; x_wconf 85' lang='lat' dir='ltr'>monasterium</span> <span class='ocrx_word' id='word_1_878' title='bbox 1682 3193 1760 3237; x_wconf 86' lang='lat' dir='ltr'>cogi</span> <span class='ocrx_word' id='word_1_879' title='bbox 1775 3190 1910 3227; x_wconf 84' lang='lat' dir='ltr'>mandat</span> <span class='ocrx_word' id='word_1_880' title='bbox 1922 3199 2034 3232; x_wconf 83' lang='lat' dir='ltr'>quarta</span> <span class='ocrx_word' id='word_1_881' title='bbox 2046 3187 2118 3222; x_wconf 87' lang='lat' dir='ltr'>To·</span> <span class='ocrx_word' id='word_1_882' title='bbox 2137 3187 2210 3225; x_wconf 78' lang='lat' dir='ltr'><strong>C2P·</strong></span> <span class='ocrx_word' id='word_1_883' title='bbox 2222 3185 2271 3224; x_wconf 79' lang='lat'>53.&#39;</span> 
     </span>
     <span class='ocr_line' id='line_1_126' title="bbox 1230 3239 2117 3286; baseline -0.005 -11"><span class='ocrx_word' id='word_1_884' title='bbox 1230 3243 1337 3276; x_wconf 87' lang='lat' dir='ltr'>letana</span> <span class='ocrx_word' id='word_1_885' title='bbox 1352 3266 1358 3273; x_wconf 95' lang='lat'>.</span> <span class='ocrx_word' id='word_1_886' title='bbox 1383 3241 1512 3276; x_wconf 86' lang='lat' dir='ltr'>Primus</span> <span class='ocrx_word' id='word_1_887' title='bbox 1524 3241 1609 3286; x_wconf 84' lang='lat' dir='ltr'>apud</span> <span class='ocrx_word' id='word_1_888' title='bbox 1625 3252 1685 3278; x_wconf 86' lang='lat' dir='ltr'>nos</span> <span class='ocrx_word' id='word_1_889' title='bbox 1695 3241 1843 3277; x_wconf 74' lang='lat' dir='ltr'>absolute</span> <span class='ocrx_word' id='word_1_890' title='bbox 1851 3239 2001 3274; x_wconf 88' lang='lat' dir='ltr'>ordinare</span> <span class='ocrx_word' id='word_1_891' title='bbox 2012 3239 2117 3278; x_wconf 87' lang='lat' dir='ltr'>ausus,</span> 
     </span>
     <span class='ocr_line' id='line_1_127' title="bbox 1228 3288 2119 3337; baseline -0.003 -12"><span class='ocrx_word' id='word_1_892' title='bbox 1228 3293 1307 3335; x_wconf 85' lang='lat' dir='ltr'>quod</span> <span class='ocrx_word' id='word_1_893' title='bbox 1321 3292 1410 3334; x_wconf 60' lang='lat' dir='ltr'>priris</span> <span class='ocrx_word' id='word_1_894' title='bbox 1439 3303 1593 3334; x_wconf 79' lang='lat' dir='ltr'>nunquam</span> <span class='ocrx_word' id='word_1_895' title='bbox 1613 3297 1644 3326; x_wconf 78' lang='lat' dir='ltr'>in</span> <span class='ocrx_word' id='word_1_896' title='bbox 1655 3304 1734 3326; x_wconf 86' lang='lat' dir='ltr'>more</span> <span class='ocrx_word' id='word_1_897' title='bbox 1743 3291 1887 3327; x_wconf 79' lang='lat' dir='ltr'>habuerat</span> <span class='ocrx_word' id='word_1_898' title='bbox 1900 3289 1953 3337; x_wconf 61' lang='lat' dir='ltr'>ve(</span> <span class='ocrx_word' id='word_1_899' title='bbox 1960 3293 1993 3321; x_wconf 78' lang='lat' dir='ltr'>in</span> <span class='ocrx_word' id='word_1_900' title='bbox 2004 3289 2057 3322; x_wconf 80' lang='lat' dir='ltr'>illa</span> <span class='ocrx_word' id='word_1_901' title='bbox 2067 3288 2119 3321; x_wconf 87' lang='lat' dir='ltr'>vel</span> 
     </span>
     <span class='ocr_line' id='line_1_128' title="bbox 1229 3338 2116 3385; baseline -0.005 -9"><span class='ocrx_word' id='word_1_902' title='bbox 1229 3348 1262 3376; x_wconf 78' lang='lat' dir='ltr'>in</span> <span class='ocrx_word' id='word_1_903' title='bbox 1275 3343 1339 3376; x_wconf 75' lang='lat' dir='ltr'>alia</span> <span class='ocrx_word' id='word_1_904' title='bbox 1347 3348 1474 3377; x_wconf 79' lang='lat' dir='ltr'>civitate</span> <span class='ocrx_word' id='word_1_905' title='bbox 1486 3341 1614 3385; x_wconf 82' lang='lat' dir='ltr'>Ecclefia</span> <span class='ocrx_word' id='word_1_906' title='bbox 1624 3366 1636 3382; x_wconf 95' lang='lat'>,</span> <span class='ocrx_word' id='word_1_907' title='bbox 1666 3343 1732 3378; x_wconf 83' lang='lat' dir='ltr'>fuit</span> <span class='ocrx_word' id='word_1_908' title='bbox 1740 3365 1752 3382; x_wconf 91' lang='lat'>,</span> <span class='ocrx_word' id='word_1_909' title='bbox 1775 3338 1855 3374; x_wconf 87' lang='lat' dir='ltr'>teste</span> <span class='ocrx_word' id='word_1_910' title='bbox 1869 3339 1993 3383; x_wconf 83' lang='lat' dir='ltr'>magno</span> <span class='ocrx_word' id='word_1_911' title='bbox 2007 3338 2116 3383; x_wconf 89' lang='lat' dir='ltr'>Belgii</span> 
     </span>
     <span class='ocr_line' id='line_1_129' title="bbox 1230 3378 2232 3434; baseline 0.001 -8"><span class='ocrx_word' id='word_1_912' title='bbox 1230 3390 1402 3429; x_wconf 80' lang='lat' dir='ltr'>Chronico</span> <span class='ocrx_word' id='word_1_913' title='bbox 1421 3415 1432 3432; x_wconf 88' lang='lat'>,</span> <span class='ocrx_word' id='word_1_914' title='bbox 1461 3388 1848 3427; x_wconf 64' lang='lat' dir='ltr'>Alexander-Leodienfis</span> <span class='ocrx_word' id='word_1_915' title='bbox 1861 3389 2063 3434; x_wconf 79' lang='lat' dir='ltr'>Episcopus,</span> <span class='ocrx_word' id='word_1_916' title='bbox 2075 3388 2117 3423; x_wconf 78' lang='lat' dir='ltr'>ab</span> <span class='ocrx_word' id='word_1_917' title='bbox 2137 3378 2232 3413; x_wconf 48' lang='grc' dir='ltr'>ΜΠ·</span> 
     </span>
     <span class='ocr_line' id='line_1_130' title="bbox 1215 3437 2116 3484; baseline -0.002 -9"><span class='ocrx_word' id='word_1_918' title='bbox 1215 3442 1428 3479; x_wconf 68' lang='grc' dir='ltr'>;Ιηῃοςεωῑῐο</span> <span class='ocrx_word' id='word_1_919' title='bbox 1450 3442 1593 3477; x_wconf 86' lang='lat' dir='ltr'>secundo</span> <span class='ocrx_word' id='word_1_920' title='bbox 1615 3440 1752 3484; x_wconf 73' lang='lat' dir='ltr'>dejectus</span> <span class='ocrx_word' id='word_1_921' title='bbox 1779 3439 1812 3473; x_wconf 90' lang='lat' dir='ltr'>in</span> <span class='ocrx_word' id='word_1_922' title='bbox 1826 3437 1963 3482; x_wconf 87' lang='lat' dir='ltr'>Synodo</span> <span class='ocrx_word' id='word_1_923' title='bbox 1979 3438 2116 3473; x_wconf 85' lang='lat' dir='ltr'>Pisana.</span> 
     </span>
    </p>
   </div>
   <div class='ocr_carea' id='block_1_8' title="bbox 2135 2919 2249 2958">
    <p class='ocr_par' dir='ltr' id='par_1_14' title="bbox 2135 2919 2249 2958">
     <span class='ocr_line' id='line_1_131' title="bbox 2135 2919 2249 2958; baseline -0.018 -8"><span class='ocrx_word' id='word_1_924' title='bbox 2135 2919 2210 2958; x_wconf 85' lang='lat' dir='ltr'>Cap.</span> <span class='ocrx_word' id='word_1_925' title='bbox 2221 2921 2249 2949; x_wconf 84' lang='lat'>6.</span> 
     </span>
    </p>
   </div>
   <div class='ocr_carea' id='block_1_9' title="bbox 289 3482 2118 3542">
    <p class='ocr_par' dir='ltr' id='par_1_15' title="bbox 289 3482 2118 3542">
     <span class='ocr_line' id='line_1_132' title="bbox 289 3482 2118 3542; baseline -0.006 -9"><span class='ocrx_word' id='word_1_926' title='bbox 289 3493 431 3542; x_wconf 62' lang='lat' dir='ltr'>‚Episcopi</span> <span class='ocrx_word' id='word_1_927' title='bbox 450 3515 461 3533; x_wconf 81' lang='lat'>‚</span> <span class='ocrx_word' id='word_1_928' title='bbox 499 3503 555 3527; x_wconf 61' lang='grc' dir='ltr'>πο»</span> <span class='ocrx_word' id='word_1_929' title='bbox 574 3492 656 3528; x_wconf 74' lang='lat' dir='ltr'>urbis</span> <span class='ocrx_word' id='word_1_930' title='bbox 677 3493 822 3537; x_wconf 71' lang='lat' dir='ltr'>alicujus,</span> <span class='ocrx_word' id='word_1_931' title='bbox 841 3489 900 3538; x_wconf 84' lang='lat' dir='ltr'>sed</span> <span class='ocrx_word' id='word_1_932' title='bbox 918 3490 1035 3526; x_wconf 80' lang='lat' dir='ltr'>honoris</span> <span class='ocrx_word' id='word_1_933' title='bbox 1056 3491 1145 3538; x_wconf 86' lang='lat' dir='ltr'>causa</span> <span class='ocrx_word' id='word_1_934' title='bbox 1162 3516 1172 3533; x_wconf 91' lang='lat'>,</span> <span class='ocrx_word' id='word_1_935' title='bbox 1204 3482 1370 3538; x_wconf 64' lang='lat' dir='ltr'>,³‚Grassari</span> <span class='ocrx_word' id='word_1_936' title='bbox 1394 3502 1472 3529; x_wconf 87' lang='lat' dir='ltr'>tunc</span> <span class='ocrx_word' id='word_1_937' title='bbox 1484 3491 1683 3537; x_wconf 85' lang='lat' dir='ltr'>pedetentim</span> <span class='ocrx_word' id='word_1_938' title='bbox 1695 3488 1794 3535; x_wconf 84' lang='lat' dir='ltr'>coepit</span> <span class='ocrx_word' id='word_1_939' title='bbox 1806 3489 1864 3525; x_wconf 87' lang='lat' dir='ltr'>ista</span> <span class='ocrx_word' id='word_1_940' title='bbox 1878 3489 2118 3535; x_wconf 81' lang='lat' dir='ltr'>praevaricatio,</span> 
     </span>
    </p>
   </div>
   <div class='ocr_carea' id='block_1_10' title="bbox 1219 3542 2068 3603">
    <p class='ocr_par' dir='ltr' id='par_1_16' title="bbox 1219 3542 2068 3603">
     <span class='ocr_line' id='line_1_133' title="bbox 1219 3542 2068 3603; baseline 0.004 -30"><span class='ocrx_word' id='word_1_941' title='bbox 1219 3542 1226 3603; x_wconf 46' lang='grc' dir='ltr'>ἱ</span> <span class='ocrx_word' id='word_1_942' title='bbox 1993 3550 2068 3582; x_wconf 59' lang='lat' dir='ltr'>‚nec</span> 
     </span>
    </p>
   </div>
  </div>
 </body>
</html>
