2340 3736
1930 209 2021 251 393

274 286 509 345 Concilium,
542 277 659 348 quim
674 277 884 349 Apostolica
896 276 1029 338 Sedes,
1057 273 1253 345 generalia
1262 273 1729 344 cotgregamurConcilia,
1751 273 1824 343 fid
1836 276 2092 348 quiainciden-

273 377 328 408 tes
338 354 534 424 quaestiones
546 347 852 415 difficilioresfim
866 385 879 409 ,
912 346 1316 416 &majoriindigeam
1325 343 1565 412 difiuffi'one.
1590 348 1765 395 Etenim
1776 345 2000 409 Generalis
2012 350 2091 414 Sy-

272 423 381 478 nodi
394 425 586 493 palmare
597 419 789 470 officium
814 420 876 468 est
887 417 1159 482 dogmaticas
1175 419 1365 467 Romani
1380 415 1671 466 Pontificisad
1697 415 1780 465 sese
1793 417 1987 476 litteras,
2019 431 2090 467 ut-
2168 438 2171 441 ’

255 549 257 551 .
271 511 378 566 pote
390 499 481 560 ejus
496 492 552 541 de
565 506 688 540 mota
702 490 936 557 quaestione
948 487 1160 555 judicium
1173 524 1186 548 ,
1220 486 1453 547 discutere,
1488 486 1682 555 unanimi
1707 487 1902 535 omnium
1917 484 2091 554 Epist-01:

272 582 429 634 porum
454 561 654 623 suffragio
686 559 969 629 comprobare
997 595 1010 619 ,
1045 559 1366 608 recalcitrantes
1401 561 1590 607 Romam
1617 558 1791 605 mittere
1826 553 2092 623 puniendos,

273 634 502 703 ipsumque
530 628 787 681 Pontificem
803 631 901 679 laeta
925 645 1034 678 voce
1047 627 1290 677 adclamare
1312 644 1476 677 novum
1487 627 1668 676 Paulum
1696 624 1953 693 Apostolum
1966 663 1979 686 ,
2015 641 2092 675 aut

270 722 439 758 novum
461 708 662 752 Petrum.
698 705 932 749 ItaSaneo
942 698 1165 748 Celestino
1177 697 1412 766 Ephesma,
1425 695 1787 747 Chalcedonensis
1806 698 1957 743 Sansto
1978 699 2091 747 Leo-

273 778 322 824 ni
343 812 358 836 ,
394 778 547 823 Saneto
577 770 802 834 Agathoni
829 774 955 820 Sexta
978 805 992 830 ,
1027 771 1220 836 Septima
1243 767 1439 817 Adriano
1460 770 1604 836 primo
1624 800 1638 825 ,
1676 764 1874 815 Adriano
1905 762 2092 816 secundo

274 840 745 909 owaadclamavit.
781 839 855 889 Ab
881 839 1040 889 eisdem
1065 838 1276 888 habemus
1299 842 1544 888 Romanum
1566 835 1828 907 Episcopum
1850 832 1931 885 effe
1954 838 2092 887 totius

270 903 441 982 synbdi
474 914 686 963 verticem
711 947 725 971 ,
762 914 934 960 Patrem
970 912 1147 958 Parrum
1170 945 1184 969 ,
1210 907 1530 976 ,Episcopomm
1565 906 1826 976 Episcopum
1848 942 1862 966 ,
1895 908 2091 956 omnium

271 982 618 1040 Patriarcharum
666 985 712 1030 &
748 983 884 1029 totius
918 978 1068 1028 mundi
1103 979 1397 1028 Patriarcham
1431 1015 1444 1038 ‚
1491 977 1752 1047 Episcopum
1786 973 2094 1037 universalem,

272 1053 535 1123 Episcopum
565 1050 979 1102 Pontificaliffimum
1001 1085 1015 1110 ,
1051 1051 1337 1116 Principalem
1362 1047 1636 1099 Sacerdotem
1660 1085 1674 1109 ,
1708 1050 1902 1100 omnium
1927 1046 2090 1115 ubique

272 1126 487 1175 malorum
514 1120 909 1183 Catholicissimum
935 1118 1158 1169 Medicum
1180 1156 1193 1179 ,
1231 1121 1465 1168 Primatem
1489 1122 1626 1169 totius
1649 1117 1848 1167 Ecclesiae
1869 1154 1883 1178 ,
1918 1120 2090 1167 Patrem

271 1213 325 1244 ac
347 1194 565 1246 Pastorem
583 1195 719 1243 totius
731 1189 908 1251 mundi,
944 1191 1081 1240 totius
1094 1188 1243 1238 mundi
1257 1190 1506 1238 columnam
1529 1207 1581 1238 ac
1595 1190 1962 1248 illuminatorem,
1995 1191 2090 1238 avi-

271 1280 369 1314 tum
391 1262 626 1315 orthodoxi
644 1262 863 1326 dogmatis
887 1260 1217 1309 fundamentum
1240 1296 1254 1319 ,
1287 1260 1512 1310 immobile
1537 1276 1588 1309 ac
1609 1255 1740 1308 fixum
1772 1258 2089 1308 firmamentum

269 1332 374 1386 fidei
399 1333 641 1383 &formam
665 1331 966 1380 lucidissimam
983 1366 997 1390 ,
1034 1333 1156 1377 reetae
1179 1328 1499 1395 praedicationis
1530 1330 1698 1380 fontem
1722 1328 1925 1378 omnibus
1938 1330 2090 1378 Eccle-

270 1403 340 1453 siis
354 1440 368 1464 ,
402 1404 546 1453 Sanffl
559 1402 679 1450 Petri
701 1399 900 1468 Apostoli
924 1402 1205 1465 interpretem
1219 1434 1232 1459 ,
1268 1403 1388 1464 cujus
1417 1400 1734 1456 authoritatem
1759 1417 1812 1449 ex
1836 1401 1956 1447 avita
1968 1405 2089 1467 Apo-

267 1473 478 1524 stolorum
501 1470 738 1521 traditione
763 1468 931 1536 semper
968 1470 1166 1536 amplexa
1190 1468 1242 1518 fit
1266 1471 1408 1517 omnis
1433 1468 1510 1516 sub
1535 1469 1650 1517 coelo
1680 1467 1872 1517 Ecclesia
1897 1503 1912 1527 ,
1946 1471 2088 1518 omnis

265 1544 538 1593 oecumenica
551 1539 749 1610 Synodus
763 1576 777 1601 ‚
812 1541 954 1588 omnis
981 1538 1176 1588 Ecclefiae
1198 1536 1334 1589 Pater
1347 1573 1362 1599 ,
1395 1542 1439 1587 δι
1462 1541 1532 1587 cui
1553 1537 1652 1587 solae
1678 1535 1849 1587 haereses
1873 1537 2088 1602 refragen-

267 1630 367 1664 tur.
396 1611 477 1665 >Ab
486 1610 646 1663 eisdem
673 1609 881 1660 habemus
895 1609 1091 1658 laudatas
1102 1607 1375 1671 dogmaticas
1400 1609 1566 1669 litteras
1578 1607 1659 1657 effe
1673 1611 1811 1657 Sancti
1835 1611 1951 1657 Petri
1963 1614 2087 1677 Apo-

265 1682 364 1732 stoli
388 1685 607 1750 propriam
621 1698 776 1732 vocem
789 1717 802 1741 ,
838 1678 1090 1729 directorem
1104 1678 1268 1746 Synodi
1295 1679 1497 1740 oculum,
1533 1677 1786 1729 orthodoxae
1799 1677 1902 1728 fidei
1925 1682 2096 1728 ancho-.-

265 1770 385 1814 ram,
422 1753 627 1813 titulum,
661 1753 909 1802 columnam
926 1786 940 1810 ,
972 1748 1297 1799 fundamentum
1313 1786 1327 1810 ,
1363 1751 1433 1798 cui
1461 1748 1672 1799 adsentire
1696 1749 1812 1798 nolle
1838 1748 1889 1797 sit
1905 1747 2086 1798 insanire

265 1826 313 1871 in
337 1821 476 1889 ipsum
504 1822 810 1889 Apostolorum
835 1823 1043 1871 verticem
1066 1857 1079 1881 ,
1102 1824 1320 1871 Sanctum
1345 1823 1520 1871 Petrum
1547 1857 1560 1868 .
1597 1820 1670 1869 Ab
1696 1818 1854 1868 eisdem
1881 1819 2084 1869 habemus

265 1895 515 1942 Romanam
540 1893 584 1942 C
587 1890 814 1940 athedram
840 1889 919 1940 effe
945 1891 1375 1940 incontaminabilem
1403 1892 1644 1940 Catholicae
1670 1891 1989 1939 communionis
2019 1908 2086 1940 ra-

265 1962 437 2021 dicem,
472 1960 836 2028 infallibilemque
847 1961 1230 2011 controversiarum
1254 1960 1468 2026 judicem,
1506 1960 1531 2010 ὲ
1546 1961 1666 2009 nullo
1679 1977 1870 2027 unquam
1896 1959 2086 2009 insessam

264 2047 343 2081 aut
354 2030 524 2080 insideri
537 2029 776 2099 possibilem
790 2035 954 2080 Errone
968 2030 1207 2099 EpiscopO,
1243 2046 1397 2099 utpote
1420 2035 1539 2096 cujus
1557 2030 1685 2079 fidem
1710 2048 1762 2078 ex
1778 2032 1896 2078 nulla
1921 2029 2087 2080 diaboli

265 2101 531 2151 cribratione
558 2099 824 2151 defestumm
848 2103 1068 2150 Dominus
1095 2099 1360 2170 promiserit,
1395 2104 1529 2169 &qui
1558 2100 1807 2150 deficientes
1819 2100 1875 2149 ab
1899 2101 1974 2150 illa
2002 2101 2087 2151 sra-

267 2187 353 2221 tres
377 2171 629 2220 confirmare
641 2170 799 2221 debeat
820 2209 832 2232 ,
869 2175 911 2220 &
932 2170 1062 2221 hodie
1090 2170 1222 2238 usque
1238 2171 1502 2220 confirmarit
1517 2209 1531 2221 .
1567 2176 1636 2220 Ita
1662 2190 1713 2221 ex
1730 2173 1865 2220 totius
1880 2174 2086 2221 Orienta-

265 2243 322 2291 lis
333 2242 528 2292 Concilii
554 2244 728 2291 nomine
757 2241 976 2303 insigniter
1001 2241 1116 2309 apud
1135 2246 1333 2290 Sanctum
1361 2246 1551 2291 Leonem
1574 2241 1830 2291 Pontificem
1859 2242 2086 2310 profitetur

264 2310 567 2361 Theodoretus
592 2311 796 2379 Cyrensis
822 2315 867 2359 in
892 2311 1125 2360 Eufratesia
1150 2314 1373 2379 provincia
1399 2311 1633 2379 Episcopus
1655 2348 1669 2372 ,
1705 2314 1751 2360 in
1774 2311 1891 2360 datis
1916 2311 1970 2361 ad
1997 2312 2036 2362 se
2059 2310 2085 2363 ἓι

264 2386 418 2431 Sancto
439 2381 676 2444 Agathone
699 2381 909 2431 Pontifice
938 2383 1094 2430 litteris
1117 2381 1234 2431 sexta
1253 2380 1451 2449 Synodus
1467 2420 1480 2443 ,
1517 2387 1750 2432 &Oftavae
1775 2381 1978 2451 Episcopi
2004 2384 2084 2432 sm-

266 2452 449 2514 gulatim
479 2468 626 2499 omnes
651 2453 695 2499 in
718 2451 867 2500 libello
891 2456 1091 2500 Romano
1112 2488 1125 2511 ,
1161 2470 1236 2518 per
1263 2453 1498 2501 Nicolaum
1522 2454 1709 2520 primum
1733 2451 1978 2521 praescripto
1993 2491 2004 2513 ‚
2041 2459 2083 2503 δε

266 2539 341 2588 per
354 2519 594 2569 Adrianum
614 2518 843 2569 secundum
858 2520 1134 2570 confirmato.
1175 2520 1391 2590 roirca
1406 2523 1654 2572 Orthodoxi
1678 2522 1856 2588 quidam
1870 2560 1882 2583 ,
1920 2524 2082 2572 infalli-

265 2591 354 2639 bile
365 2592 556 2640 Romani
569 2588 773 2658 Episcopi
797 2590 851 2639 de
864 2589 1071 2653 dogmate
1102 2590 1310 2656 judicium
1323 2594 1556 2659 opinantes
1579 2591 1657 2641 esse
1682 2591 1807 2641 solius
1821 2596 1985 2642 Latinae
1999 2599 2082 2642 Ec-

266 2660 401 2710 clesiae
423 2658 675 2720 Adsertum,
711 2660 944 2728 plurimum
970 2661 1310 2711 hallucinantur.
1348 2660 1745 2715 Commiseratione
1770 2662 1890 2726 digni
1905 2663 1998 2713 sunt
2016 2668 2082 2712 in-

270 2730 415 2780 felices
429 2734 611 2798 Europae
636 2732 812 2799 populi,
849 2748 960 2798 quos
987 2734 1201 2780 Martinus
1227 2732 1440 2782 Lutherus
1467 2736 1708 2798 &Joannes
1731 2734 1967 2795 Calvinus,
2005 2734 2083 2783 ho-

269 2803 407 2849 mines
422 2799 690 2868 impurissimi
702 2837 715 2860 ,
749 2799 1108 2868 circumscripsere
1124 2839 1137 2862 ,
1152 2819 1199 2850 ut
1213 2804 1405 2865 garriant
1418 2807 1664 2851 Romanum
1681 2802 1988 2871 Episcopatum
2003 2803 2082 2853 effe

270 2873 422 2919 turrim
440 2870 754 2937 Babylonicam
768 2908 780 2931 ,
816 2889 866 2920 ex
882 2870 1066 2919 adsiduis
1080 2873 1228 2921 alienae
1252 2872 1476 2940 potestatis
1488 2891 1564 2940 per
1589 2877 1756 2922 minuta
1772 2874 1899 2922 frusta
1922 2877 2081 2942 rapinis

270 2945 462 2989 eve&am
489 2942 534 2987 in
561 2941 721 2989 molem
735 2940 984 2989 hodiernam
1008 2946 1050 2990 &
1076 2943 1288 3010 typhum.
1323 2946 1380 2991 Et
1408 2943 1478 2991 hic
1505 2943 1565 2992 est
1588 2945 1783 2993 vomitus
1797 2943 2083 3006 Eusebianus‚

271 3009 450 3059 Liberio
477 3010 882 3078 Pontificifprimum
906 3016 1118 3060 erudiatus
1143 3015 1188 3060 in
1203 3013 1356 3061 faciem
1379 3010 1405 3060 a
1421 3013 1680 3063 Constantio
1706 3015 1924 3077 Augusto,
1961 3014 2083 3063 satel-

272 3082 351 3128 lite
370 3079 567 3128 fa6tionis
586 3116 600 3126 .
633 3084 738 3129 Haec
751 3117 764 3140 ,
797 3085 975 3129 Patrum
988 3081 1191 3131 cordibus
1206 3085 1251 3130 in
1263 3082 1418 3134 devios
1439 3082 1550 3131 filios
1570 3083 1824 3133 reducendis
1849 3084 2058 3152 aptissima
2072 3122 2084 3144 ,

271 3149 554 3200 demonstrari
579 3149 668 3198 scio
694 3150 822 3213 longe
848 3151 1127 3213 gratiffimum
1153 3157 1411 3202 Smer-run
1437 3158 1614 3203 VESTRAE
1639 3191 1653 3214 ,
1689 3155 1841 3223 utpote
1865 3160 1988 3221 cujus
2009 3173 2084 3222 pe-

272 3225 363 3269 stus
385 3219 599 3269 inhabitet
624 3224 668 3269 δι
692 3235 813 3283 regat
833 3220 995 3270 sanctus
1021 3223 1093 3271 ille
1106 3226 1312 3290 Spiritus,
1347 3241 1400 3273 ex
1427 3241 1518 3290 quo
1543 3223 1600 3272 ad
1627 3223 1927 3285 Sabinianum,
1963 3222 2083 3273 suum

272 3292 524 3339 Diaconum
549 3306 601 3338 ac
627 3292 673 3338 in
697 3292 838 3354 Regia
861 3292 1043 3341 civitate
1073 3292 1393 3360 Apocrisarium
1418 3330 1431 3353 ,
1467 3292 1629 3362 scripsit
1651 3298 1823 3343 Sanetus
1848 3296 2084 3358 Gregorius

274 3364 484 3423 Magnus:
523 3364 619 3408 Ante
626 3365 800 3429 paratior
817 3358 912 3427 βου
927 3366 1047 3422 mori,
1082 3380 1195 3427 quam
1207 3366 1306 3412 beati
1328 3363 1494 3431 Apostoli
1506 3369 1610 3411 Petri
1632 3363 1838 3429 Ecclesiam
1850 3369 1886 3412 in
1910 3370 1997 3412 meis
2009 3364 2084 3412 die-

273 3430 340 3477 bus
365 3429 600 3496 degenerare.
637 3434 694 3479 Et
707 3435 797 3495 jure
824 3434 1005 3481 merito.
1042 3431 1131 3481 Ubi
1158 3451 1347 3500 namque
1359 3437 1603 3482 Romanum
1618 3432 1877 3503 Episcopum
1901 3432 1980 3484 effe
2008 3437 2085 3484 im-

274 3498 478 3549 mobilem
495 3500 689 3550 Ecclesiae
708 3505 904 3565 Petram,
941 3520 992 3552 ac
1011 3504 1287 3553 inflexibilem
1302 3505 1404 3553 resti
1426 3503 1644 3566 dogmatis
1673 3504 1889 3555 custodem
1917 3504 2085 3573 persua-

1920 3579 2019 3626 ieri-
