<?xml version="1.0" encoding="UTF-8"?>
<!DOCTYPE html PUBLIC "-//W3C//DTD XHTML 1.0 Transitional//EN"
    "http://www.w3.org/TR/xhtml1/DTD/xhtml1-transitional.dtd">
<html xmlns="http://www.w3.org/1999/xhtml" xml:lang="en" lang="en">
 <head>
  <title>
</title>
<meta http-equiv="Content-Type" content="text/html;charset=utf-8" />
  <meta name='ocr-system' content='tesseract 3.04.00' />
  <meta name='ocr-capabilities' content='ocr_page ocr_carea ocr_par ocr_line ocrx_word'/>
</head>
<body>
  <div class='ocr_page' id='page_1' title='image "./operaomniastudio02lupuuoft_0123.png"; bbox 0 0 2340 3736; ppageno 0'>
   <div class='ocr_carea' id='block_1_1' title="bbox 635 128 1670 181">
    <p class='ocr_par' dir='ltr' id='par_1_1' title="bbox 635 128 1670 181">
     <span class='ocr_line' id='line_1_1' title="bbox 635 128 1670 181; baseline 0.002 -10"><span class='ocrx_word' id='word_1_1' title='bbox 635 128 941 181; x_wconf 68' lang='lat' dir='ltr'>Scuotns,</span> <span class='ocrx_word' id='word_1_2' title='bbox 981 128 1055 170; x_wconf 73' lang='grc' dir='ltr'>ε’τ-</span> <span class='ocrx_word' id='word_1_3' title='bbox 1078 136 1255 169; x_wconf 64' lang='lat' dir='ltr'>rto-trs</span> <span class='ocrx_word' id='word_1_4' title='bbox 1283 137 1670 173; x_wconf 62' lang='lat' dir='ltr'>inrisa-unm.</span> 
     </span>
    </p>
   </div>
   <div class='ocr_carea' id='block_1_2' title="bbox 1926 133 2017 184">
    <p class='ocr_par' dir='ltr' id='par_1_2' title="bbox 1926 133 2017 184">
     <span class='ocr_line' id='line_1_2' title="bbox 1926 133 2017 184; baseline 0 -5"><span class='ocrx_word' id='word_1_5' title='bbox 1926 133 2017 184; x_wconf 69' lang='lat' dir='ltr'>ior</span> 
     </span>
    </p>
   </div>
   <div class='ocr_carea' id='block_1_3' title="bbox 251 202 2082 252">
    <p class='ocr_par' dir='ltr' id='par_1_3' title="bbox 251 202 2082 252">
     <span class='ocr_line' id='line_1_3' title="bbox 251 202 2082 252; baseline 0.002 -8"><span class='ocrx_word' id='word_1_6' title='bbox 251 212 376 247; x_wconf 76' lang='lat' dir='ltr'>damno</span> <span class='ocrx_word' id='word_1_7' title='bbox 398 208 652 246; x_wconf 71' lang='lat' dir='ltr'><strong>revocabantur:</strong></span> <span class='ocrx_word' id='word_1_8' title='bbox 680 206 931 252; x_wconf 69' lang='lat' dir='ltr'>,Quodfiinjscria</span> <span class='ocrx_word' id='word_1_9' title='bbox 954 206 1138 248; x_wconf 75' lang='lat' dir='ltr'>Constitutio-</span> <span class='ocrx_word' id='word_1_10' title='bbox 1204 203 1281 239; x_wconf 79' lang='lat' dir='ltr'>titia</span> <span class='ocrx_word' id='word_1_11' title='bbox 1306 226 1319 244; x_wconf 85' lang='lat'>‚</span> <span class='ocrx_word' id='word_1_12' title='bbox 1341 205 1387 237; x_wconf 85' lang='lat' dir='ltr'>ad</span> <span class='ocrx_word' id='word_1_13' title='bbox 1401 202 1582 246; x_wconf 73' lang='lat' dir='ltr'><em>Episcopum</em></span> <span class='ocrx_word' id='word_1_14' title='bbox 1603 207 1700 249; x_wconf 78' lang='lat' dir='ltr'>refert</span> <span class='ocrx_word' id='word_1_15' title='bbox 1721 232 1730 241; x_wconf 88' lang='lat'>.</span> <span class='ocrx_word' id='word_1_16' title='bbox 1755 209 1915 246; x_wconf 84' lang='lat' dir='ltr'>Officium</span> <span class='ocrx_word' id='word_1_17' title='bbox 1939 209 2005 246; x_wconf 88' lang='lat' dir='ltr'>hoc</span> <span class='ocrx_word' id='word_1_18' title='bbox 2023 214 2082 248; x_wconf 75' lang='lat' dir='ltr'>{nb</span> 
     </span>
    </p>
   </div>
   <div class='ocr_carea' id='block_1_4' title="bbox 77 252 1137 1158">
    <p class='ocr_par' dir='ltr' id='par_1_4' title="bbox 77 252 1137 1158">
     <span class='ocr_line' id='line_1_4' title="bbox 77 252 1136 303; baseline -0.002 -11"><span class='ocrx_word' id='word_1_19' title='bbox 77 252 103 283; x_wconf 74' lang='lat' dir='ltr'><strong>c</strong></span> <span class='ocrx_word' id='word_1_20' title='bbox 105 261 151 292; x_wconf 73' lang='lat'>³1&gt;-</span> <span class='ocrx_word' id='word_1_21' title='bbox 160 265 186 291; x_wconf 86' lang='grc'>9·</span> <span class='ocrx_word' id='word_1_22' title='bbox 228 263 232 265; x_wconf 68' lang='grc'><strong><em>’</em></strong></span> <span class='ocrx_word' id='word_1_23' title='bbox 253 267 302 297; x_wconf 80' lang='lat' dir='ltr'>nis</span> <span class='ocrx_word' id='word_1_24' title='bbox 313 259 481 303; x_wconf 75' lang='lat' dir='ltr'>Imperialis</span> <span class='ocrx_word' id='word_1_25' title='bbox 491 260 619 293; x_wconf 68' lang='lat' dir='ltr'>clericos</span> <span class='ocrx_word' id='word_1_26' title='bbox 629 260 834 301; x_wconf 79' lang='lat' dir='ltr'><em>inquietandos</em></span> <span class='ocrx_word' id='word_1_27' title='bbox 848 264 1021 300; x_wconf 75' lang='lat' dir='ltr'>putaverint</span> <span class='ocrx_word' id='word_1_28' title='bbox 1033 258 1136 292; x_wconf 90' lang='lat' dir='ltr'>Mini-</span> 
     </span>
     <span class='ocr_line' id='line_1_5' title="bbox 250 307 1137 355; baseline -0.008 -9"><span class='ocrx_word' id='word_1_29' title='bbox 250 311 345 346; x_wconf 82' lang='lat' dir='ltr'>nistri</span> <span class='ocrx_word' id='word_1_30' title='bbox 365 309 588 355; x_wconf 61' lang='lat' dir='ltr'>Reipublicae,</span> <span class='ocrx_word' id='word_1_31' title='bbox 608 308 639 350; x_wconf 83' lang='lat' dir='ltr'><em>fi</em></span> <span class='ocrx_word' id='word_1_32' title='bbox 653 307 786 350; x_wconf 65' lang='lat' dir='ltr'>qu‘enfio</span> <span class='ocrx_word' id='word_1_33' title='bbox 800 308 1055 351; x_wconf 76' lang='lat' dir='ltr'>Ecclefiasticanos</span> <span class='ocrx_word' id='word_1_34' title='bbox 1078 318 1137 346; x_wconf 82' lang='lat' dir='ltr'>non</span> 
     </span>
     <span class='ocr_line' id='line_1_6' title="bbox 249 357 1137 408; baseline -0.005 -13"><span class='ocrx_word' id='word_1_35' title='bbox 249 361 366 396; x_wconf 71' lang='lat' dir='ltr'>deridet</span> <span class='ocrx_word' id='word_1_36' title='bbox 379 384 390 400; x_wconf 92' lang='lat'><strong>,</strong></span> <span class='ocrx_word' id='word_1_37' title='bbox 412 361 509 402; x_wconf 79' lang='lat' dir='ltr'>pudor</span> <span class='ocrx_word' id='word_1_38' title='bbox 527 359 666 402; x_wconf 88' lang='lat' dir='ltr'>publicus</span> <span class='ocrx_word' id='word_1_39' title='bbox 689 359 894 393; x_wconf 73' lang='lat' dir='ltr'><em>vindicabitur</em></span> <span class='ocrx_word' id='word_1_40' title='bbox 914 384 922 391; x_wconf 91' lang='lat'><strong>.</strong></span> <span class='ocrx_word' id='word_1_41' title='bbox 947 359 992 392; x_wconf 85' lang='lat' dir='ltr'>Et</span> <span class='ocrx_word' id='word_1_42' title='bbox 1021 357 1137 408; x_wconf 68' lang='lat' dir='ltr'>quinta</span> 
     </span>
     <span class='ocr_line' id='line_1_7' title="bbox 250 406 1137 456; baseline -0.002 -12"><span class='ocrx_word' id='word_1_43' title='bbox 250 409 406 452; x_wconf 77' lang='lat' dir='ltr'><strong>synodus</strong></span> <span class='ocrx_word' id='word_1_44' title='bbox 429 408 713 456; x_wconf 51' lang='lat' dir='ltr'>Carthaginensi&amp;</span> <span class='ocrx_word' id='word_1_45' title='bbox 738 407 1016 452; x_wconf 74' lang='lat' dir='ltr'>Abimperatoribus</span> <span class='ocrx_word' id='word_1_46' title='bbox 1038 406 1137 451; x_wconf 58' lang='lat' dir='ltr'>visum</span> 
     </span>
     <span class='ocr_line' id='line_1_8' title="bbox 251 458 1136 504; baseline -0.005 -11"><span class='ocrx_word' id='word_1_47' title='bbox 251 459 442 503; x_wconf 65' lang='lat' dir='ltr'>efluniverfis</span> <span class='ocrx_word' id='word_1_48' title='bbox 461 459 664 504; x_wconf 66' lang='lat' dir='ltr'>postulandum</span> <span class='ocrx_word' id='word_1_49' title='bbox 672 469 795 503; x_wconf 84' lang='lat' dir='ltr'>propter.</span> <span class='ocrx_word' id='word_1_50' title='bbox 817 458 1007 500; x_wconf 53' lang='lat' dir='ltr'>afflicqionem</span> <span class='ocrx_word' id='word_1_51' title='bbox 1024 466 1136 500; x_wconf 80' lang='lat' dir='ltr'>paupe-</span> 
     </span>
     <span class='ocr_line' id='line_1_9' title="bbox 250 508 1134 553; baseline -0.002 -11"><span class='ocrx_word' id='word_1_52' title='bbox 250 521 315 543; x_wconf 86' lang='lat' dir='ltr'>rum</span> <span class='ocrx_word' id='word_1_53' title='bbox 325 535 337 552; x_wconf 90' lang='lat'>‚</span> <span class='ocrx_word' id='word_1_54' title='bbox 359 520 481 553; x_wconf 86' lang='lat' dir='ltr'>quorum</span> <span class='ocrx_word' id='word_1_55' title='bbox 491 511 624 551; x_wconf 65' lang='lat' dir='ltr'>molestus</span> <span class='ocrx_word' id='word_1_56' title='bbox 631 510 694 552; x_wconf 83' lang='lat' dir='ltr'>fine</span> <span class='ocrx_word' id='word_1_57' title='bbox 705 508 1064 552; x_wconf 53' lang='lat' dir='ltr'>intermifflonefatggatur</span> <span class='ocrx_word' id='word_1_58' title='bbox 1075 511 1134 547; x_wconf 67' lang='lat' dir='ltr'>‚Ec-.-</span> 
     </span>
     <span class='ocr_line' id='line_1_10' title="bbox 249 559 1134 605; baseline -0.002 -12"><span class='ocrx_word' id='word_1_59' title='bbox 249 559 332 602; x_wconf 85' lang='lat' dir='ltr'>clefia</span> <span class='ocrx_word' id='word_1_60' title='bbox 343 585 356 604; x_wconf 86' lang='lat'><em>,</em></span> <span class='ocrx_word' id='word_1_61' title='bbox 381 570 415 597; x_wconf 85' lang='lat' dir='ltr'>ut</span> <span class='ocrx_word' id='word_1_62' title='bbox 425 560 596 605; x_wconf 83' lang='lat' dir='ltr'>Defensores</span> <span class='ocrx_word' id='word_1_63' title='bbox 620 559 819 594; x_wconf 72' lang='lat' dir='ltr'>eisadversus</span> <span class='ocrx_word' id='word_1_64' title='bbox 836 564 989 601; x_wconf 83' lang='lat' dir='ltr'><em>potentias</em></span> <span class='ocrx_word' id='word_1_65' title='bbox 1004 560 1134 591; x_wconf 79' lang='lat' dir='ltr'>divitum</span> 
     </span>
     <span class='ocr_line' id='line_1_11' title="bbox 246 608 1132 654; baseline -0.002 -10"><span class='ocrx_word' id='word_1_66' title='bbox 246 622 317 647; x_wconf 74' lang='lat' dir='ltr'>cum</span> <span class='ocrx_word' id='word_1_67' title='bbox 338 609 549 654; x_wconf 81' lang='lat' dir='ltr'>Episcoporum</span> <span class='ocrx_word' id='word_1_68' title='bbox 562 609 728 654; x_wconf 80' lang='lat' dir='ltr'>provifione</span> <span class='ocrx_word' id='word_1_69' title='bbox 753 608 920 652; x_wconf 84' lang='lat' dir='ltr'>delegentur</span> <span class='ocrx_word' id='word_1_70' title='bbox 934 634 942 641; x_wconf 83' lang='lat'><strong>.</strong></span> <span class='ocrx_word' id='word_1_71' title='bbox 971 610 1014 643; x_wconf 90' lang='lat' dir='ltr'>Et</span> <span class='ocrx_word' id='word_1_72' title='bbox 1027 610 1132 652; x_wconf 91' lang='lat' dir='ltr'>Syno-</span> 
     </span>
     <span class='ocr_line' id='line_1_12' title="bbox 248 658 1133 701; baseline -0.005 -6"><span class='ocrx_word' id='word_1_73' title='bbox 248 660 538 700; x_wconf 57' lang='lat' dir='ltr'>dusMilevitana„</span> <span class='ocrx_word' id='word_1_74' title='bbox 562 661 679 693; x_wconf 82' lang='lat' dir='ltr'><em>Placuit</em></span> <span class='ocrx_word' id='word_1_75' title='bbox 692 682 704 698; x_wconf 87' lang='lat'>,</span> <span class='ocrx_word' id='word_1_76' title='bbox 729 666 763 692; x_wconf 85' lang='lat' dir='ltr'>ut</span> <span class='ocrx_word' id='word_1_77' title='bbox 769 661 921 701; x_wconf 62' lang='lat' dir='ltr'>peramara</span> <span class='ocrx_word' id='word_1_78' title='bbox 933 658 1133 701; x_wconf 79' lang='lat' dir='ltr'>Gloriofiffanis</span> 
     </span>
     <span class='ocr_line' id='line_1_13' title="bbox 249 708 1134 754; baseline -0.008 -7"><span class='ocrx_word' id='word_1_79' title='bbox 249 711 481 754; x_wconf 60' lang='lat' dir='ltr'>Imperatorum</span> <span class='ocrx_word' id='word_1_80' title='bbox 493 733 506 750; x_wconf 89' lang='lat'><strong>,</strong></span> <span class='ocrx_word' id='word_1_81' title='bbox 527 717 565 743; x_wconf 86' lang='lat' dir='ltr'>ut</span> <span class='ocrx_word' id='word_1_82' title='bbox 568 709 697 750; x_wconf 79' lang='lat' dir='ltr'>jubeant</span> <span class='ocrx_word' id='word_1_83' title='bbox 709 710 862 751; x_wconf 79' lang='lat' dir='ltr'>judicibus</span> <span class='ocrx_word' id='word_1_84' title='bbox 873 712 946 744; x_wconf 84' lang='lat' dir='ltr'>dare</span> <span class='ocrx_word' id='word_1_85' title='bbox 962 714 1075 752; x_wconf 83' lang='lat' dir='ltr'>peritos</span> <span class='ocrx_word' id='word_1_86' title='bbox 1077 708 1134 751; x_wconf 82' lang='lat' dir='ltr'>fibi</span> 
     </span>
     <span class='ocr_line' id='line_1_14' title="bbox 250 758 1134 805; baseline -0.003 -10"><span class='ocrx_word' id='word_1_87' title='bbox 250 759 424 805; x_wconf 73' lang='lat' dir='ltr'>Defensores</span> <span class='ocrx_word' id='word_1_88' title='bbox 443 758 627 801; x_wconf 79' lang='lat' dir='ltr'>scholasticos</span> <span class='ocrx_word' id='word_1_89' title='bbox 640 784 652 800; x_wconf 91' lang='lat'>‚</span> <span class='ocrx_word' id='word_1_90' title='bbox 678 764 773 803; x_wconf 79' lang='lat' dir='ltr'>quiin</span> <span class='ocrx_word' id='word_1_91' title='bbox 798 761 930 803; x_wconf 72' lang='lat' dir='ltr'>ac¹7ufint</span> <span class='ocrx_word' id='word_1_92' title='bbox 942 761 995 794; x_wconf 82' lang='lat' dir='ltr'>vel</span> <span class='ocrx_word' id='word_1_93' title='bbox 1004 765 1037 793; x_wconf 85' lang='lat' dir='ltr'>in</span> <span class='ocrx_word' id='word_1_94' title='bbox 1049 761 1134 802; x_wconf 82' lang='lat' dir='ltr'>officio</span> 
     </span>
     <span class='ocr_line' id='line_1_15' title="bbox 249 807 1134 854; baseline -0.001 -9"><span class='ocrx_word' id='word_1_95' title='bbox 249 809 432 854; x_wconf 74' lang='lat' dir='ltr'>Deftnfionis</span> <span class='ocrx_word' id='word_1_96' title='bbox 452 807 606 853; x_wconf 82' lang='lat' dir='ltr'>causarum</span> <span class='ocrx_word' id='word_1_97' title='bbox 627 810 908 852; x_wconf 69' lang='lat' dir='ltr'>Ecclefiasticarum,</span> <span class='ocrx_word' id='word_1_98' title='bbox 934 821 1013 844; x_wconf 89' lang='lat' dir='ltr'>more</span> <span class='ocrx_word' id='word_1_99' title='bbox 1036 812 1134 844; x_wconf 78' lang='lat' dir='ltr'>sacer-</span> 
     </span>
     <span class='ocr_line' id='line_1_16' title="bbox 248 855 1134 904; baseline 0 -10"><span class='ocrx_word' id='word_1_100' title='bbox 248 855 350 894; x_wconf 70' lang='lat' dir='ltr'>domn</span> <span class='ocrx_word' id='word_1_101' title='bbox 369 862 562 901; x_wconf 62' lang='lat' dir='ltr'>Provincia,</span> <span class='ocrx_word' id='word_1_102' title='bbox 585 869 620 894; x_wconf 83' lang='lat' dir='ltr'>ut</span> <span class='ocrx_word' id='word_1_103' title='bbox 642 862 734 895; x_wconf 76' lang='lat' dir='ltr'>iidem</span> <span class='ocrx_word' id='word_1_104' title='bbox 756 860 813 903; x_wconf 77' lang='lat' dir='ltr'>ipſs</span> <span class='ocrx_word' id='word_1_105' title='bbox 830 886 842 902; x_wconf 89' lang='lat'>‚</span> <span class='ocrx_word' id='word_1_106' title='bbox 868 866 918 904; x_wconf 82' lang='lat' dir='ltr'>qui</span> <span class='ocrx_word' id='word_1_107' title='bbox 940 860 1134 903; x_wconf 82' lang='lat' dir='ltr'>Ecclefiarum</span> 
     </span>
     <span class='ocr_line' id='line_1_17' title="bbox 249 907 1133 954; baseline 0.001 -10"><span class='ocrx_word' id='word_1_108' title='bbox 249 907 449 953; x_wconf 70' lang='lat' dir='ltr'>Definfionem</span> <span class='ocrx_word' id='word_1_109' title='bbox 449 908 651 954; x_wconf 69' lang='lat' dir='ltr'>susceperint,</span> <span class='ocrx_word' id='word_1_110' title='bbox 676 911 807 948; x_wconf 80' lang='lat' dir='ltr'>babeant</span> <span class='ocrx_word' id='word_1_111' title='bbox 821 912 1002 954; x_wconf 67' lang='lat' dir='ltr'>facultatem</span> <span class='ocrx_word' id='word_1_112' title='bbox 1017 918 1074 953; x_wconf 81' lang='lat' dir='ltr'>pro</span> <span class='ocrx_word' id='word_1_113' title='bbox 1086 922 1133 945; x_wconf 89' lang='lat' dir='ltr'>ne-</span> 
     </span>
     <span class='ocr_line' id='line_1_18' title="bbox 245 959 1136 1005; baseline 0.003 -13"><span class='ocrx_word' id='word_1_114' title='bbox 245 965 335 1004; x_wconf 73' lang='lat' dir='ltr'>gotiis</span> <span class='ocrx_word' id='word_1_115' title='bbox 356 959 548 1003; x_wconf 72' lang='lat' dir='ltr'>Eccleffltrum</span> <span class='ocrx_word' id='word_1_116' title='bbox 561 985 573 1002; x_wconf 92' lang='lat'>‚</span> <span class='ocrx_word' id='word_1_117' title='bbox 599 962 868 1005; x_wconf 63' lang='lat' dir='ltr'>quoties&#39;neceffitas</span> <span class='ocrx_word' id='word_1_118' title='bbox 886 964 1059 1005; x_wconf 79' lang='lat' dir='ltr'>flagitarit,</span> <span class='ocrx_word' id='word_1_119' title='bbox 1085 963 1136 1003; x_wconf 71' lang='lat' dir='ltr'>vel</span> 
     </span>
     <span class='ocr_line' id='line_1_19' title="bbox 250 1008 1133 1054; baseline 0 -11"><span class='ocrx_word' id='word_1_120' title='bbox 250 1010 298 1043; x_wconf 78' lang='lat' dir='ltr'>ad</span> <span class='ocrx_word' id='word_1_121' title='bbox 308 1008 498 1054; x_wconf 78' lang='lat' dir='ltr'>obfiflendum</span> <span class='ocrx_word' id='word_1_122' title='bbox 506 1012 613 1051; x_wconf 73' lang='lat' dir='ltr'>callide</span> <span class='ocrx_word' id='word_1_123' title='bbox 623 1012 837 1054; x_wconf 74' lang='lat' dir='ltr'><em>decipientibus</em></span> <span class='ocrx_word' id='word_1_124' title='bbox 847 1013 901 1049; x_wconf 71' lang='lat' dir='ltr'>vel</span> <span class='ocrx_word' id='word_1_125' title='bbox 908 1010 1109 1054; x_wconf 73' lang='lat' dir='ltr'><em>obrepentibus</em></span> <span class='ocrx_word' id='word_1_126' title='bbox 1122 1035 1133 1052; x_wconf 91' lang='lat'>‚</span> 
     </span>
     <span class='ocr_line' id='line_1_20' title="bbox 248 1060 1134 1107; baseline 0.002 -14"><span class='ocrx_word' id='word_1_127' title='bbox 248 1060 355 1093; x_wconf 80' lang='lat' dir='ltr'>velad</span> <span class='ocrx_word' id='word_1_128' title='bbox 363 1060 735 1107; x_wconf 68' lang='lat' dir='ltr'>neceffariasficggmnda,</span> <span class='ocrx_word' id='word_1_129' title='bbox 759 1063 875 1106; x_wconf 81' lang='lat' dir='ltr'><em>ingredi</em></span> <span class='ocrx_word' id='word_1_130' title='bbox 888 1064 1026 1104; x_wconf 72' lang='lat' dir='ltr'>judicum</span> <span class='ocrx_word' id='word_1_131' title='bbox 1042 1060 1134 1105; x_wconf 83' lang='lat' dir='ltr'>secre-</span> 
     </span>
     <span class='ocr_line' id='line_1_21' title="bbox 248 1110 1133 1158; baseline 0.003 -17"><span class='ocrx_word' id='word_1_132' title='bbox 248 1115 332 1142; x_wconf 76' lang='lat' dir='ltr'>taria</span> <span class='ocrx_word' id='word_1_133' title='bbox 342 1134 351 1142; x_wconf 89' lang='lat'><strong><em>.</em></strong></span> <span class='ocrx_word' id='word_1_134' title='bbox 377 1110 424 1144; x_wconf 89' lang='lat' dir='ltr'>Et</span> <span class='ocrx_word' id='word_1_135' title='bbox 433 1112 570 1146; x_wconf 68' lang='lat' dir='ltr'>Sanctus</span> <span class='ocrx_word' id='word_1_136' title='bbox 583 1112 763 1158; x_wconf 73' lang='lat' dir='ltr'>Gregorius</span> <span class='ocrx_word' id='word_1_137' title='bbox 773 1114 919 1157; x_wconf 87' lang='lat' dir='ltr'>Magnus</span> <span class='ocrx_word' id='word_1_138' title='bbox 932 1111 1133 1155; x_wconf 63' lang='lat' dir='ltr'>Ecclefiasticae</span> 
     </span>
    </p>
   </div>
   <div class='ocr_carea' id='block_1_5' title="bbox 76 637 214 678">
    <p class='ocr_par' dir='ltr' id='par_1_5' title="bbox 76 637 214 678">
     <span class='ocr_line' id='line_1_22' title="bbox 76 637 214 678; baseline -0.029 -9"><span class='ocrx_word' id='word_1_139' title='bbox 76 637 150 678; x_wconf 81' lang='lat' dir='ltr'>Cap.</span> <span class='ocrx_word' id='word_1_140' title='bbox 170 640 214 668; x_wconf 79' lang='lat'>16.</span> 
     </span>
    </p>
   </div>
   <div class='ocr_carea' id='block_1_6' title="bbox 74 1161 1142 1207">
    <p class='ocr_par' dir='ltr' id='par_1_6' title="bbox 74 1161 1142 1207">
     <span class='ocr_line' id='line_1_23' title="bbox 74 1161 1142 1207; baseline 0 -11"><span class='ocrx_word' id='word_1_141' title='bbox 74 1169 138 1205; x_wconf 45' lang='grc' dir='ltr'>ιη.</span> <span class='ocrx_word' id='word_1_142' title='bbox 157 1161 391 1207; x_wconf 65' lang='grc' dir='ltr'>ε.ις,,ιι1ὶ1ὶΐαΐὶ;</span> <span class='ocrx_word' id='word_1_143' title='bbox 408 1165 517 1199; x_wconf 66' lang='lat' dir='ltr'>int-auu</span> <span class='ocrx_word' id='word_1_144' title='bbox 541 1173 629 1201; x_wconf 88' lang='lat' dir='ltr'>creat</span> <span class='ocrx_word' id='word_1_145' title='bbox 651 1162 891 1206; x_wconf 82' lang='lat' dir='ltr'>Vincomalum</span> <span class='ocrx_word' id='word_1_146' title='bbox 915 1163 1142 1202; x_wconf 30' lang='lat' dir='ltr'>Defensorem*</span> 
     </span>
    </p>
   </div>
   <div class='ocr_carea' id='block_1_7' title="bbox 72 1208 1137 3360">
    <p class='ocr_par' dir='ltr' id='par_1_7' title="bbox 72 1208 1137 2445">
     <span class='ocr_line' id='line_1_24' title="bbox 249 1208 1134 1257; baseline 0.001 -14"><span class='ocrx_word' id='word_1_147' title='bbox 249 1208 311 1243; x_wconf 89' lang='lat' dir='ltr'>hac</span> <span class='ocrx_word' id='word_1_148' title='bbox 333 1209 426 1256; x_wconf 89' lang='lat' dir='ltr'>lege:</span> <span class='ocrx_word' id='word_1_149' title='bbox 450 1215 492 1251; x_wconf 73' lang='lat' dir='ltr'>Ut</span> <span class='ocrx_word' id='word_1_150' title='bbox 500 1214 651 1256; x_wconf 73' lang='lat' dir='ltr'>quidquid</span> <span class='ocrx_word' id='word_1_151' title='bbox 665 1222 725 1257; x_wconf 83' lang='lat' dir='ltr'>pro</span> <span class='ocrx_word' id='word_1_152' title='bbox 729 1221 901 1257; x_wconf 86' lang='lat' dir='ltr'>pauperum</span> <span class='ocrx_word' id='word_1_153' title='bbox 910 1214 1066 1254; x_wconf 74' lang='lat' dir='ltr'>commodis</span> <span class='ocrx_word' id='word_1_154' title='bbox 1079 1210 1134 1253; x_wconf 72' lang='lat' dir='ltr'>tibi</span> 
     </span>
     <span class='ocr_line' id='line_1_25' title="bbox 248 1259 1133 1306; baseline 0.007 -14"><span class='ocrx_word' id='word_1_155' title='bbox 248 1260 270 1293; x_wconf 71' lang='grc' dir='ltr'><em>ἃ</em></span> <span class='ocrx_word' id='word_1_156' title='bbox 280 1259 364 1292; x_wconf 79' lang='lat' dir='ltr'>nobis</span> <span class='ocrx_word' id='word_1_157' title='bbox 375 1260 642 1303; x_wconf 67' lang='lat' dir='ltr'>inJunHusnfuer-it</span> <span class='ocrx_word' id='word_1_158' title='bbox 653 1288 665 1305; x_wconf 93' lang='lat'>,</span> <span class='ocrx_word' id='word_1_159' title='bbox 690 1265 855 1306; x_wconf 64' lang='lat' dir='ltr'>incorrupte*</span> <span class='ocrx_word' id='word_1_160' title='bbox 865 1264 900 1297; x_wconf 68' lang='grc' dir='ltr'>ὀ·</span> <span class='ocrx_word' id='word_1_161' title='bbox 913 1268 1061 1297; x_wconf 69' lang='grc' dir='ltr'>ἰιὶυαεὶιεν</span> <span class='ocrx_word' id='word_1_162' title='bbox 1070 1273 1133 1296; x_wconf 82' lang='lat' dir='ltr'>exe·</span> 
     </span>
     <span class='ocr_line' id='line_1_26' title="bbox 73 1309 1137 1362; baseline 0.005 -21"><span class='ocrx_word' id='word_1_163' title='bbox 73 1323 231 1362; x_wconf 69' lang='lat' dir='ltr'>L·⁷·EP-17o</span> <span class='ocrx_word' id='word_1_164' title='bbox 246 1314 370 1352; x_wconf 61' lang='lat' dir='ltr'>guaris.</span> <span class='ocrx_word' id='word_1_165' title='bbox 397 1309 443 1343; x_wconf 89' lang='lat' dir='ltr'>Et</span> <span class='ocrx_word' id='word_1_166' title='bbox 454 1309 491 1350; x_wconf 84' lang='lat' dir='ltr'>in</span> <span class='ocrx_word' id='word_1_167' title='bbox 502 1309 619 1351; x_wconf 85' lang='lat' dir='ltr'>litteris</span> <span class='ocrx_word' id='word_1_168' title='bbox 628 1313 670 1347; x_wconf 85' lang='lat' dir='ltr'>ad</span> <span class='ocrx_word' id='word_1_169' title='bbox 691 1313 907 1348; x_wconf 79' lang='lat' dir='ltr'>BonifacIum</span> <span class='ocrx_word' id='word_1_170' title='bbox 917 1312 1059 1356; x_wconf 85' lang='lat' dir='ltr'>primum</span> <span class='ocrx_word' id='word_1_171' title='bbox 1068 1313 1137 1346; x_wconf 90' lang='lat' dir='ltr'>De-</span> 
     </span>
     <span class='ocr_line' id='line_1_27' title="bbox 249 1360 1136 1406; baseline 0.002 -12"><span class='ocrx_word' id='word_1_172' title='bbox 249 1360 414 1394; x_wconf 87' lang='lat' dir='ltr'>fensorem</span> <span class='ocrx_word' id='word_1_173' title='bbox 424 1360 549 1403; x_wconf 85' lang='lat' dir='ltr'>scribit,</span> <span class='ocrx_word' id='word_1_174' title='bbox 560 1361 757 1406; x_wconf 62' lang='lat' dir='ltr'>Defensorum</span> <span class='ocrx_word' id='word_1_175' title='bbox 766 1364 888 1406; x_wconf 79' lang='lat' dir='ltr'>officium</span> <span class='ocrx_word' id='word_1_176' title='bbox 899 1368 932 1396; x_wconf 82' lang='lat' dir='ltr'>in</span> <span class='ocrx_word' id='word_1_177' title='bbox 939 1362 1028 1406; x_wconf 83' lang='lat' dir='ltr'>caufis</span> <span class='ocrx_word' id='word_1_178' title='bbox 1037 1364 1136 1396; x_wconf 85' lang='lat' dir='ltr'>Eccle—</span> 
     </span>
     <span class='ocr_line' id='line_1_28' title="bbox 241 1408 1136 1458; baseline 0.001 -14"><span class='ocrx_word' id='word_1_179' title='bbox 241 1408 298 1458; x_wconf 76' lang='lat' dir='ltr'>fiae</span> <span class='ocrx_word' id='word_1_180' title='bbox 318 1411 355 1444; x_wconf 67' lang='grc' dir='ltr'>ὁ·</span> <span class='ocrx_word' id='word_1_181' title='bbox 367 1412 538 1455; x_wconf 77' lang='lat' dir='ltr'>Pontificum</span> <span class='ocrx_word' id='word_1_182' title='bbox 558 1412 702 1457; x_wconf 71' lang='lat' dir='ltr'>obsequiis</span> <span class='ocrx_word' id='word_1_183' title='bbox 712 1414 871 1455; x_wconf 82' lang='lat' dir='ltr'>laborare..</span> <span class='ocrx_word' id='word_1_184' title='bbox 891 1415 937 1448; x_wconf 87' lang='lat' dir='ltr'>Et</span> <span class='ocrx_word' id='word_1_185' title='bbox 950 1412 1136 1448; x_wconf 83' lang='lat' dir='ltr'>VitaliSar-</span> 
     </span>
     <span class='ocr_line' id='line_1_29' title="bbox 248 1459 1133 1509; baseline 0.002 -15"><span class='ocrx_word' id='word_1_186' title='bbox 248 1459 349 1494; x_wconf 82' lang='lat' dir='ltr'>diniae</span> <span class='ocrx_word' id='word_1_187' title='bbox 357 1459 534 1509; x_wconf 84' lang='lat' dir='ltr'>Defensori</span> <span class='ocrx_word' id='word_1_188' title='bbox 548 1461 706 1504; x_wconf 85' lang='lat' dir='ltr'>mandat,</span> <span class='ocrx_word' id='word_1_189' title='bbox 731 1474 777 1499; x_wconf 84' lang='lat' dir='ltr'>ut·</span> <span class='ocrx_word' id='word_1_190' title='bbox 791 1462 997 1498; x_wconf 79' lang='lat' dir='ltr'>monasteriis</span> <span class='ocrx_word' id='word_1_191' title='bbox 1019 1471 1133 1498; x_wconf 88' lang='lat' dir='ltr'>contra</span> 
     </span>
     <span class='ocr_line' id='line_1_30' title="bbox 247 1510 1135 1557; baseline 0.003 -13"><span class='ocrx_word' id='word_1_192' title='bbox 247 1511 441 1554; x_wconf 83' lang='lat' dir='ltr'>quommvis</span> <span class='ocrx_word' id='word_1_193' title='bbox 449 1510 584 1555; x_wconf 84' lang='lat' dir='ltr'>injurias</span> <span class='ocrx_word' id='word_1_194' title='bbox 594 1537 605 1554; x_wconf 90' lang='lat'><strong>,</strong></span> <span class='ocrx_word' id='word_1_195' title='bbox 616 1514 651 1554; x_wconf 71' lang='grc' dir='ltr'>ἀ</span> <span class='ocrx_word' id='word_1_196' title='bbox 661 1513 799 1549; x_wconf 87' lang='lat' dir='ltr'>Clericis</span> <span class='ocrx_word' id='word_1_197' title='bbox 807 1525 923 1549; x_wconf 87' lang='lat' dir='ltr'>contra</span> <span class='ocrx_word' id='word_1_198' title='bbox 933 1513 1047 1557; x_wconf 88' lang='lat' dir='ltr'>iniqua</span> <span class='ocrx_word' id='word_1_199' title='bbox 1059 1513 1135 1557; x_wconf 87' lang='lat' dir='ltr'>Epi·</span> 
     </span>
     <span class='ocr_line' id='line_1_31' title="bbox 247 1562 1134 1607; baseline 0.002 -13"><span class='ocrx_word' id='word_1_200' title='bbox 247 1562 423 1604; x_wconf 87' lang='lat' dir='ltr'>scoporum</span> <span class='ocrx_word' id='word_1_201' title='bbox 434 1564 625 1606; x_wconf 87' lang='lat' dir='ltr'>gravamina</span> <span class='ocrx_word' id='word_1_202' title='bbox 638 1564 786 1599; x_wconf 86' lang='lat' dir='ltr'>officium</span> <span class='ocrx_word' id='word_1_203' title='bbox 792 1563 1002 1600; x_wconf 82' lang='lat' dir='ltr'>Defenfionis</span> <span class='ocrx_word' id='word_1_204' title='bbox 1014 1564 1134 1607; x_wconf 89' lang='lat' dir='ltr'>impen-</span> 
     </span>
     <span class='ocr_line' id='line_1_32' title="bbox 247 1610 1135 1658; baseline 0.001 -13"><span class='ocrx_word' id='word_1_205' title='bbox 247 1610 304 1644; x_wconf 84' lang='lat' dir='ltr'>dat</span> <span class='ocrx_word' id='word_1_206' title='bbox 324 1633 336 1649; x_wconf 88' lang='lat'>,</span> <span class='ocrx_word' id='word_1_207' title='bbox 359 1611 483 1652; x_wconf 83' lang='lat' dir='ltr'>addens</span> <span class='ocrx_word' id='word_1_208' title='bbox 506 1613 548 1647; x_wconf 90' lang='lat' dir='ltr'>de</span> <span class='ocrx_word' id='word_1_209' title='bbox 568 1614 810 1658; x_wconf 86' lang='lat' dir='ltr'>gravaminibus</span> <span class='ocrx_word' id='word_1_210' title='bbox 829 1615 883 1649; x_wconf 76' lang='lat' dir='ltr'>seu</span> <span class='ocrx_word' id='word_1_211' title='bbox 909 1613 1135 1658; x_wconf 82' lang='lat' dir='ltr'>punitionibus</span> 
     </span>
     <span class='ocr_line' id='line_1_33' title="bbox 250 1659 1136 1706; baseline 0.003 -13"><span class='ocrx_word' id='word_1_212' title='bbox 250 1659 364 1703; x_wconf 69' lang='lat' dir='ltr'>iustis:</span> <span class='ocrx_word' id='word_1_213' title='bbox 394 1660 574 1706; x_wconf 76' lang='lat' dir='ltr'><em>Episcopum</em></span> <span class='ocrx_word' id='word_1_214' title='bbox 584 1671 750 1705; x_wconf 81' lang='lat' dir='ltr'>reverenter</span> <span class='ocrx_word' id='word_1_215' title='bbox 773 1666 894 1704; x_wconf 71' lang='lat' dir='ltr'>accede,</span> <span class='ocrx_word' id='word_1_216' title='bbox 919 1665 1049 1706; x_wconf 74' lang='lat' dir='ltr'>&amp;apud</span> <span class='ocrx_word' id='word_1_217' title='bbox 1071 1674 1136 1697; x_wconf 88' lang='lat' dir='ltr'>eum</span> 
     </span>
     <span class='ocr_line' id='line_1_34' title="bbox 248 1709 1134 1759; baseline 0.007 -17"><span class='ocrx_word' id='word_1_218' title='bbox 248 1721 307 1742; x_wconf 79' lang='lat' dir='ltr'>non</span> <span class='ocrx_word' id='word_1_219' title='bbox 331 1709 476 1755; x_wconf 79' lang='lat' dir='ltr'><em>Defensor</em></span> <span class='ocrx_word' id='word_1_220' title='bbox 497 1714 588 1755; x_wconf 82' lang='lat' dir='ltr'>culpae</span> <span class='ocrx_word' id='word_1_221' title='bbox 611 1739 623 1755; x_wconf 92' lang='lat'>,</span> <span class='ocrx_word' id='word_1_222' title='bbox 646 1713 703 1757; x_wconf 71' lang='lat' dir='ltr'>sed</span> <span class='ocrx_word' id='word_1_223' title='bbox 717 1716 817 1756; x_wconf 72' lang='lat' dir='ltr'>potius</span> <span class='ocrx_word' id='word_1_224' title='bbox 841 1716 1004 1759; x_wconf 69' lang='lat' dir='ltr'>interceffor</span> <span class='ocrx_word' id='word_1_225' title='bbox 1030 1713 1134 1754; x_wconf 81' lang='lat' dir='ltr'>existe.</span> 
     </span>
     <span class='ocr_line' id='line_1_35' title="bbox 246 1759 1135 1806; baseline 0.003 -12"><span class='ocrx_word' id='word_1_226' title='bbox 246 1759 474 1796; x_wconf 74' lang='lat' dir='ltr'>Ecclefiastica</span> <span class='ocrx_word' id='word_1_227' title='bbox 495 1769 641 1806; x_wconf 81' lang='lat' dir='ltr'>namque</span> <span class='ocrx_word' id='word_1_228' title='bbox 665 1764 866 1798; x_wconf 81' lang='lat' dir='ltr'>Defensione</span> <span class='ocrx_word' id='word_1_229' title='bbox 888 1765 1010 1799; x_wconf 85' lang='lat' dir='ltr'>firmati</span> <span class='ocrx_word' id='word_1_230' title='bbox 1030 1787 1041 1803; x_wconf 94' lang='lat'>,</span> <span class='ocrx_word' id='word_1_231' title='bbox 1065 1775 1135 1798; x_wconf 92' lang='lat' dir='ltr'>non</span> 
     </span>
     <span class='ocr_line' id='line_1_36' title="bbox 250 1808 1137 1858; baseline 0.006 -16"><span class='ocrx_word' id='word_1_232' title='bbox 250 1808 347 1850; x_wconf 86' lang='lat' dir='ltr'>solvi,</span> <span class='ocrx_word' id='word_1_233' title='bbox 357 1819 414 1843; x_wconf 85' lang='lat' dir='ltr'>aut</span> <span class='ocrx_word' id='word_1_234' title='bbox 425 1810 496 1844; x_wconf 77' lang='lat' dir='ltr'>laedi</span> <span class='ocrx_word' id='word_1_235' title='bbox 506 1810 605 1846; x_wconf 91' lang='lat' dir='ltr'>debet</span> <span class='ocrx_word' id='word_1_236' title='bbox 616 1812 767 1847; x_wconf 77' lang='lat' dir='ltr'>Ecclefiae</span> <span class='ocrx_word' id='word_1_237' title='bbox 777 1813 945 1858; x_wconf 70' lang='lat' dir='ltr'>disciplina</span> <span class='ocrx_word' id='word_1_238' title='bbox 957 1839 965 1846; x_wconf 89' lang='lat'><strong><em>.</em></strong></span> <span class='ocrx_word' id='word_1_239' title='bbox 992 1813 1025 1847; x_wconf 90' lang='lat' dir='ltr'>A</span> <span class='ocrx_word' id='word_1_240' title='bbox 1037 1813 1137 1847; x_wconf 79' lang='lat' dir='ltr'>Nere-</span> 
     </span>
     <span class='ocr_line' id='line_1_37' title="bbox 247 1858 1133 1908; baseline 0.003 -15"><span class='ocrx_word' id='word_1_241' title='bbox 247 1858 305 1893; x_wconf 88' lang='lat' dir='ltr'>ida</span> <span class='ocrx_word' id='word_1_242' title='bbox 323 1858 494 1895; x_wconf 85' lang='lat' dir='ltr'>clariffima</span> <span class='ocrx_word' id='word_1_243' title='bbox 526 1861 613 1905; x_wconf 88' lang='lat' dir='ltr'>apud</span> <span class='ocrx_word' id='word_1_244' title='bbox 637 1863 755 1897; x_wconf 85' lang='lat' dir='ltr'>Sardos</span> <span class='ocrx_word' id='word_1_245' title='bbox 767 1864 865 1899; x_wconf 86' lang='lat' dir='ltr'>vidua</span> <span class='ocrx_word' id='word_1_246' title='bbox 893 1874 1025 1908; x_wconf 81' lang='lat' dir='ltr'>rogatus</span> <span class='ocrx_word' id='word_1_247' title='bbox 1048 1863 1133 1897; x_wconf 89' lang='lat' dir='ltr'>idem</span> 
     </span>
     <span class='ocr_line' id='line_1_38' title="bbox 246 1909 1135 1957; baseline 0.006 -15"><span class='ocrx_word' id='word_1_248' title='bbox 246 1909 408 1944; x_wconf 84' lang='lat' dir='ltr'>Pontifex</span> <span class='ocrx_word' id='word_1_249' title='bbox 419 1909 460 1944; x_wconf 81' lang='lat' dir='ltr'>eo</span> <span class='ocrx_word' id='word_1_250' title='bbox 470 1911 557 1956; x_wconf 84' lang='lat' dir='ltr'>legat</span> <span class='ocrx_word' id='word_1_251' title='bbox 570 1912 793 1957; x_wconf 87' lang='lat' dir='ltr'>Redemptum</span> <span class='ocrx_word' id='word_1_252' title='bbox 805 1914 965 1949; x_wconf 85' lang='lat' dir='ltr'>Romanae</span> <span class='ocrx_word' id='word_1_253' title='bbox 985 1913 1135 1948; x_wconf 81' lang='lat' dir='ltr'>Ecclefiae</span> 
     </span>
     <span class='ocr_line' id='line_1_39' title="bbox 247 1959 1136 2007; baseline 0.007 -15"><span class='ocrx_word' id='word_1_254' title='bbox 247 1959 462 1997; x_wconf 86' lang='lat' dir='ltr'>Defensorem</span> <span class='ocrx_word' id='word_1_255' title='bbox 481 1984 492 2000; x_wconf 89' lang='lat'>,</span> <span class='ocrx_word' id='word_1_256' title='bbox 530 1962 585 2006; x_wconf 86' lang='lat' dir='ltr'>qui</span> <span class='ocrx_word' id='word_1_257' title='bbox 609 1962 677 2006; x_wconf 83' lang='lat' dir='ltr'>ejus</span> <span class='ocrx_word' id='word_1_258' title='bbox 709 1963 905 2002; x_wconf 81' lang='lat' dir='ltr'>adversarios</span> <span class='ocrx_word' id='word_1_259' title='bbox 925 1963 966 1999; x_wconf 86' lang='lat' dir='ltr'>ad</span> <span class='ocrx_word' id='word_1_260' title='bbox 993 1964 1136 2007; x_wconf 83' lang='lat' dir='ltr'>Ianuarii</span> 
     </span>
     <span class='ocr_line' id='line_1_40' title="bbox 248 2010 1131 2059; baseline 0.007 -16"><span class='ocrx_word' id='word_1_261' title='bbox 248 2010 472 2054; x_wconf 64' lang='lat' dir='ltr'>Metropolitae</span> <span class='ocrx_word' id='word_1_262' title='bbox 490 2011 615 2054; x_wconf 81' lang='lat' dir='ltr'>judicio</span> <span class='ocrx_word' id='word_1_263' title='bbox 627 2013 778 2048; x_wconf 83' lang='lat' dir='ltr'>standum</span> <span class='ocrx_word' id='word_1_264' title='bbox 797 2014 831 2048; x_wconf 73' lang='grc' dir='ltr'>ὅς</span> <span class='ocrx_word' id='word_1_265' title='bbox 846 2013 1020 2059; x_wconf 83' lang='lat' dir='ltr'>parendum</span> <span class='ocrx_word' id='word_1_266' title='bbox 1039 2025 1131 2058; x_wconf 90' lang='lat' dir='ltr'>coge-</span> 
     </span>
     <span class='ocr_line' id='line_1_41' title="bbox 248 2060 1133 2109; baseline 0.006 -16"><span class='ocrx_word' id='word_1_267' title='bbox 248 2067 313 2093; x_wconf 90' lang='lat' dir='ltr'>ret.</span> <span class='ocrx_word' id='word_1_268' title='bbox 343 2060 473 2095; x_wconf 84' lang='lat' dir='ltr'>Eodem</span> <span class='ocrx_word' id='word_1_269' title='bbox 485 2061 585 2095; x_wconf 79' lang='lat' dir='ltr'>ferme</span> <span class='ocrx_word' id='word_1_270' title='bbox 603 2072 721 2098; x_wconf 79' lang='lat' dir='ltr'>tenore</span> <span class='ocrx_word' id='word_1_271' title='bbox 733 2075 791 2108; x_wconf 88' lang='lat' dir='ltr'>pro</span> <span class='ocrx_word' id='word_1_272' title='bbox 818 2064 968 2107; x_wconf 84' lang='lat' dir='ltr'>Januaria</span> <span class='ocrx_word' id='word_1_273' title='bbox 992 2065 1133 2109; x_wconf 84' lang='lat' dir='ltr'>quadam</span> 
     </span>
     <span class='ocr_line' id='line_1_42' title="bbox 72 2108 1136 2162; baseline 0.008 -21"><span class='ocrx_word' id='word_1_274' title='bbox 72 2121 178 2162; x_wconf 47' lang='lat'>3941„</span> <span class='ocrx_word' id='word_1_275' title='bbox 188 2133 232 2161; x_wconf 63' lang='lat'>¹7,</span> <span class='ocrx_word' id='word_1_276' title='bbox 249 2108 359 2143; x_wconf 84' lang='lat' dir='ltr'>scribit</span> <span class='ocrx_word' id='word_1_277' title='bbox 385 2109 426 2144; x_wconf 84' lang='lat' dir='ltr'>ad</span> <span class='ocrx_word' id='word_1_278' title='bbox 439 2110 618 2154; x_wconf 72' lang='lat' dir='ltr'>Fantinum</span> <span class='ocrx_word' id='word_1_279' title='bbox 642 2112 798 2147; x_wconf 87' lang='lat' dir='ltr'>Panormi</span> <span class='ocrx_word' id='word_1_280' title='bbox 810 2115 1023 2149; x_wconf 76' lang='lat' dir='ltr'>Defensorem</span> <span class='ocrx_word' id='word_1_281' title='bbox 1034 2138 1045 2154; x_wconf 92' lang='lat'>‚</span> <span class='ocrx_word' id='word_1_282' title='bbox 1071 2115 1136 2158; x_wconf 61' lang='lat' dir='ltr'>pasl</span> 
     </span>
     <span class='ocr_line' id='line_1_43' title="bbox 247 2159 1135 2202; baseline 0.008 -11"><span class='ocrx_word' id='word_1_283' title='bbox 247 2160 367 2202; x_wconf 83' lang='lat' dir='ltr'>fimque</span> <span class='ocrx_word' id='word_1_284' title='bbox 387 2159 625 2202; x_wconf 84' lang='lat' dir='ltr'>adstipulantur</span> <span class='ocrx_word' id='word_1_285' title='bbox 644 2162 832 2200; x_wconf 81' lang='lat' dir='ltr'>Graecorurn</span> <span class='ocrx_word' id='word_1_286' title='bbox 846 2163 955 2198; x_wconf 87' lang='lat' dir='ltr'>Patres</span> <span class='ocrx_word' id='word_1_287' title='bbox 981 2165 1014 2198; x_wconf 77' lang='grc' dir='ltr'>δε</span> <span class='ocrx_word' id='word_1_288' title='bbox 1026 2165 1135 2198; x_wconf 84' lang='lat' dir='ltr'>Cano-</span> 
     </span>
     <span class='ocr_line' id='line_1_44' title="bbox 248 2208 1135 2256; baseline 0.006 -14"><span class='ocrx_word' id='word_1_289' title='bbox 248 2208 358 2242; x_wconf 81' lang='lat' dir='ltr'>nistae.</span> <span class='ocrx_word' id='word_1_290' title='bbox 384 2209 552 2256; x_wconf 72' lang='lat' dir='ltr'>roirca</span> <span class='ocrx_word' id='word_1_291' title='bbox 564 2212 743 2254; x_wconf 80' lang='lat' dir='ltr'>praecipuus</span> <span class='ocrx_word' id='word_1_292' title='bbox 755 2210 850 2255; x_wconf 84' lang='lat' dir='ltr'>hujus</span> <span class='ocrx_word' id='word_1_293' title='bbox 864 2213 1069 2249; x_wconf 86' lang='lat' dir='ltr'>Defenfionis</span> <span class='ocrx_word' id='word_1_294' title='bbox 1088 2214 1135 2247; x_wconf 91' lang='lat' dir='ltr'>in-</span> 
     </span>
     <span class='ocr_line' id='line_1_45' title="bbox 247 2259 1136 2308; baseline 0.006 -15"><span class='ocrx_word' id='word_1_295' title='bbox 247 2259 418 2293; x_wconf 83' lang='lat' dir='ltr'>ssituendae</span> <span class='ocrx_word' id='word_1_296' title='bbox 437 2259 551 2303; x_wconf 83' lang='lat' dir='ltr'>scopus</span> <span class='ocrx_word' id='word_1_297' title='bbox 568 2261 632 2295; x_wconf 87' lang='lat' dir='ltr'>fuit</span> <span class='ocrx_word' id='word_1_298' title='bbox 654 2261 830 2297; x_wconf 76' lang='lat' dir='ltr'>Ecclesiam</span> <span class='ocrx_word' id='word_1_299' title='bbox 854 2281 874 2304; x_wconf 48' lang='lat'>,⁴</span> <span class='ocrx_word' id='word_1_300' title='bbox 893 2263 1065 2308; x_wconf 85' lang='lat' dir='ltr'>pauperes,</span> <span class='ocrx_word' id='word_1_301' title='bbox 1089 2264 1136 2297; x_wconf 89' lang='lat' dir='ltr'>vi-</span> 
     </span>
     <span class='ocr_line' id='line_1_46' title="bbox 247 2308 1134 2357; baseline 0.003 -13"><span class='ocrx_word' id='word_1_302' title='bbox 247 2310 326 2344; x_wconf 86' lang='lat' dir='ltr'>duas</span> <span class='ocrx_word' id='word_1_303' title='bbox 336 2332 346 2348; x_wconf 88' lang='lat'>‚</span> <span class='ocrx_word' id='word_1_304' title='bbox 371 2308 536 2354; x_wconf 87' lang='lat' dir='ltr'>orphanos</span> <span class='ocrx_word' id='word_1_305' title='bbox 549 2334 560 2350; x_wconf 92' lang='lat'>‚</span> <span class='ocrx_word' id='word_1_306' title='bbox 586 2312 713 2354; x_wconf 85' lang='lat' dir='ltr'>quasvis</span> <span class='ocrx_word' id='word_1_307' title='bbox 724 2313 920 2349; x_wconf 84' lang='lat' dir='ltr'>miserabiles</span> <span class='ocrx_word' id='word_1_308' title='bbox 931 2316 1079 2357; x_wconf 84' lang='lat' dir='ltr'>personas</span> <span class='ocrx_word' id='word_1_309' title='bbox 1093 2313 1134 2349; x_wconf 92' lang='lat' dir='ltr'>ab</span> 
     </span>
     <span class='ocr_line' id='line_1_47' title="bbox 246 2359 1135 2403; baseline 0.004 -11"><span class='ocrx_word' id='word_1_310' title='bbox 246 2359 367 2402; x_wconf 88' lang='lat' dir='ltr'>iniquis</span> <span class='ocrx_word' id='word_1_311' title='bbox 404 2368 575 2403; x_wconf 88' lang='lat' dir='ltr'>potentum</span> <span class='ocrx_word' id='word_1_312' title='bbox 601 2362 810 2401; x_wconf 77' lang='lat' dir='ltr'>servitutibus</span> <span class='ocrx_word' id='word_1_313' title='bbox 840 2365 874 2403; x_wconf 78' lang='grc' dir='ltr'>δε</span> <span class='ocrx_word' id='word_1_314' title='bbox 908 2364 1135 2403; x_wconf 82' lang='lat' dir='ltr'>vexationibus</span> 
     </span>
     <span class='ocr_line' id='line_1_48' title="bbox 245 2409 549 2445; baseline 0.003 -2"><span class='ocrx_word' id='word_1_315' title='bbox 245 2409 372 2444; x_wconf 85' lang='lat' dir='ltr'>tueri&amp;</span> <span class='ocrx_word' id='word_1_316' title='bbox 397 2409 549 2445; x_wconf 84' lang='lat' dir='ltr'>liberare.</span> 
     </span>
    </p>

    <p class='ocr_par' dir='ltr' id='par_1_8' title="bbox 248 2458 1135 2857">
     <span class='ocr_line' id='line_1_49' title="bbox 297 2458 1133 2501; baseline 0.005 -7"><span class='ocrx_word' id='word_1_317' title='bbox 297 2458 423 2494; x_wconf 80' lang='lat' dir='ltr'>Addita</span> <span class='ocrx_word' id='word_1_318' title='bbox 450 2460 500 2494; x_wconf 88' lang='lat' dir='ltr'>illi</span> <span class='ocrx_word' id='word_1_319' title='bbox 519 2460 565 2494; x_wconf 88' lang='lat' dir='ltr'>est</span> <span class='ocrx_word' id='word_1_320' title='bbox 588 2484 599 2501; x_wconf 85' lang='lat'>‚</span> <span class='ocrx_word' id='word_1_321' title='bbox 623 2461 665 2496; x_wconf 88' lang='lat' dir='ltr'>ad</span> <span class='ocrx_word' id='word_1_322' title='bbox 690 2462 798 2498; x_wconf 89' lang='lat' dir='ltr'>civilis</span> <span class='ocrx_word' id='word_1_323' title='bbox 822 2464 1033 2499; x_wconf 83' lang='lat' dir='ltr'>Defenfionis</span> <span class='ocrx_word' id='word_1_324' title='bbox 1059 2476 1133 2500; x_wconf 86' lang='lat' dir='ltr'>nor-</span> 
     </span>
     <span class='ocr_line' id='line_1_50' title="bbox 248 2508 1129 2556; baseline 0.007 -13"><span class='ocrx_word' id='word_1_325' title='bbox 248 2520 360 2550; x_wconf 88' lang='lat' dir='ltr'>mam,</span> <span class='ocrx_word' id='word_1_326' title='bbox 385 2509 420 2544; x_wconf 89' lang='lat'>&amp;</span> <span class='ocrx_word' id='word_1_327' title='bbox 440 2508 562 2553; x_wconf 88' lang='lat' dir='ltr'>duplex</span> <span class='ocrx_word' id='word_1_328' title='bbox 576 2512 727 2554; x_wconf 87' lang='lat' dir='ltr'>potestas.</span> <span class='ocrx_word' id='word_1_329' title='bbox 756 2514 867 2548; x_wconf 86' lang='lat' dir='ltr'>Prima</span> <span class='ocrx_word' id='word_1_330' title='bbox 888 2515 1129 2556; x_wconf 67' lang='lat' dir='ltr'>fuitcoastiva,</span> 
     </span>
     <span class='ocr_line' id='line_1_51' title="bbox 248 2558 1134 2608; baseline 0.008 -16"><span class='ocrx_word' id='word_1_331' title='bbox 248 2571 305 2605; x_wconf 84' lang='lat' dir='ltr'>per</span> <span class='ocrx_word' id='word_1_332' title='bbox 315 2558 402 2593; x_wconf 88' lang='lat' dir='ltr'>hunc</span> <span class='ocrx_word' id='word_1_333' title='bbox 425 2560 575 2597; x_wconf 85' lang='lat' dir='ltr'>nostrum</span> <span class='ocrx_word' id='word_1_334' title='bbox 585 2561 758 2596; x_wconf 88' lang='lat' dir='ltr'>Canonem</span> <span class='ocrx_word' id='word_1_335' title='bbox 780 2564 908 2598; x_wconf 88' lang='lat' dir='ltr'>laudata</span> <span class='ocrx_word' id='word_1_336' title='bbox 922 2565 1035 2608; x_wconf 81' lang='lat' dir='ltr'>&amp;jam</span> <span class='ocrx_word' id='word_1_337' title='bbox 1060 2566 1134 2600; x_wconf 84' lang='lat' dir='ltr'>satis</span> 
     </span>
     <span class='ocr_line' id='line_1_52' title="bbox 248 2611 1135 2659; baseline 0.01 -18"><span class='ocrx_word' id='word_1_338' title='bbox 248 2611 414 2653; x_wconf 78' lang='lat' dir='ltr'>exposita,</span> <span class='ocrx_word' id='word_1_339' title='bbox 439 2620 502 2653; x_wconf 90' lang='lat' dir='ltr'>qua</span> <span class='ocrx_word' id='word_1_340' title='bbox 512 2611 640 2653; x_wconf 84' lang='lat' dir='ltr'>quosvis</span> <span class='ocrx_word' id='word_1_341' title='bbox 659 2613 850 2648; x_wconf 85' lang='lat' dir='ltr'>criminosos</span> <span class='ocrx_word' id='word_1_342' title='bbox 861 2615 1022 2649; x_wconf 86' lang='lat' dir='ltr'>Defensor</span> <span class='ocrx_word' id='word_1_343' title='bbox 1045 2626 1135 2659; x_wconf 88' lang='lat' dir='ltr'>pote-</span> 
     </span>
     <span class='ocr_line' id='line_1_53' title="bbox 248 2657 1134 2710; baseline 0.008 -17"><span class='ocrx_word' id='word_1_344' title='bbox 248 2669 299 2693; x_wconf 84' lang='lat' dir='ltr'>rat</span> <span class='ocrx_word' id='word_1_345' title='bbox 320 2668 416 2702; x_wconf 88' lang='lat' dir='ltr'>atque</span> <span class='ocrx_word' id='word_1_346' title='bbox 436 2657 574 2694; x_wconf 87' lang='lat' dir='ltr'>debebat</span> <span class='ocrx_word' id='word_1_347' title='bbox 593 2662 753 2710; x_wconf 81' lang='lat' dir='ltr'>corripere</span> <span class='ocrx_word' id='word_1_348' title='bbox 768 2687 780 2704; x_wconf 90' lang='lat'>,</span> <span class='ocrx_word' id='word_1_349' title='bbox 804 2665 1022 2707; x_wconf 81' lang='lat' dir='ltr'>compescere,</span> <span class='ocrx_word' id='word_1_350' title='bbox 1046 2677 1134 2699; x_wconf 92' lang='lat' dir='ltr'>com-</span> 
     </span>
     <span class='ocr_line' id='line_1_54' title="bbox 249 2706 1135 2755; baseline 0.008 -14"><span class='ocrx_word' id='word_1_351' title='bbox 249 2706 447 2754; x_wconf 83' lang='lat' dir='ltr'>prehendere</span> <span class='ocrx_word' id='word_1_352' title='bbox 468 2733 479 2749; x_wconf 94' lang='lat'><strong>,</strong></span> <span class='ocrx_word' id='word_1_353' title='bbox 505 2710 668 2755; x_wconf 86' lang='lat' dir='ltr'>Episcopo</span> <span class='ocrx_word' id='word_1_354' title='bbox 690 2712 810 2747; x_wconf 88' lang='lat' dir='ltr'>deferre</span> <span class='ocrx_word' id='word_1_355' title='bbox 833 2726 870 2748; x_wconf 90' lang='lat' dir='ltr'>ac</span> <span class='ocrx_word' id='word_1_356' title='bbox 892 2714 1016 2749; x_wconf 81' lang='lat' dir='ltr'>tradere</span> <span class='ocrx_word' id='word_1_357' title='bbox 1041 2740 1048 2747; x_wconf 89' lang='lat'><strong>.</strong></span> <span class='ocrx_word' id='word_1_358' title='bbox 1075 2715 1135 2749; x_wconf 90' lang='lat' dir='ltr'>Al-</span> 
     </span>
     <span class='ocr_line' id='line_1_55' title="bbox 249 2757 1134 2811; baseline 0.006 -17"><span class='ocrx_word' id='word_1_359' title='bbox 249 2768 318 2794; x_wconf 83' lang='lat' dir='ltr'>tera</span> <span class='ocrx_word' id='word_1_360' title='bbox 329 2759 392 2792; x_wconf 87' lang='lat' dir='ltr'>fuit</span> <span class='ocrx_word' id='word_1_361' title='bbox 415 2757 589 2801; x_wconf 70' lang='lat' dir='ltr'>indicativa</span> <span class='ocrx_word' id='word_1_362' title='bbox 603 2785 614 2801; x_wconf 94' lang='lat'>‚</span> <span class='ocrx_word' id='word_1_363' title='bbox 639 2761 680 2796; x_wconf 90' lang='lat' dir='ltr'>de</span> <span class='ocrx_word' id='word_1_364' title='bbox 691 2774 754 2807; x_wconf 85' lang='lat' dir='ltr'>qua</span> <span class='ocrx_word' id='word_1_365' title='bbox 774 2764 916 2807; x_wconf 88' lang='lat' dir='ltr'>Symeon</span> <span class='ocrx_word' id='word_1_366' title='bbox 939 2763 1134 2811; x_wconf 88' lang='lat' dir='ltr'>Archi-Epi-</span> 
     </span>
     <span class='ocr_line' id='line_1_56' title="bbox 250 2808 1135 2857; baseline 0.009 -14"><span class='ocrx_word' id='word_1_367' title='bbox 250 2809 365 2852; x_wconf 89' lang='lat' dir='ltr'>scopus</span> <span class='ocrx_word' id='word_1_368' title='bbox 374 2808 669 2847; x_wconf 79' lang='lat' dir='ltr'>Theffalonicenfis</span> <span class='ocrx_word' id='word_1_369' title='bbox 686 2813 722 2848; x_wconf 88' lang='lat' dir='ltr'>in</span> <span class='ocrx_word' id='word_1_370' title='bbox 735 2825 832 2857; x_wconf 90' lang='lat' dir='ltr'>opere</span> <span class='ocrx_word' id='word_1_371' title='bbox 842 2815 881 2850; x_wconf 89' lang='lat' dir='ltr'>de</span> <span class='ocrx_word' id='word_1_372' title='bbox 891 2816 985 2849; x_wconf 88' lang='lat' dir='ltr'>sacris</span> <span class='ocrx_word' id='word_1_373' title='bbox 995 2814 1135 2852; x_wconf 87' lang='lat' dir='ltr'>Ordina-</span> 
     </span>
    </p>

    <p class='ocr_par' dir='ltr' id='par_1_9' title="bbox 205 2859 1135 3360">
     <span class='ocr_line' id='line_1_57' title="bbox 205 2859 1134 2909; baseline 0.009 -17"><span class='ocrx_word' id='word_1_374' title='bbox 205 2863 213 2874; x_wconf 83' lang='lat'><strong><em>¹</em></strong></span> <span class='ocrx_word' id='word_1_375' title='bbox 248 2859 417 2894; x_wconf 82' lang='lat' dir='ltr'>tionibus.</span> <span class='ocrx_word' id='word_1_376' title='bbox 446 2861 680 2897; x_wconf 66' lang='lat' dir='ltr'>Proto-Demeas</span> <span class='ocrx_word' id='word_1_377' title='bbox 693 2886 704 2903; x_wconf 85' lang='lat'><strong>,</strong></span> <span class='ocrx_word' id='word_1_378' title='bbox 723 2862 777 2909; x_wconf 88' lang='lat' dir='ltr'>seu</span> <span class='ocrx_word' id='word_1_379' title='bbox 792 2870 908 2906; x_wconf 84' lang='lat' dir='ltr'>primus</span> <span class='ocrx_word' id='word_1_380' title='bbox 922 2866 1065 2909; x_wconf 71' lang='lat' dir='ltr'>Defensor</span> <span class='ocrx_word' id='word_1_381' title='bbox 1084 2868 1134 2900; x_wconf 84' lang='lat' dir='ltr'>de-</span> 
     </span>
     <span class='ocr_line' id='line_1_58' title="bbox 246 2910 1134 2958; baseline 0.007 -15"><span class='ocrx_word' id='word_1_382' title='bbox 246 2910 366 2954; x_wconf 79' lang='lat' dir='ltr'>legatur</span> <span class='ocrx_word' id='word_1_383' title='bbox 379 2928 400 2950; x_wconf 81' lang='grc'>,-</span> <span class='ocrx_word' id='word_1_384' title='bbox 417 2918 451 2942; x_wconf 82' lang='lat' dir='ltr'>ut</span> <span class='ocrx_word' id='word_1_385' title='bbox 460 2919 635 2945; x_wconf 84' lang='lat' dir='ltr'>revertentes</span> <span class='ocrx_word' id='word_1_386' title='bbox 660 2913 700 2947; x_wconf 87' lang='lat' dir='ltr'>ab</span> <span class='ocrx_word' id='word_1_387' title='bbox 712 2914 854 2957; x_wconf 73' lang='lat' dir='ltr'>qustafia</span> <span class='ocrx_word' id='word_1_388' title='bbox 865 2917 1022 2958; x_wconf 80' lang='lat' dir='ltr'>recipiendi</span> <span class='ocrx_word' id='word_1_389' title='bbox 1034 2927 1134 2950; x_wconf 87' lang='lat' dir='ltr'>curam</span> 
     </span>
     <span class='ocr_line' id='line_1_59' title="bbox 249 2959 1135 3011; baseline 0.008 -19"><span class='ocrx_word' id='word_1_390' title='bbox 249 2959 361 2993; x_wconf 82' lang='lat' dir='ltr'>babeat</span> <span class='ocrx_word' id='word_1_391' title='bbox 385 2982 396 2998; x_wconf 93' lang='lat'>‚</span> <span class='ocrx_word' id='word_1_392' title='bbox 420 2969 507 3002; x_wconf 86' lang='lat' dir='ltr'>atque</span> <span class='ocrx_word' id='word_1_393' title='bbox 529 2970 562 2994; x_wconf 81' lang='lat' dir='ltr'>ut</span> <span class='ocrx_word' id='word_1_394' title='bbox 586 2970 854 3004; x_wconf 55' lang='lat' dir='ltr'>praevaricationes</span> <span class='ocrx_word' id='word_1_395' title='bbox 879 2967 952 3011; x_wconf 84' lang='lat' dir='ltr'>legis</span> <span class='ocrx_word' id='word_1_396' title='bbox 978 2967 1111 3001; x_wconf 82' lang='lat' dir='ltr'>vindicet</span> <span class='ocrx_word' id='word_1_397' title='bbox 1124 2990 1135 3006; x_wconf 91' lang='lat'>,</span> 
     </span>
     <span class='ocr_line' id='line_1_60' title="bbox 248 3008 1133 3060; baseline 0.007 -17"><span class='ocrx_word' id='word_1_398' title='bbox 248 3008 351 3053; x_wconf 81' lang='lat' dir='ltr'>eosque</span> <span class='ocrx_word' id='word_1_399' title='bbox 374 3016 428 3052; x_wconf 82' lang='lat' dir='ltr'>qui</span> <span class='ocrx_word' id='word_1_400' title='bbox 449 3010 598 3044; x_wconf 79' lang='lat' dir='ltr'>homicidii</span> <span class='ocrx_word' id='word_1_401' title='bbox 617 3023 670 3046; x_wconf 85' lang='lat' dir='ltr'>aut</span> <span class='ocrx_word' id='word_1_402' title='bbox 690 3016 814 3050; x_wconf 76' lang='lat' dir='ltr'>alterius</span> <span class='ocrx_word' id='word_1_403' title='bbox 827 3022 957 3049; x_wconf 83' lang='lat' dir='ltr'>criminis</span> <span class='ocrx_word' id='word_1_404' title='bbox 975 3015 1048 3060; x_wconf 65' lang='lat' dir='ltr'>fient</span> <span class='ocrx_word' id='word_1_405' title='bbox 1067 3023 1109 3051; x_wconf 79' lang='lat' dir='ltr'>rei</span> <span class='ocrx_word' id='word_1_406' title='bbox 1122 3041 1133 3058; x_wconf 91' lang='lat'>,</span> 
     </span>
     <span class='ocr_line' id='line_1_61' title="bbox 250 3061 1135 3110; baseline 0.009 -18"><span class='ocrx_word' id='word_1_407' title='bbox 250 3064 401 3093; x_wconf 83' lang='lat' dir='ltr'>examinet</span> <span class='ocrx_word' id='word_1_408' title='bbox 423 3061 499 3094; x_wconf 72' lang='lat' dir='ltr'>&amp;in</span> <span class='ocrx_word' id='word_1_409' title='bbox 520 3072 569 3094; x_wconf 84' lang='lat' dir='ltr'>eos</span> <span class='ocrx_word' id='word_1_410' title='bbox 590 3068 745 3106; x_wconf 77' lang='lat' dir='ltr'>inquirat,</span> <span class='ocrx_word' id='word_1_411' title='bbox 771 3068 828 3107; x_wconf 71' lang='lat' dir='ltr'>quo</span> <span class='ocrx_word' id='word_1_412' title='bbox 842 3065 874 3108; x_wconf 85' lang='lat' dir='ltr'><em>fi</em></span> <span class='ocrx_word' id='word_1_413' title='bbox 879 3069 955 3110; x_wconf 87' lang='lat' dir='ltr'>quid</span> <span class='ocrx_word' id='word_1_414' title='bbox 973 3068 1079 3101; x_wconf 81' lang='lat' dir='ltr'>auxilii</span> <span class='ocrx_word' id='word_1_415' title='bbox 1092 3069 1135 3100; x_wconf 86' lang='lat' dir='ltr'>ad</span> 
     </span>
     <span class='ocr_line' id='line_1_62' title="bbox 249 3107 1132 3160; baseline 0.008 -16"><span class='ocrx_word' id='word_1_416' title='bbox 249 3121 350 3144; x_wconf 82' lang='lat' dir='ltr'>eorum</span> <span class='ocrx_word' id='word_1_417' title='bbox 365 3107 492 3152; x_wconf 84' lang='lat' dir='ltr'>salutem</span> <span class='ocrx_word' id='word_1_418' title='bbox 515 3115 733 3154; x_wconf 78' lang='lat' dir='ltr'>procurandam</span> <span class='ocrx_word' id='word_1_419' title='bbox 754 3116 793 3148; x_wconf 86' lang='lat' dir='ltr'>ab</span> <span class='ocrx_word' id='word_1_420' title='bbox 807 3117 942 3160; x_wconf 81' lang='lat' dir='ltr'>Ecclesia</span> <span class='ocrx_word' id='word_1_421' title='bbox 961 3117 1110 3160; x_wconf 75' lang='lat' dir='ltr'>postulem</span> <span class='ocrx_word' id='word_1_422' title='bbox 1123 3143 1132 3158; x_wconf 95' lang='lat'>,</span> 
     </span>
     <span class='ocr_line' id='line_1_63' title="bbox 250 3158 1133 3209; baseline 0.011 -17"><span class='ocrx_word' id='word_1_423' title='bbox 250 3158 320 3202; x_wconf 77' lang='lat' dir='ltr'>ipsis</span> <span class='ocrx_word' id='word_1_424' title='bbox 338 3159 510 3204; x_wconf 82' lang='lat' dir='ltr'>praestetur.</span> <span class='ocrx_word' id='word_1_425' title='bbox 538 3161 583 3196; x_wconf 86' lang='lat' dir='ltr'>Et</span> <span class='ocrx_word' id='word_1_426' title='bbox 593 3164 725 3206; x_wconf 88' lang='lat' dir='ltr'>antiqua</span> <span class='ocrx_word' id='word_1_427' title='bbox 744 3165 923 3209; x_wconf 83' lang='lat' dir='ltr'>explicatio</span> <span class='ocrx_word' id='word_1_428' title='bbox 949 3168 1133 3203; x_wconf 87' lang='lat' dir='ltr'>officiorum</span> 
     </span>
     <span class='ocr_line' id='line_1_64' title="bbox 250 3209 1134 3261; baseline 0.008 -18"><span class='ocrx_word' id='word_1_429' title='bbox 250 3209 404 3244; x_wconf 82' lang='lat' dir='ltr'>Ecclefiae</span> <span class='ocrx_word' id='word_1_430' title='bbox 426 3209 817 3255; x_wconf 67' lang='lat' dir='ltr'>Constantinopolitanae.</span> <span class='ocrx_word' id='word_1_431' title='bbox 846 3219 967 3253; x_wconf 79' lang='lat' dir='ltr'>Primus</span> <span class='ocrx_word' id='word_1_432' title='bbox 993 3216 1134 3261; x_wconf 81' lang='lat' dir='ltr'>Defensor</span> 
     </span>
     <span class='ocr_line' id='line_1_65' title="bbox 246 3259 1133 3310; baseline 0.008 -18"><span class='ocrx_word' id='word_1_433' title='bbox 246 3261 348 3301; x_wconf 62' lang='lat' dir='ltr'>‚iudex</span> <span class='ocrx_word' id='word_1_434' title='bbox 367 3259 406 3299; x_wconf 85' lang='lat' dir='ltr'>est</span> <span class='ocrx_word' id='word_1_435' title='bbox 427 3282 440 3299; x_wconf 86' lang='lat'>‚</span> <span class='ocrx_word' id='word_1_436' title='bbox 464 3265 542 3294; x_wconf 78' lang='lat' dir='ltr'>vices</span> <span class='ocrx_word' id='word_1_437' title='bbox 560 3272 666 3305; x_wconf 83' lang='lat' dir='ltr'>gerens</span> <span class='ocrx_word' id='word_1_438' title='bbox 689 3264 830 3310; x_wconf 79' lang='lat' dir='ltr'>Episcopi</span> <span class='ocrx_word' id='word_1_439' title='bbox 852 3291 859 3298; x_wconf 93' lang='lat'>.</span> <span class='ocrx_word' id='word_1_440' title='bbox 883 3269 1012 3310; x_wconf 83' lang='lat' dir='ltr'>Judicat</span> <span class='ocrx_word' id='word_1_441' title='bbox 1033 3279 1133 3302; x_wconf 85' lang='lat' dir='ltr'>autem</span> 
     </span>
     <span class='ocr_line' id='line_1_66' title="bbox 251 3309 1134 3360; baseline 0.008 -17"><span class='ocrx_word' id='word_1_442' title='bbox 251 3321 316 3343; x_wconf 83' lang='lat' dir='ltr'>cum</span> <span class='ocrx_word' id='word_1_443' title='bbox 328 3309 438 3345; x_wconf 82' lang='lat' dir='ltr'>duobus</span> <span class='ocrx_word' id='word_1_444' title='bbox 453 3311 608 3352; x_wconf 64' lang='lat' dir='ltr'>‚iudicibus</span> <span class='ocrx_word' id='word_1_445' title='bbox 619 3318 750 3346; x_wconf 83' lang='lat' dir='ltr'>minutas</span> <span class='ocrx_word' id='word_1_446' title='bbox 774 3314 878 3360; x_wconf 83' lang='lat' dir='ltr'>causas</span> <span class='ocrx_word' id='word_1_447' title='bbox 891 3318 936 3350; x_wconf 88' lang='lat' dir='ltr'>ad</span> <span class='ocrx_word' id='word_1_448' title='bbox 953 3316 1134 3360; x_wconf 81' lang='lat' dir='ltr'>Episcopum</span> 
     </span>
    </p>
   </div>
   <div class='ocr_carea' id='block_1_8' title="bbox 70 1438 212 1479">
    <p class='ocr_par' dir='ltr' id='par_1_10' title="bbox 70 1438 212 1479">
     <span class='ocr_line' id='line_1_67' title="bbox 70 1438 212 1479; baseline -0.007 0"><span class='ocrx_word' id='word_1_449' title='bbox 70 1438 155 1479; x_wconf 69' lang='lat' dir='ltr'>Epist.</span> <span class='ocrx_word' id='word_1_450' title='bbox 162 1450 212 1478; x_wconf 84' lang='grc'>99-</span> 
     </span>
    </p>
   </div>
   <div class='ocr_carea' id='block_1_9' title="bbox 74 2006 211 2047">
    <p class='ocr_par' dir='ltr' id='par_1_11' title="bbox 74 2006 211 2047">
     <span class='ocr_line' id='line_1_68' title="bbox 74 2006 211 2047; baseline -0.036 -6"><span class='ocrx_word' id='word_1_451' title='bbox 74 2006 211 2047; x_wconf 70' lang='lat' dir='ltr'>Epist-99„</span> 
     </span>
    </p>
   </div>
   <div class='ocr_carea' id='block_1_10' title="bbox 252 3360 1187 3413">
    <p class='ocr_par' dir='ltr' id='par_1_12' title="bbox 252 3360 1187 3413">
     <span class='ocr_line' id='line_1_69' title="bbox 252 3360 1187 3413; baseline 0.01 -22"><span class='ocrx_word' id='word_1_452' title='bbox 252 3360 387 3393; x_wconf 81' lang='lat' dir='ltr'>delatas.</span> <span class='ocrx_word' id='word_1_453' title='bbox 416 3360 462 3396; x_wconf 84' lang='lat' dir='ltr'>Et</span> <span class='ocrx_word' id='word_1_454' title='bbox 472 3361 534 3395; x_wconf 85' lang='lat' dir='ltr'>alia</span> <span class='ocrx_word' id='word_1_455' title='bbox 545 3362 680 3406; x_wconf 86' lang='lat' dir='ltr'>antiqua</span> <span class='ocrx_word' id='word_1_456' title='bbox 692 3363 809 3398; x_wconf 88' lang='lat' dir='ltr'>notitia</span> <span class='ocrx_word' id='word_1_457' title='bbox 821 3388 829 3397; x_wconf 88' lang='lat'><strong>.</strong></span> <span class='ocrx_word' id='word_1_458' title='bbox 856 3368 977 3399; x_wconf 81' lang='lat' dir='ltr'>Primus</span> <span class='ocrx_word' id='word_1_459' title='bbox 988 3366 1133 3413; x_wconf 75' lang='lat' dir='ltr'>Defensor</span> <span class='ocrx_word' id='word_1_460' title='bbox 1184 3376 1187 3380; x_wconf 89' lang='lat'>·</span> 
     </span>
    </p>
   </div>
   <div class='ocr_carea' id='block_1_11' title="bbox 250 3406 1135 3510">
    <p class='ocr_par' dir='ltr' id='par_1_13' title="bbox 250 3406 1135 3510">
     <span class='ocr_line' id='line_1_70' title="bbox 250 3406 1135 3458; baseline 0.012 -18"><span class='ocrx_word' id='word_1_461' title='bbox 250 3406 371 3451; x_wconf 75' lang='lat' dir='ltr'>sufiipit</span> <span class='ocrx_word' id='word_1_462' title='bbox 393 3411 592 3456; x_wconf 81' lang='lat' dir='ltr'>transfugas,</span> <span class='ocrx_word' id='word_1_463' title='bbox 615 3413 831 3456; x_wconf 74' lang='lat' dir='ltr'>&amp;quaestiones</span> <span class='ocrx_word' id='word_1_464' title='bbox 855 3415 1068 3457; x_wconf 82' lang='lat' dir='ltr'>Ecclefiasticas</span> <span class='ocrx_word' id='word_1_465' title='bbox 1080 3419 1135 3458; x_wconf 72' lang='lat' dir='ltr'>Ju-</span> 
     </span>
     <span class='ocr_line' id='line_1_71' title="bbox 250 3458 1134 3510; baseline 0.012 -19"><span class='ocrx_word' id='word_1_466' title='bbox 250 3458 335 3492; x_wconf 66' lang='lat' dir='ltr'>di‘cat</span> <span class='ocrx_word' id='word_1_467' title='bbox 354 3482 365 3499; x_wconf 90' lang='lat'><strong>,</strong></span> <span class='ocrx_word' id='word_1_468' title='bbox 388 3461 503 3506; x_wconf 84' lang='lat' dir='ltr'>utique</span> <span class='ocrx_word' id='word_1_469' title='bbox 521 3462 662 3499; x_wconf 75' lang='lat' dir='ltr'>minores</span> <span class='ocrx_word' id='word_1_470' title='bbox 677 3487 689 3506; x_wconf 86' lang='lat'><em>‚</em></span> <span class='ocrx_word' id='word_1_471' title='bbox 715 3466 831 3510; x_wconf 85' lang='lat' dir='ltr'>easque</span> <span class='ocrx_word' id='word_1_472' title='bbox 853 3489 865 3507; x_wconf 88' lang='lat'>‚</span> <span class='ocrx_word' id='word_1_473' title='bbox 890 3465 970 3502; x_wconf 86' lang='lat' dir='ltr'>teste</span> <span class='ocrx_word' id='word_1_474' title='bbox 990 3466 1055 3502; x_wconf 88' lang='lat' dir='ltr'>alia</span> <span class='ocrx_word' id='word_1_475' title='bbox 1076 3478 1134 3502; x_wconf 92' lang='lat' dir='ltr'>no-</span> 
     </span>
    </p>
   </div>
   <div class='ocr_carea' id='block_1_12' title="bbox 1200 253 2082 304">
    <p class='ocr_par' dir='ltr' id='par_1_14' title="bbox 1200 253 2082 304">
     <span class='ocr_line' id='line_1_72' title="bbox 1200 253 2082 304; baseline 0.01 -16"><span class='ocrx_word' id='word_1_476' title='bbox 1200 253 1387 294; x_wconf 74' lang='lat' dir='ltr'>duodecimi</span> <span class='ocrx_word' id='word_1_477' title='bbox 1399 253 1502 296; x_wconf 66' lang='lat' dir='ltr'>saeculi</span> <span class='ocrx_word' id='word_1_478' title='bbox 1514 256 1615 291; x_wconf 85' lang='lat' dir='ltr'>finem</span> <span class='ocrx_word' id='word_1_479' title='bbox 1625 253 1804 304; x_wconf 54' lang='lat' dir='ltr'>&#39;insigniter</span> <span class='ocrx_word' id='word_1_480' title='bbox 1812 262 1967 301; x_wconf 79' lang='lat' dir='ltr'>exaltavit</span> <span class='ocrx_word' id='word_1_481' title='bbox 1979 263 2082 298; x_wconf 80' lang='lat' dir='ltr'>Patri—</span> 
     </span>
    </p>
   </div>
   <div class='ocr_carea' id='block_1_13' title="bbox 1176 304 2082 354">
    <p class='ocr_par' dir='ltr' id='par_1_15' title="bbox 1176 304 2082 354">
     <span class='ocr_line' id='line_1_73' title="bbox 1176 304 2082 354; baseline 0.009 -15"><span class='ocrx_word' id='word_1_482' title='bbox 1176 337 1178 346; x_wconf 38' lang='lat'>:</span> <span class='ocrx_word' id='word_1_483' title='bbox 1199 304 1295 340; x_wconf 87' lang='lat' dir='ltr'>archa</span> <span class='ocrx_word' id='word_1_484' title='bbox 1308 306 1471 350; x_wconf 86' lang='lat' dir='ltr'>Georgius</span> <span class='ocrx_word' id='word_1_485' title='bbox 1496 304 1688 349; x_wconf 78' lang='lat' dir='ltr'>Xiphilinus</span> <span class='ocrx_word' id='word_1_486' title='bbox 1698 333 1709 349; x_wconf 88' lang='lat'>‚</span> <span class='ocrx_word' id='word_1_487' title='bbox 1735 311 1779 347; x_wconf 84' lang='lat' dir='ltr'>de</span> <span class='ocrx_word' id='word_1_488' title='bbox 1790 322 1859 354; x_wconf 92' lang='lat' dir='ltr'>quo</span> <span class='ocrx_word' id='word_1_489' title='bbox 1871 311 2013 354; x_wconf 85' lang='lat' dir='ltr'>Joannes</span> <span class='ocrx_word' id='word_1_490' title='bbox 2024 313 2082 348; x_wconf 80' lang='lat' dir='ltr'>Ci-</span> 
     </span>
    </p>
   </div>
   <div class='ocr_carea' id='block_1_14' title="bbox 1187 354 2265 3550">
    <p class='ocr_par' dir='ltr' id='par_1_16' title="bbox 1187 354 2208 1208">
     <span class='ocr_line' id='line_1_74' title="bbox 1198 354 2079 403; baseline 0.008 -14"><span class='ocrx_word' id='word_1_491' title='bbox 1198 357 1239 397; x_wconf 81' lang='lat' dir='ltr'>tri</span> <span class='ocrx_word' id='word_1_492' title='bbox 1263 355 1444 400; x_wconf 88' lang='lat' dir='ltr'>Episcopus</span> <span class='ocrx_word' id='word_1_493' title='bbox 1462 356 1498 391; x_wconf 84' lang='lat' dir='ltr'>in</span> <span class='ocrx_word' id='word_1_494' title='bbox 1521 358 1638 399; x_wconf 84' lang='lat' dir='ltr'>quinto</span> <span class='ocrx_word' id='word_1_495' title='bbox 1661 359 1746 393; x_wconf 89' lang='lat' dir='ltr'>libro</span> <span class='ocrx_word' id='word_1_496' title='bbox 1768 360 1847 403; x_wconf 80' lang='lat' dir='ltr'>juris</span> <span class='ocrx_word' id='word_1_497' title='bbox 1867 354 2079 400; x_wconf 73' lang='lat' dir='ltr'>‘Orientalis.</span> 
     </span>
     <span class='ocr_line' id='line_1_75' title="bbox 1198 404 2094 455; baseline 0.009 -17"><span class='ocrx_word' id='word_1_498' title='bbox 1198 408 1295 446; x_wconf 76' lang='lat' dir='ltr'>Primi</span> <span class='ocrx_word' id='word_1_499' title='bbox 1307 405 1476 449; x_wconf 75' lang='lat' dir='ltr'>Defensoris</span> <span class='ocrx_word' id='word_1_500' title='bbox 1485 407 1607 447; x_wconf 81' lang='lat' dir='ltr'>officium</span> <span class='ocrx_word' id='word_1_501' title='bbox 1618 429 1629 445; x_wconf 89' lang='lat'><strong><em>,</em></strong></span> <span class='ocrx_word' id='word_1_502' title='bbox 1654 409 1718 441; x_wconf 77' lang='lat' dir='ltr'>cum</span> <span class='ocrx_word' id='word_1_503' title='bbox 1728 404 1820 452; x_wconf 68' lang='lat' dir='ltr'>antea</span> <span class='ocrx_word' id='word_1_504' title='bbox 1832 411 1897 455; x_wconf 77' lang='lat' dir='ltr'>effer</span> <span class='ocrx_word' id='word_1_505' title='bbox 1905 417 1985 445; x_wconf 84' lang='lat' dir='ltr'>inter</span> <span class='ocrx_word' id='word_1_506' title='bbox 2002 412 2094 454; x_wconf 18' lang='lat' dir='ltr'>infe-A</span> 
     </span>
     <span class='ocr_line' id='line_1_76' title="bbox 1196 456 2080 502; baseline 0.007 -14"><span class='ocrx_word' id='word_1_507' title='bbox 1196 461 1297 495; x_wconf 79' lang='lat' dir='ltr'>riom,</span> <span class='ocrx_word' id='word_1_508' title='bbox 1317 456 1382 498; x_wconf 72' lang='lat' dir='ltr'>post</span> <span class='ocrx_word' id='word_1_509' title='bbox 1401 463 1435 490; x_wconf 82' lang='lat' dir='ltr'>in</span> <span class='ocrx_word' id='word_1_510' title='bbox 1457 462 1673 498; x_wconf 71' lang='lat' dir='ltr'>eminentiorem</span> <span class='ocrx_word' id='word_1_511' title='bbox 1693 461 1827 494; x_wconf 77' lang='lat' dir='ltr'>ordinem</span> <span class='ocrx_word' id='word_1_512' title='bbox 1844 462 1991 502; x_wconf 83' lang='lat' dir='ltr'>statutum</span> <span class='ocrx_word' id='word_1_513' title='bbox 2008 461 2080 502; x_wconf 62' lang='lat' dir='ltr'>esta</span> 
     </span>
     <span class='ocr_line' id='line_1_77' title="bbox 1196 506 2080 556; baseline 0.009 -18"><span class='ocrx_word' id='word_1_514' title='bbox 1196 506 1294 540; x_wconf 52' lang='lat' dir='ltr'>beatae&#39;</span> <span class='ocrx_word' id='word_1_515' title='bbox 1319 512 1464 549; x_wconf 69' lang='lat' dir='ltr'>memoria.-</span> <span class='ocrx_word' id='word_1_516' title='bbox 1485 506 1671 542; x_wconf 84' lang='lat' dir='ltr'>Patriarcha</span> <span class='ocrx_word' id='word_1_517' title='bbox 1706 509 2080 556; x_wconf 84' lang='lat' dir='ltr'>Constantinopolitano</span> 
     </span>
     <span class='ocr_line' id='line_1_78' title="bbox 1197 557 2081 601; baseline 0.009 -12"><span class='ocrx_word' id='word_1_518' title='bbox 1197 560 1318 600; x_wconf 72' lang='lat' dir='ltr'>Georgia</span> <span class='ocrx_word' id='word_1_519' title='bbox 1341 557 1497 599; x_wconf 77' lang='lat' dir='ltr'>Xipbilino</span> <span class='ocrx_word' id='word_1_520' title='bbox 1551 558 1680 592; x_wconf 86' lang='lat' dir='ltr'>Primus</span> <span class='ocrx_word' id='word_1_521' title='bbox 1701 559 1864 601; x_wconf 80' lang='lat' dir='ltr'>Defensor</span> <span class='ocrx_word' id='word_1_522' title='bbox 1880 572 1960 597; x_wconf 87' lang='lat' dir='ltr'>tunc</span> <span class='ocrx_word' id='word_1_523' title='bbox 1995 563 2081 597; x_wconf 80' lang='lat' dir='ltr'>inter</span> 
     </span>
     <span class='ocr_line' id='line_1_79' title="bbox 1195 607 2082 657; baseline 0.009 -18"><span class='ocrx_word' id='word_1_524' title='bbox 1195 607 1339 650; x_wconf 87' lang='lat' dir='ltr'>quinque</span> <span class='ocrx_word' id='word_1_525' title='bbox 1350 607 1500 651; x_wconf 81' lang='lat' dir='ltr'>Ecclefiae</span> <span class='ocrx_word' id='word_1_526' title='bbox 1519 607 1901 653; x_wconf 76' lang='lat' dir='ltr'>Constantinopolitanae</span> <span class='ocrx_word' id='word_1_527' title='bbox 1925 612 2082 657; x_wconf 78' lang='lat' dir='ltr'>crucige-</span> 
     </span>
     <span class='ocr_line' id='line_1_80' title="bbox 1195 657 2079 702; baseline 0.007 -13"><span class='ocrx_word' id='word_1_528' title='bbox 1195 667 1248 690; x_wconf 91' lang='lat' dir='ltr'>ros</span> <span class='ocrx_word' id='word_1_529' title='bbox 1259 657 1378 692; x_wconf 89' lang='lat' dir='ltr'>relatus</span> <span class='ocrx_word' id='word_1_530' title='bbox 1389 658 1434 692; x_wconf 87' lang='lat' dir='ltr'>est</span> <span class='ocrx_word' id='word_1_531' title='bbox 1447 682 1460 699; x_wconf 91' lang='lat'>,</span> <span class='ocrx_word' id='word_1_532' title='bbox 1485 659 1671 702; x_wconf 78' lang='lat' dir='ltr'>supremum</span> <span class='ocrx_word' id='word_1_533' title='bbox 1688 659 1760 694; x_wconf 83' lang='lat' dir='ltr'>istic</span> <span class='ocrx_word' id='word_1_534' title='bbox 1782 659 1875 695; x_wconf 85' lang='lat' dir='ltr'>Cleri</span> <span class='ocrx_word' id='word_1_535' title='bbox 1906 660 2052 695; x_wconf 89' lang='lat' dir='ltr'>ordinem</span> <span class='ocrx_word' id='word_1_536' title='bbox 2068 684 2079 702; x_wconf 90' lang='lat'><em>‚</em></span> 
     </span>
     <span class='ocr_line' id='line_1_81' title="bbox 1195 705 2076 755; baseline 0.008 -16"><span class='ocrx_word' id='word_1_537' title='bbox 1195 705 1300 750; x_wconf 87' lang='lat' dir='ltr'>qualis</span> <span class='ocrx_word' id='word_1_538' title='bbox 1310 706 1346 740; x_wconf 88' lang='lat' dir='ltr'>in</span> <span class='ocrx_word' id='word_1_539' title='bbox 1366 707 1520 751; x_wconf 83' lang='lat' dir='ltr'>Romana</span> <span class='ocrx_word' id='word_1_540' title='bbox 1532 709 1676 745; x_wconf 65' lang='lat' dir='ltr'>Ecclesia</span> <span class='ocrx_word' id='word_1_541' title='bbox 1689 709 1735 744; x_wconf 86' lang='lat' dir='ltr'>est</span> <span class='ocrx_word' id='word_1_542' title='bbox 1746 709 1890 755; x_wconf 78' lang='lat' dir='ltr'>dignitas</span> <span class='ocrx_word' id='word_1_543' title='bbox 1910 711 2076 750; x_wconf 61' lang='lat' dir='ltr'>Domino÷</span> 
     </span>
     <span class='ocr_line' id='line_1_82' title="bbox 1199 755 2080 806; baseline 0.007 -17"><span class='ocrx_word' id='word_1_544' title='bbox 1199 766 1271 789; x_wconf 90' lang='lat' dir='ltr'>rum</span> <span class='ocrx_word' id='word_1_545' title='bbox 1283 755 1510 801; x_wconf 85' lang='lat' dir='ltr'>Cardinalium</span> <span class='ocrx_word' id='word_1_546' title='bbox 1521 783 1528 790; x_wconf 94' lang='lat'><strong>.</strong></span> <span class='ocrx_word' id='word_1_547' title='bbox 1555 760 1594 793; x_wconf 89' lang='lat' dir='ltr'>In</span> <span class='ocrx_word' id='word_1_548' title='bbox 1606 762 1695 795; x_wconf 84' lang='lat' dir='ltr'>sexta</span> <span class='ocrx_word' id='word_1_549' title='bbox 1703 760 1847 804; x_wconf 75' lang='lat' dir='ltr'>Synodo</span> <span class='ocrx_word' id='word_1_550' title='bbox 1857 761 2002 806; x_wconf 79' lang='lat' dir='ltr'>generali</span> <span class='ocrx_word' id='word_1_551' title='bbox 2014 772 2080 795; x_wconf 80' lang='lat' dir='ltr'>me-</span> 
     </span>
     <span class='ocr_line' id='line_1_83' title="bbox 1194 807 2081 851; baseline 0.007 -12"><span class='ocrx_word' id='word_1_552' title='bbox 1194 815 1337 841; x_wconf 86' lang='lat' dir='ltr'>moratur</span> <span class='ocrx_word' id='word_1_553' title='bbox 1348 807 1511 850; x_wconf 79' lang='lat' dir='ltr'>Anastafius</span> <span class='ocrx_word' id='word_1_554' title='bbox 1524 812 1675 843; x_wconf 81' lang='lat' dir='ltr'>Diaconus</span> <span class='ocrx_word' id='word_1_555' title='bbox 1687 835 1699 851; x_wconf 90' lang='lat'>‚</span> <span class='ocrx_word' id='word_1_556' title='bbox 1723 812 1759 845; x_wconf 65' lang='grc' dir='ltr'>Θ·</span> <span class='ocrx_word' id='word_1_557' title='bbox 1769 812 1920 845; x_wconf 75' lang='lat' dir='ltr'>Notarius</span> <span class='ocrx_word' id='word_1_558' title='bbox 1930 834 1942 851; x_wconf 92' lang='lat'>,</span> <span class='ocrx_word' id='word_1_559' title='bbox 1966 812 2001 844; x_wconf 67' lang='grc' dir='ltr'>ὁ*</span> <span class='ocrx_word' id='word_1_560' title='bbox 2022 814 2081 844; x_wconf 88' lang='lat' dir='ltr'>De·</span> 
     </span>
     <span class='ocr_line' id='line_1_84' title="bbox 1187 856 2080 904; baseline 0.006 -15"><span class='ocrx_word' id='word_1_561' title='bbox 1187 856 1290 901; x_wconf 73' lang='lat' dir='ltr'>fensor</span> <span class='ocrx_word' id='word_1_562' title='bbox 1315 863 1463 892; x_wconf 74' lang='lat' dir='ltr'>navium:</span> <span class='ocrx_word' id='word_1_563' title='bbox 1490 858 1609 894; x_wconf 87' lang='lat' dir='ltr'>Varios</span> <span class='ocrx_word' id='word_1_564' title='bbox 1619 870 1764 904; x_wconf 84' lang='lat' dir='ltr'>namque</span> <span class='ocrx_word' id='word_1_565' title='bbox 1790 862 1952 896; x_wconf 86' lang='lat' dir='ltr'>variarum</span> <span class='ocrx_word' id='word_1_566' title='bbox 1976 871 2080 900; x_wconf 89' lang='lat' dir='ltr'>rerum</span> 
     </span>
     <span class='ocr_line' id='line_1_85' title="bbox 1194 907 2081 954; baseline 0.003 -13"><span class='ocrx_word' id='word_1_567' title='bbox 1194 907 1228 942; x_wconf 74' lang='grc' dir='ltr'>δε</span> <span class='ocrx_word' id='word_1_568' title='bbox 1237 908 1444 951; x_wconf 86' lang='lat' dir='ltr'>personarum</span> <span class='ocrx_word' id='word_1_569' title='bbox 1456 909 1652 944; x_wconf 88' lang='lat' dir='ltr'>Defensores</span> <span class='ocrx_word' id='word_1_570' title='bbox 1663 908 1780 945; x_wconf 89' lang='lat' dir='ltr'>habuit</span> <span class='ocrx_word' id='word_1_571' title='bbox 1801 911 2081 954; x_wconf 85' lang='lat' dir='ltr'>Constantinopo-</span> 
     </span>
     <span class='ocr_line' id='line_1_86' title="bbox 1195 956 2083 1006; baseline 0.006 -16"><span class='ocrx_word' id='word_1_572' title='bbox 1195 956 1295 992; x_wconf 88' lang='lat' dir='ltr'>litana</span> <span class='ocrx_word' id='word_1_573' title='bbox 1308 958 1447 994; x_wconf 72' lang='lat' dir='ltr'>Ecclesia</span> <span class='ocrx_word' id='word_1_574' title='bbox 1458 981 1470 998; x_wconf 92' lang='lat'>‚</span> <span class='ocrx_word' id='word_1_575' title='bbox 1495 970 1673 1004; x_wconf 88' lang='lat' dir='ltr'>eorumque</span> <span class='ocrx_word' id='word_1_576' title='bbox 1686 960 1844 1005; x_wconf 86' lang='lat' dir='ltr'>Princeps</span> <span class='ocrx_word' id='word_1_577' title='bbox 1853 962 1889 996; x_wconf 70' lang='grc' dir='ltr'>ὅς</span> <span class='ocrx_word' id='word_1_578' title='bbox 1902 970 2002 1006; x_wconf 84' lang='lat' dir='ltr'>caput</span> <span class='ocrx_word' id='word_1_579' title='bbox 2013 970 2083 996; x_wconf 85' lang='lat' dir='ltr'>erat</span> 
     </span>
     <span class='ocr_line' id='line_1_87' title="bbox 1195 1007 2085 1055; baseline 0.004 -14"><span class='ocrx_word' id='word_1_580' title='bbox 1195 1007 1315 1050; x_wconf 85' lang='lat' dir='ltr'>primus</span> <span class='ocrx_word' id='word_1_581' title='bbox 1342 1009 1508 1052; x_wconf 80' lang='lat' dir='ltr'>Defensor</span> <span class='ocrx_word' id='word_1_582' title='bbox 1521 1035 1530 1042; x_wconf 91' lang='lat'><strong>.</strong></span> <span class='ocrx_word' id='word_1_583' title='bbox 1555 1011 1670 1045; x_wconf 84' lang='lat' dir='ltr'>Etiam</span> <span class='ocrx_word' id='word_1_584' title='bbox 1690 1011 1850 1055; x_wconf 83' lang='lat' dir='ltr'>plurimos</span> <span class='ocrx_word' id='word_1_585' title='bbox 1871 1010 1990 1047; x_wconf 80' lang='lat' dir='ltr'>habuit</span> <span class='ocrx_word' id='word_1_586' title='bbox 2011 1012 2085 1046; x_wconf 90' lang='lat' dir='ltr'>Ro·</span> 
     </span>
     <span class='ocr_line' id='line_1_88' title="bbox 1196 1057 2083 1105; baseline 0.006 -14"><span class='ocrx_word' id='word_1_587' title='bbox 1196 1068 1293 1091; x_wconf 84' lang='lat' dir='ltr'>mana</span> <span class='ocrx_word' id='word_1_588' title='bbox 1312 1057 1455 1095; x_wconf 78' lang='lat' dir='ltr'>Ecclefia</span> <span class='ocrx_word' id='word_1_589' title='bbox 1468 1082 1481 1098; x_wconf 92' lang='lat'>‚</span> <span class='ocrx_word' id='word_1_590' title='bbox 1503 1060 1544 1095; x_wconf 86' lang='lat' dir='ltr'>ad</span> <span class='ocrx_word' id='word_1_591' title='bbox 1565 1061 1733 1105; x_wconf 72' lang='lat' dir='ltr'>‘generales</span> <span class='ocrx_word' id='word_1_592' title='bbox 1754 1062 1790 1096; x_wconf 78' lang='grc' dir='ltr'>δε</span> <span class='ocrx_word' id='word_1_593' title='bbox 1809 1062 1947 1105; x_wconf 75' lang='lat' dir='ltr'>privatas</span> <span class='ocrx_word' id='word_1_594' title='bbox 1969 1063 2083 1097; x_wconf 86' lang='lat' dir='ltr'>causas</span> 
     </span>
     <span class='ocr_line' id='line_1_89' title="bbox 1196 1104 2208 1158; baseline 0.006 -18"><span class='ocrx_word' id='word_1_595' title='bbox 1196 1104 1394 1148; x_wconf 87' lang='lat' dir='ltr'>audiendas,</span> <span class='ocrx_word' id='word_1_596' title='bbox 1420 1108 1671 1155; x_wconf 81' lang='lat' dir='ltr'>Apostolicique</span> <span class='ocrx_word' id='word_1_597' title='bbox 1684 1112 1875 1156; x_wconf 81' lang='lat' dir='ltr'>patrimonii</span> <span class='ocrx_word' id='word_1_598' title='bbox 1885 1113 2034 1158; x_wconf 87' lang='lat' dir='ltr'>regimen</span> <span class='ocrx_word' id='word_1_599' title='bbox 2045 1115 2081 1145; x_wconf 87' lang='lat' dir='ltr'>in</span> <span class='ocrx_word' id='word_1_600' title='bbox 2143 1112 2166 1117; x_wconf 74' lang='grc'>”</span> <span class='ocrx_word' id='word_1_601' title='bbox 2206 1110 2208 1112; x_wconf 69' lang='grc'><strong>’</strong></span> 
     </span>
     <span class='ocr_line' id='line_1_90' title="bbox 1197 1158 2081 1208; baseline 0.006 -18"><span class='ocrx_word' id='word_1_602' title='bbox 1197 1167 1333 1201; x_wconf 87' lang='lat' dir='ltr'>omnem</span> <span class='ocrx_word' id='word_1_603' title='bbox 1343 1158 1513 1204; x_wconf 83' lang='lat' dir='ltr'>regionem</span> <span class='ocrx_word' id='word_1_604' title='bbox 1523 1160 1614 1204; x_wconf 76' lang='lat' dir='ltr'>mitti</span> <span class='ocrx_word' id='word_1_605' title='bbox 1623 1163 1799 1201; x_wconf 80' lang='lat' dir='ltr'>consuetos</span> <span class='ocrx_word' id='word_1_606' title='bbox 1810 1186 1821 1202; x_wconf 87' lang='lat'>,</span> <span class='ocrx_word' id='word_1_607' title='bbox 1847 1162 1989 1208; x_wconf 76' lang='lat' dir='ltr'>ideoque</span> <span class='ocrx_word' id='word_1_608' title='bbox 2002 1162 2081 1195; x_wconf 86' lang='lat' dir='ltr'>Gre-</span> 
     </span>
    </p>

    <p class='ocr_par' dir='ltr' id='par_1_17' title="bbox 1197 1207 2085 1255">
     <span class='ocr_line' id='line_1_91' title="bbox 1197 1207 2085 1255; baseline 0.006 -15"><span class='ocrx_word' id='word_1_609' title='bbox 1197 1207 1309 1253; x_wconf 88' lang='lat' dir='ltr'>gorius</span> <span class='ocrx_word' id='word_1_610' title='bbox 1323 1208 1471 1254; x_wconf 81' lang='lat' dir='ltr'>Magnus</span> <span class='ocrx_word' id='word_1_611' title='bbox 1489 1208 1603 1244; x_wconf 69' lang='lat' dir='ltr'>eorum</span> <span class='ocrx_word' id='word_1_612' title='bbox 1625 1221 1742 1255; x_wconf 85' lang='lat' dir='ltr'>corpus</span> <span class='ocrx_word' id='word_1_613' title='bbox 1760 1210 1925 1255; x_wconf 82' lang='lat' dir='ltr'>honorare</span> <span class='ocrx_word' id='word_1_614' title='bbox 1946 1212 2085 1250; x_wconf 71' lang='lat' dir='ltr'>volens,</span> 
     </span>
    </p>

    <p class='ocr_par' dir='ltr' id='par_1_18' title="bbox 1197 1257 2265 1356">
     <span class='ocr_line' id='line_1_92' title="bbox 1198 1257 2265 1306; baseline 0.007 -14"><span class='ocrx_word' id='word_1_615' title='bbox 1198 1257 1340 1299; x_wconf 87' lang='lat' dir='ltr'>instituit</span> <span class='ocrx_word' id='word_1_616' title='bbox 1361 1259 1396 1293; x_wconf 88' lang='lat'>&amp;</span> <span class='ocrx_word' id='word_1_617' title='bbox 1411 1259 1506 1294; x_wconf 86' lang='lat' dir='ltr'>variis</span> <span class='ocrx_word' id='word_1_618' title='bbox 1527 1259 1710 1306; x_wconf 88' lang='lat' dir='ltr'>privilegiis</span> <span class='ocrx_word' id='word_1_619' title='bbox 1724 1260 1864 1298; x_wconf 89' lang='lat' dir='ltr'>donavit</span> <span class='ocrx_word' id='word_1_620' title='bbox 1882 1264 2005 1306; x_wconf 87' lang='lat' dir='ltr'>septem</span> <span class='ocrx_word' id='word_1_621' title='bbox 2017 1263 2086 1296; x_wconf 85' lang='lat' dir='ltr'>De.-</span> <span class='ocrx_word' id='word_1_622' title='bbox 2103 1264 2165 1295; x_wconf 75' lang='lat' dir='ltr'>L7-</span> <span class='ocrx_word' id='word_1_623' title='bbox 2178 1258 2265 1299; x_wconf 72' lang='lat' dir='ltr'>Epist.</span> 
     </span>
     <span class='ocr_line' id='line_1_93' title="bbox 1197 1307 2151 1356; baseline 0.005 -14"><span class='ocrx_word' id='word_1_624' title='bbox 1197 1308 1339 1351; x_wconf 73' lang='lat' dir='ltr'>sensores</span> <span class='ocrx_word' id='word_1_625' title='bbox 1361 1307 1586 1354; x_wconf 75' lang='lat' dir='ltr'>Regionarios</span> <span class='ocrx_word' id='word_1_626' title='bbox 1605 1335 1617 1352; x_wconf 89' lang='lat'><strong>,</strong></span> <span class='ocrx_word' id='word_1_627' title='bbox 1653 1321 1796 1355; x_wconf 87' lang='lat' dir='ltr'>quorum</span> <span class='ocrx_word' id='word_1_628' title='bbox 1828 1323 1942 1348; x_wconf 79' lang='lat' dir='ltr'>tamen</span> <span class='ocrx_word' id='word_1_629' title='bbox 1957 1313 2085 1356; x_wconf 79' lang='lat' dir='ltr'>-primus</span> <span class='ocrx_word' id='word_1_630' title='bbox 2105 1311 2151 1338; x_wconf 70' lang='lat'>⁸⁷·</span> 
     </span>
    </p>

    <p class='ocr_par' dir='ltr' id='par_1_19' title="bbox 1198 1357 2079 1406">
     <span class='ocr_line' id='line_1_94' title="bbox 1198 1357 2079 1406; baseline 0.006 -12"><span class='ocrx_word' id='word_1_631' title='bbox 1198 1358 1241 1394; x_wconf 85' lang='lat' dir='ltr'>ad</span> <span class='ocrx_word' id='word_1_632' title='bbox 1250 1357 1502 1396; x_wconf 87' lang='lat' dir='ltr'>Cardinalitiam</span> <span class='ocrx_word' id='word_1_633' title='bbox 1514 1361 1712 1406; x_wconf 85' lang='lat' dir='ltr'>dignitatem</span> <span class='ocrx_word' id='word_1_634' title='bbox 1725 1374 1794 1397; x_wconf 90' lang='lat' dir='ltr'>non</span> <span class='ocrx_word' id='word_1_635' title='bbox 1815 1364 1965 1406; x_wconf 88' lang='lat' dir='ltr'>pervenit</span> <span class='ocrx_word' id='word_1_636' title='bbox 1974 1389 1983 1395; x_wconf 88' lang='lat'><strong>.</strong></span> <span class='ocrx_word' id='word_1_637' title='bbox 2076 1388 2079 1392; x_wconf 91' lang='lat'><em>-</em></span> 
     </span>
    </p>

    <p class='ocr_par' dir='ltr' id='par_1_20' title="bbox 1199 1408 2088 1599">
     <span class='ocr_line' id='line_1_95' title="bbox 1246 1408 2086 1455; baseline 0.006 -14"><span class='ocrx_word' id='word_1_638' title='bbox 1246 1408 1395 1455; x_wconf 81' lang='lat' dir='ltr'>Qaestio</span> <span class='ocrx_word' id='word_1_639' title='bbox 1413 1410 1458 1444; x_wconf 88' lang='lat' dir='ltr'>est</span> <span class='ocrx_word' id='word_1_640' title='bbox 1472 1434 1484 1451; x_wconf 91' lang='lat'>‚</span> <span class='ocrx_word' id='word_1_641' title='bbox 1510 1410 1569 1451; x_wconf 81' lang='lat' dir='ltr'>An</span> <span class='ocrx_word' id='word_1_642' title='bbox 1594 1410 1835 1454; x_wconf 76' lang='lat' dir='ltr'>Ecclesiasticus</span> <span class='ocrx_word' id='word_1_643' title='bbox 1847 1413 2012 1448; x_wconf 88' lang='lat' dir='ltr'>Defensor</span> <span class='ocrx_word' id='word_1_644' title='bbox 2033 1412 2086 1446; x_wconf 60' lang='grc' dir='ltr'>δον</span> 
     </span>
     <span class='ocr_line' id='line_1_96' title="bbox 1200 1458 2088 1510; baseline 0.003 -17"><span class='ocrx_word' id='word_1_645' title='bbox 1200 1458 1305 1494; x_wconf 86' lang='lat' dir='ltr'>buerit</span> <span class='ocrx_word' id='word_1_646' title='bbox 1315 1459 1378 1494; x_wconf 82' lang='lat' dir='ltr'>effe</span> <span class='ocrx_word' id='word_1_647' title='bbox 1391 1459 1559 1501; x_wconf 84' lang='lat' dir='ltr'>Clericus,</span> <span class='ocrx_word' id='word_1_648' title='bbox 1583 1461 1666 1496; x_wconf 84' lang='lat' dir='ltr'>&amp;in</span> <span class='ocrx_word' id='word_1_649' title='bbox 1678 1474 1745 1506; x_wconf 90' lang='lat' dir='ltr'>quo</span> <span class='ocrx_word' id='word_1_650' title='bbox 1759 1463 1862 1510; x_wconf 87' lang='lat' dir='ltr'>gradu</span> <span class='ocrx_word' id='word_1_651' title='bbox 1877 1465 1890 1497; x_wconf 89' lang='lat'>?</span> <span class='ocrx_word' id='word_1_652' title='bbox 1916 1463 1983 1498; x_wconf 90' lang='lat' dir='ltr'>Pro</span> <span class='ocrx_word' id='word_1_653' title='bbox 1997 1472 2088 1507; x_wconf 85' lang='lat' dir='ltr'>parte</span> 
     </span>
     <span class='ocr_line' id='line_1_97' title="bbox 1199 1509 2088 1558; baseline 0.004 -16"><span class='ocrx_word' id='word_1_654' title='bbox 1199 1510 1351 1553; x_wconf 88' lang='lat' dir='ltr'>negativa</span> <span class='ocrx_word' id='word_1_655' title='bbox 1367 1509 1446 1552; x_wconf 85' lang='lat' dir='ltr'>facit</span> <span class='ocrx_word' id='word_1_656' title='bbox 1455 1511 1613 1555; x_wconf 86' lang='lat' dir='ltr'>Zozimus</span> <span class='ocrx_word' id='word_1_657' title='bbox 1640 1512 1822 1552; x_wconf 84' lang='lat' dir='ltr'>Pontifex,</span> <span class='ocrx_word' id='word_1_658' title='bbox 1846 1525 1948 1558; x_wconf 85' lang='lat' dir='ltr'>agens</span> <span class='ocrx_word' id='word_1_659' title='bbox 1961 1514 2004 1548; x_wconf 85' lang='lat' dir='ltr'>de</span> <span class='ocrx_word' id='word_1_660' title='bbox 2025 1514 2088 1546; x_wconf 88' lang='lat' dir='ltr'>ser-</span> 
     </span>
     <span class='ocr_line' id='line_1_98' title="bbox 1201 1559 2086 1599; baseline 0.003 -7"><span class='ocrx_word' id='word_1_661' title='bbox 1201 1559 1314 1593; x_wconf 85' lang='lat' dir='ltr'>vandis</span> <span class='ocrx_word' id='word_1_662' title='bbox 1341 1559 1643 1596; x_wconf 86' lang='lat' dir='ltr'>Ecclefiasticorum</span> <span class='ocrx_word' id='word_1_663' title='bbox 1678 1562 1848 1599; x_wconf 84' lang='lat' dir='ltr'>Ordinurn</span> <span class='ocrx_word' id='word_1_664' title='bbox 1886 1563 2086 1598; x_wconf 81' lang='lat' dir='ltr'>interstitiis.</span> 
     </span>
    </p>

    <p class='ocr_par' dir='ltr' id='par_1_21' title="bbox 1194 1609 2262 1712">
     <span class='ocr_line' id='line_1_99' title="bbox 1198 1609 2262 1656; baseline 0.006 -15"><span class='ocrx_word' id='word_1_665' title='bbox 1198 1612 1307 1642; x_wconf 77' lang='lat' dir='ltr'>Etiam</span> <span class='ocrx_word' id='word_1_666' title='bbox 1328 1609 1505 1653; x_wconf 85' lang='lat' dir='ltr'>Defensores</span> <span class='ocrx_word' id='word_1_667' title='bbox 1527 1613 1663 1653; x_wconf 80' lang='lat' dir='ltr'>Ecclefiae</span> <span class='ocrx_word' id='word_1_668' title='bbox 1686 1635 1697 1651; x_wconf 90' lang='lat'>,</span> <span class='ocrx_word' id='word_1_669' title='bbox 1723 1619 1776 1656; x_wconf 76' lang='lat' dir='ltr'>qui</span> <span class='ocrx_word' id='word_1_670' title='bbox 1796 1626 1836 1648; x_wconf 78' lang='lat' dir='ltr'>ex</span> <span class='ocrx_word' id='word_1_671' title='bbox 1867 1617 1970 1647; x_wconf 79' lang='lat' dir='ltr'>Laicis</span> <span class='ocrx_word' id='word_1_672' title='bbox 1987 1614 2087 1656; x_wconf 79' lang='lat' dir='ltr'>fiunt,</span> <span class='ocrx_word' id='word_1_673' title='bbox 2107 1610 2190 1646; x_wconf 62' lang='grc' dir='ltr'>ΕΡᾸ·</span> <span class='ocrx_word' id='word_1_674' title='bbox 2204 1616 2262 1645; x_wconf 71' lang='lat'>03·</span> 
     </span>
     <span class='ocr_line' id='line_1_100' title="bbox 1194 1658 2088 1712; baseline 0.004 -19"><span class='ocrx_word' id='word_1_675' title='bbox 1194 1658 1372 1703; x_wconf 58' lang='lat' dir='ltr'>supradida</span> <span class='ocrx_word' id='word_1_676' title='bbox 1390 1659 1596 1703; x_wconf 74' lang='lat' dir='ltr'>observatione</span> <span class='ocrx_word' id='word_1_677' title='bbox 1618 1671 1798 1697; x_wconf 85' lang='lat' dir='ltr'>teneantur.</span> <span class='ocrx_word' id='word_1_678' title='bbox 1830 1664 1916 1712; x_wconf 83' lang='lat' dir='ltr'>Qae</span> <span class='ocrx_word' id='word_1_679' title='bbox 1937 1663 2032 1698; x_wconf 87' lang='lat' dir='ltr'>verba</span> <span class='ocrx_word' id='word_1_680' title='bbox 2043 1675 2088 1698; x_wconf 85' lang='lat' dir='ltr'>re—</span> 
     </span>
    </p>

    <p class='ocr_par' dir='ltr' id='par_1_22' title="bbox 1199 1710 2087 1757">
     <span class='ocr_line' id='line_1_101' title="bbox 1199 1710 2087 1757; baseline 0.005 -14"><span class='ocrx_word' id='word_1_681' title='bbox 1199 1710 1278 1753; x_wconf 88' lang='lat' dir='ltr'>petit</span> <span class='ocrx_word' id='word_1_682' title='bbox 1301 1711 1592 1746; x_wconf 85' lang='lat' dir='ltr'>Sacramentarium</span> <span class='ocrx_word' id='word_1_683' title='bbox 1612 1713 1822 1748; x_wconf 84' lang='lat' dir='ltr'>Gelalianum</span> <span class='ocrx_word' id='word_1_684' title='bbox 1844 1714 1917 1757; x_wconf 77' lang='lat' dir='ltr'>post</span> <span class='ocrx_word' id='word_1_685' title='bbox 1953 1714 2087 1749; x_wconf 72' lang='lat' dir='ltr'>Missam</span> 
     </span>
    </p>

    <p class='ocr_par' dir='ltr' id='par_1_23' title="bbox 1199 1760 2086 1813">
     <span class='ocr_line' id='line_1_102' title="bbox 1199 1760 2086 1813; baseline 0.005 -21"><span class='ocrx_word' id='word_1_686' title='bbox 1199 1769 1276 1794; x_wconf 88' lang='lat' dir='ltr'>ante</span> <span class='ocrx_word' id='word_1_687' title='bbox 1300 1760 1517 1796; x_wconf 87' lang='lat' dir='ltr'>Dominicam</span> <span class='ocrx_word' id='word_1_688' title='bbox 1533 1764 1709 1797; x_wconf 83' lang='lat' dir='ltr'>secundam</span> <span class='ocrx_word' id='word_1_689' title='bbox 1730 1764 2012 1813; x_wconf 83' lang='lat' dir='ltr'>Qadragefimae.</span> <span class='ocrx_word' id='word_1_690' title='bbox 2041 1764 2086 1797; x_wconf 87' lang='lat' dir='ltr'>Et</span> 
     </span>
    </p>

    <p class='ocr_par' dir='ltr' id='par_1_24' title="bbox 1199 1810 2087 1858">
     <span class='ocr_line' id='line_1_103' title="bbox 1199 1810 2087 1858; baseline 0.005 -16"><span class='ocrx_word' id='word_1_691' title='bbox 1199 1811 1318 1853; x_wconf 80' lang='lat' dir='ltr'>quinta</span> <span class='ocrx_word' id='word_1_692' title='bbox 1324 1810 1591 1857; x_wconf 82' lang='lat' dir='ltr'>Carthaginenfis</span> <span class='ocrx_word' id='word_1_693' title='bbox 1603 1825 1640 1848; x_wconf 92' lang='lat' dir='ltr'>ac</span> <span class='ocrx_word' id='word_1_694' title='bbox 1651 1812 1848 1848; x_wconf 90' lang='lat' dir='ltr'>Milevitana</span> <span class='ocrx_word' id='word_1_695' title='bbox 1873 1815 2027 1858; x_wconf 89' lang='lat' dir='ltr'>Synodus</span> <span class='ocrx_word' id='word_1_696' title='bbox 2038 1813 2087 1847; x_wconf 83' lang='lat' dir='ltr'>di-</span> 
     </span>
    </p>

    <p class='ocr_par' dir='ltr' id='par_1_25' title="bbox 1198 1859 2087 1906">
     <span class='ocr_line' id='line_1_104' title="bbox 1198 1859 2087 1906; baseline 0.004 -13"><span class='ocrx_word' id='word_1_697' title='bbox 1198 1870 1279 1894; x_wconf 92' lang='lat' dir='ltr'>cunt</span> <span class='ocrx_word' id='word_1_698' title='bbox 1292 1859 1391 1895; x_wconf 90' lang='lat' dir='ltr'>hosce</span> <span class='ocrx_word' id='word_1_699' title='bbox 1413 1863 1611 1901; x_wconf 85' lang='lat' dir='ltr'>Defensores</span> <span class='ocrx_word' id='word_1_700' title='bbox 1623 1862 1741 1906; x_wconf 83' lang='lat' dir='ltr'>debere</span> <span class='ocrx_word' id='word_1_701' title='bbox 1763 1866 1825 1900; x_wconf 81' lang='lat' dir='ltr'>esse</span> <span class='ocrx_word' id='word_1_702' title='bbox 1849 1864 2087 1901; x_wconf 87' lang='lat' dir='ltr'>Scholasticos‚</span> 
     </span>
    </p>

    <p class='ocr_par' dir='ltr' id='par_1_26' title="bbox 1198 1908 2087 2008">
     <span class='ocr_line' id='line_1_105' title="bbox 1199 1908 2086 1958; baseline 0.005 -16"><span class='ocrx_word' id='word_1_703' title='bbox 1199 1908 1233 1943; x_wconf 90' lang='lat' dir='ltr'>id</span> <span class='ocrx_word' id='word_1_704' title='bbox 1253 1909 1321 1951; x_wconf 87' lang='lat' dir='ltr'>est,</span> <span class='ocrx_word' id='word_1_705' title='bbox 1347 1912 1502 1946; x_wconf 82' lang='lat' dir='ltr'>Forenses</span> <span class='ocrx_word' id='word_1_706' title='bbox 1512 1914 1680 1947; x_wconf 85' lang='lat' dir='ltr'>causatum</span> <span class='ocrx_word' id='word_1_707' title='bbox 1703 1924 1875 1956; x_wconf 82' lang='lat' dir='ltr'>patronos,</span> <span class='ocrx_word' id='word_1_708' title='bbox 1905 1914 2043 1958; x_wconf 75' lang='lat' dir='ltr'>ideoque</span> <span class='ocrx_word' id='word_1_709' title='bbox 2066 1912 2086 1946; x_wconf 75' lang='grc' dir='ltr'>ὲ</span> 
     </span>
     <span class='ocr_line' id='line_1_106' title="bbox 1198 1959 2087 2008; baseline 0.006 -15"><span class='ocrx_word' id='word_1_710' title='bbox 1198 1959 1351 2004; x_wconf 85' lang='lat' dir='ltr'>Principe</span> <span class='ocrx_word' id='word_1_711' title='bbox 1361 1961 1403 1997; x_wconf 85' lang='lat' dir='ltr'>ad</span> <span class='ocrx_word' id='word_1_712' title='bbox 1420 1961 1505 1997; x_wconf 85' lang='lat' dir='ltr'>istud</span> <span class='ocrx_word' id='word_1_713' title='bbox 1521 1963 1669 2007; x_wconf 81' lang='lat' dir='ltr'>Ecclefiae</span> <span class='ocrx_word' id='word_1_714' title='bbox 1681 1964 1895 1999; x_wconf 85' lang='lat' dir='ltr'>ministerium</span> <span class='ocrx_word' id='word_1_715' title='bbox 1920 1965 2087 2008; x_wconf 81' lang='lat' dir='ltr'>postulan-</span> 
     </span>
    </p>

    <p class='ocr_par' dir='ltr' id='par_1_27' title="bbox 1197 2009 2085 2059">
     <span class='ocr_line' id='line_1_107' title="bbox 1197 2009 2085 2059; baseline 0.003 -15"><span class='ocrx_word' id='word_1_716' title='bbox 1197 2009 1303 2045; x_wconf 87' lang='lat' dir='ltr'>dos&amp;</span> <span class='ocrx_word' id='word_1_717' title='bbox 1322 2011 1544 2056; x_wconf 83' lang='lat' dir='ltr'>delegandos:</span> <span class='ocrx_word' id='word_1_718' title='bbox 1573 2012 1622 2049; x_wconf 91' lang='lat' dir='ltr'>At</span> <span class='ocrx_word' id='word_1_719' title='bbox 1643 2014 1720 2048; x_wconf 76' lang='lat' dir='ltr'>vero</span> <span class='ocrx_word' id='word_1_720' title='bbox 1747 2013 1895 2050; x_wconf 88' lang='lat' dir='ltr'>Clericus</span> <span class='ocrx_word' id='word_1_721' title='bbox 1917 2025 2085 2059; x_wconf 88' lang='lat' dir='ltr'>nunquam</span> 
     </span>
    </p>

    <p class='ocr_par' dir='ltr' id='par_1_28' title="bbox 1192 2062 2086 2209">
     <span class='ocr_line' id='line_1_108' title="bbox 1192 2062 2086 2104; baseline 0.004 -10"><span class='ocrx_word' id='word_1_722' title='bbox 1192 2062 1266 2094; x_wconf 80' lang='lat' dir='ltr'>-effe</span> <span class='ocrx_word' id='word_1_723' title='bbox 1285 2062 1394 2104; x_wconf 87' lang='lat' dir='ltr'>potuit</span> <span class='ocrx_word' id='word_1_724' title='bbox 1413 2062 1528 2097; x_wconf 83' lang='lat' dir='ltr'>rabula</span> <span class='ocrx_word' id='word_1_725' title='bbox 1550 2063 1685 2098; x_wconf 84' lang='lat' dir='ltr'>forensis</span> <span class='ocrx_word' id='word_1_726' title='bbox 1712 2090 1718 2095; x_wconf 96' lang='lat'>.</span> <span class='ocrx_word' id='word_1_727' title='bbox 1746 2064 1790 2098; x_wconf 93' lang='lat' dir='ltr'>Et</span> <span class='ocrx_word' id='word_1_728' title='bbox 1811 2065 1851 2098; x_wconf 85' lang='lat' dir='ltr'>ad</span> <span class='ocrx_word' id='word_1_729' title='bbox 1874 2065 2086 2098; x_wconf 86' lang='lat' dir='ltr'>Antoninam</span> 
     </span>
     <span class='ocr_line' id='line_1_109' title="bbox 1197 2109 2085 2158; baseline 0.007 -15"><span class='ocrx_word' id='word_1_730' title='bbox 1197 2109 1370 2144; x_wconf 87' lang='lat' dir='ltr'>Patriciam</span> <span class='ocrx_word' id='word_1_731' title='bbox 1385 2135 1396 2150; x_wconf 91' lang='lat'>‚</span> <span class='ocrx_word' id='word_1_732' title='bbox 1422 2122 1492 2155; x_wconf 82' lang='lat' dir='ltr'>quae</span> <span class='ocrx_word' id='word_1_733' title='bbox 1502 2112 1612 2146; x_wconf 91' lang='lat' dir='ltr'>nescio</span> <span class='ocrx_word' id='word_1_734' title='bbox 1624 2123 1722 2156; x_wconf 90' lang='lat' dir='ltr'>quem</span> <span class='ocrx_word' id='word_1_735' title='bbox 1734 2113 1934 2148; x_wconf 83' lang='lat' dir='ltr'>monachum</span> <span class='ocrx_word' id='word_1_736' title='bbox 1954 2126 2085 2158; x_wconf 83' lang='lat' dir='ltr'>rogarat</span> 
     </span>
     <span class='ocr_line' id='line_1_110' title="bbox 1199 2160 2086 2209; baseline 0.007 -17"><span class='ocrx_word' id='word_1_737' title='bbox 1199 2160 1382 2206; x_wconf 86' lang='lat' dir='ltr'>promoveri</span> <span class='ocrx_word' id='word_1_738' title='bbox 1404 2161 1437 2194; x_wconf 88' lang='lat' dir='ltr'>in</span> <span class='ocrx_word' id='word_1_739' title='bbox 1462 2162 1679 2199; x_wconf 89' lang='lat' dir='ltr'>Defensorem</span> <span class='ocrx_word' id='word_1_740' title='bbox 1693 2186 1703 2201; x_wconf 88' lang='lat'>‚</span> <span class='ocrx_word' id='word_1_741' title='bbox 1729 2163 1841 2197; x_wconf 89' lang='lat' dir='ltr'>scribit</span> <span class='ocrx_word' id='word_1_742' title='bbox 1863 2163 2019 2209; x_wconf 86' lang='lat' dir='ltr'>Pelagius</span> <span class='ocrx_word' id='word_1_743' title='bbox 2039 2166 2086 2198; x_wconf 90' lang='lat' dir='ltr'>se-</span> 
     </span>
    </p>

    <p class='ocr_par' dir='ltr' id='par_1_29' title="bbox 1197 2210 2244 2304">
     <span class='ocr_line' id='line_1_111' title="bbox 1197 2210 2244 2258; baseline 0.007 -15"><span class='ocrx_word' id='word_1_744' title='bbox 1197 2210 1323 2244; x_wconf 91' lang='lat' dir='ltr'>cundus</span> <span class='ocrx_word' id='word_1_745' title='bbox 1344 2210 1517 2244; x_wconf 83' lang='lat' dir='ltr'>Pontifex.</span> <span class='ocrx_word' id='word_1_746' title='bbox 1549 2215 1595 2246; x_wconf 90' lang='lat' dir='ltr'>De</span> <span class='ocrx_word' id='word_1_747' title='bbox 1601 2212 1799 2255; x_wconf 70' lang='lat' dir='ltr'>praeftntium</span> <span class='ocrx_word' id='word_1_748' title='bbox 1815 2220 1979 2256; x_wconf 81' lang='lat' dir='ltr'>portitore,</span> <span class='ocrx_word' id='word_1_749' title='bbox 2006 2216 2088 2257; x_wconf 84' lang='lat' dir='ltr'>quod</span> <span class='ocrx_word' id='word_1_750' title='bbox 2105 2218 2244 2258; x_wconf 59' lang='lat' dir='ltr'>Epistu-</span> 
     </span>
     <span class='ocr_line' id='line_1_112' title="bbox 1199 2258 2084 2304; baseline 0.008 -13"><span class='ocrx_word' id='word_1_751' title='bbox 1199 2258 1341 2302; x_wconf 81' lang='lat' dir='ltr'>Defensor</span> <span class='ocrx_word' id='word_1_752' title='bbox 1349 2259 1450 2302; x_wconf 71' lang='lat' dir='ltr'>fao‘lus</span> <span class='ocrx_word' id='word_1_753' title='bbox 1464 2273 1521 2293; x_wconf 86' lang='lat' dir='ltr'>non</span> <span class='ocrx_word' id='word_1_754' title='bbox 1545 2262 1583 2302; x_wconf 85' lang='lat' dir='ltr'>est</span> <span class='ocrx_word' id='word_1_755' title='bbox 1596 2288 1605 2302; x_wconf 91' lang='lat'>‚</span> <span class='ocrx_word' id='word_1_756' title='bbox 1634 2264 1718 2298; x_wconf 85' lang='lat' dir='ltr'>nulla</span> <span class='ocrx_word' id='word_1_757' title='bbox 1730 2265 1816 2304; x_wconf 69' lang='lat' dir='ltr'>vpbis</span> <span class='ocrx_word' id='word_1_758' title='bbox 1843 2269 1938 2297; x_wconf 80' lang='lat' dir='ltr'>animi</span> <span class='ocrx_word' id='word_1_759' title='bbox 1958 2263 2084 2304; x_wconf 74' lang='lat' dir='ltr'>molestia</span> 
     </span>
    </p>

    <p class='ocr_par' dir='ltr' id='par_1_30' title="bbox 1189 2307 2084 2356">
     <span class='ocr_line' id='line_1_113' title="bbox 1189 2307 2084 2356; baseline 0.008 -15"><span class='ocrx_word' id='word_1_760' title='bbox 1189 2307 1247 2351; x_wconf 81' lang='lat' dir='ltr'>fit:</span> <span class='ocrx_word' id='word_1_761' title='bbox 1274 2312 1357 2353; x_wconf 68' lang='lat' dir='ltr'>‚Qum</span> <span class='ocrx_word' id='word_1_762' title='bbox 1367 2310 1523 2354; x_wconf 57' lang='lat' dir='ltr'>verbsatis</span> <span class='ocrx_word' id='word_1_763' title='bbox 1535 2314 1743 2355; x_wconf 79' lang='lat' dir='ltr'>amarifflmum</span> <span class='ocrx_word' id='word_1_764' title='bbox 1755 2313 1848 2355; x_wconf 81' lang='lat' dir='ltr'>habeo</span> <span class='ocrx_word' id='word_1_765' title='bbox 1866 2315 1903 2347; x_wconf 87' lang='lat' dir='ltr'>de</span> <span class='ocrx_word' id='word_1_766' title='bbox 1921 2313 1969 2354; x_wconf 74' lang='lat' dir='ltr'>isto</span> <span class='ocrx_word' id='word_1_767' title='bbox 1981 2323 2084 2356; x_wconf 83' lang='lat' dir='ltr'>propo-</span> 
     </span>
    </p>

    <p class='ocr_par' dir='ltr' id='par_1_31' title="bbox 1189 2357 2085 2406">
     <span class='ocr_line' id='line_1_114' title="bbox 1189 2357 2085 2406; baseline 0.007 -13"><span class='ocrx_word' id='word_1_768' title='bbox 1189 2357 1244 2400; x_wconf 76' lang='lat' dir='ltr'>sito</span> <span class='ocrx_word' id='word_1_769' title='bbox 1258 2385 1268 2399; x_wconf 94' lang='lat'>,</span> <span class='ocrx_word' id='word_1_770' title='bbox 1293 2361 1339 2396; x_wconf 67' lang='lat' dir='ltr'>‚ad</span> <span class='ocrx_word' id='word_1_771' title='bbox 1347 2359 1424 2400; x_wconf 78' lang='lat' dir='ltr'>istud</span> <span class='ocrx_word' id='word_1_772' title='bbox 1434 2362 1555 2403; x_wconf 80' lang='lat' dir='ltr'>officium</span> <span class='ocrx_word' id='word_1_773' title='bbox 1569 2362 1698 2396; x_wconf 84' lang='lat' dir='ltr'>homines</span> <span class='ocrx_word' id='word_1_774' title='bbox 1710 2365 1800 2405; x_wconf 80' lang='lat' dir='ltr'>duci,</span> <span class='ocrx_word' id='word_1_775' title='bbox 1826 2369 1859 2406; x_wconf 79' lang='lat' dir='ltr'>in</span> <span class='ocrx_word' id='word_1_776' title='bbox 1870 2376 1927 2406; x_wconf 87' lang='lat' dir='ltr'>quo</span> <span class='ocrx_word' id='word_1_777' title='bbox 1937 2365 2014 2398; x_wconf 87' lang='lat' dir='ltr'>nullo</span> <span class='ocrx_word' id='word_1_778' title='bbox 2024 2378 2085 2398; x_wconf 87' lang='lat' dir='ltr'>mo-</span> 
     </span>
    </p>

    <p class='ocr_par' dir='ltr' id='par_1_32' title="bbox 1195 2410 2085 2457">
     <span class='ocr_line' id='line_1_115' title="bbox 1195 2410 2085 2457; baseline 0.008 -15"><span class='ocrx_word' id='word_1_779' title='bbox 1195 2411 1233 2442; x_wconf 86' lang='lat' dir='ltr'>do</span> <span class='ocrx_word' id='word_1_780' title='bbox 1243 2422 1310 2453; x_wconf 82' lang='lat' dir='ltr'>quae</span> <span class='ocrx_word' id='word_1_781' title='bbox 1320 2413 1340 2442; x_wconf 78' lang='grc' dir='ltr'><em>ἂ</em></span> <span class='ocrx_word' id='word_1_782' title='bbox 1351 2410 1500 2448; x_wconf 80' lang='lat' dir='ltr'>monacbis</span> <span class='ocrx_word' id='word_1_783' title='bbox 1511 2415 1574 2446; x_wconf 86' lang='lat' dir='ltr'>Deo</span> <span class='ocrx_word' id='word_1_784' title='bbox 1579 2414 1720 2456; x_wconf 82' lang='lat' dir='ltr'>promissa</span> <span class='ocrx_word' id='word_1_785' title='bbox 1727 2412 1803 2457; x_wconf 70' lang='lat' dir='ltr'>fiam</span> <span class='ocrx_word' id='word_1_786' title='bbox 1814 2439 1826 2456; x_wconf 92' lang='lat'>‚</span> <span class='ocrx_word' id='word_1_787' title='bbox 1853 2416 1978 2448; x_wconf 80' lang='lat' dir='ltr'>valeant</span> <span class='ocrx_word' id='word_1_788' title='bbox 1988 2417 2085 2449; x_wconf 86' lang='lat' dir='ltr'>adim·</span> 
     </span>
    </p>

    <p class='ocr_par' dir='ltr' id='par_1_33' title="bbox 1192 2459 2084 2508">
     <span class='ocr_line' id='line_1_116' title="bbox 1192 2459 2084 2508; baseline 0.006 -15"><span class='ocrx_word' id='word_1_789' title='bbox 1192 2462 1287 2502; x_wconf 84' lang='lat' dir='ltr'>pleri.</span> <span class='ocrx_word' id='word_1_790' title='bbox 1316 2463 1496 2494; x_wconf 73' lang='lat' dir='ltr'>omnimoda</span> <span class='ocrx_word' id='word_1_791' title='bbox 1508 2468 1589 2496; x_wconf 82' lang='lat' dir='ltr'>em&#39;m</span> <span class='ocrx_word' id='word_1_792' title='bbox 1600 2459 1866 2506; x_wconf 67' lang='lat' dir='ltr'>estilliurbabitus</span> <span class='ocrx_word' id='word_1_793' title='bbox 1885 2464 2011 2503; x_wconf 65' lang='lat' dir='ltr'>&amp;illius</span> <span class='ocrx_word' id='word_1_794' title='bbox 2039 2466 2084 2508; x_wconf 90' lang='lat' dir='ltr'>of-</span> 
     </span>
    </p>

    <p class='ocr_par' dir='ltr' id='par_1_34' title="bbox 1192 2510 2083 2556">
     <span class='ocr_line' id='line_1_117' title="bbox 1192 2510 2083 2556; baseline 0.003 -12"><span class='ocrx_word' id='word_1_795' title='bbox 1192 2510 1253 2553; x_wconf 78' lang='lat' dir='ltr'>ficii</span> <span class='ocrx_word' id='word_1_796' title='bbox 1262 2510 1439 2551; x_wconf 75' lang='lat' dir='ltr'>diversitas.</span> <span class='ocrx_word' id='word_1_797' title='bbox 1469 2512 1535 2545; x_wconf 82' lang='lat' dir='ltr'>Illic</span> <span class='ocrx_word' id='word_1_798' title='bbox 1546 2519 1625 2546; x_wconf 79' lang='lat' dir='ltr'>enim</span> <span class='ocrx_word' id='word_1_799' title='bbox 1644 2521 1746 2556; x_wconf 86' lang='lat' dir='ltr'>quies,</span> <span class='ocrx_word' id='word_1_800' title='bbox 1775 2521 1891 2556; x_wconf 83' lang='lat' dir='ltr'>oratio,</span> <span class='ocrx_word' id='word_1_801' title='bbox 1918 2515 1999 2548; x_wconf 78' lang='lat' dir='ltr'>labor</span> <span class='ocrx_word' id='word_1_802' title='bbox 2020 2527 2083 2548; x_wconf 83' lang='lat' dir='ltr'>ma-</span> 
     </span>
    </p>

    <p class='ocr_par' dir='ltr' id='par_1_35' title="bbox 1195 2560 2081 2607">
     <span class='ocr_line' id='line_1_118' title="bbox 1195 2560 2081 2607; baseline 0.005 -13"><span class='ocrx_word' id='word_1_803' title='bbox 1195 2573 1286 2594; x_wconf 87' lang='lat' dir='ltr'>nuum</span> <span class='ocrx_word' id='word_1_804' title='bbox 1308 2573 1317 2603; x_wconf 83' lang='lat'>3</span> <span class='ocrx_word' id='word_1_805' title='bbox 1352 2570 1388 2593; x_wconf 86' lang='lat' dir='ltr'>at</span> <span class='ocrx_word' id='word_1_806' title='bbox 1409 2560 1455 2593; x_wconf 87' lang='lat' dir='ltr'>hic</span> <span class='ocrx_word' id='word_1_807' title='bbox 1475 2562 1630 2605; x_wconf 72' lang='lat' dir='ltr'>causarum</span> <span class='ocrx_word' id='word_1_808' title='bbox 1662 2569 1784 2607; x_wconf 78' lang='lat' dir='ltr'>cognitio</span> <span class='ocrx_word' id='word_1_809' title='bbox 1804 2589 1816 2606; x_wconf 91' lang='lat'>‚</span> <span class='ocrx_word' id='word_1_810' title='bbox 1849 2571 2081 2603; x_wconf 82' lang='lat' dir='ltr'>conventiones,</span> 
     </span>
    </p>

    <p class='ocr_par' dir='ltr' id='par_1_36' title="bbox 1195 2611 2076 2657">
     <span class='ocr_line' id='line_1_119' title="bbox 1195 2611 2076 2657; baseline 0.002 -13"><span class='ocrx_word' id='word_1_811' title='bbox 1195 2611 1297 2650; x_wconf 59' lang='lat' dir='ltr'>aolus,</span> <span class='ocrx_word' id='word_1_812' title='bbox 1318 2611 1438 2652; x_wconf 85' lang='lat' dir='ltr'>publica</span> <span class='ocrx_word' id='word_1_813' title='bbox 1447 2614 1563 2655; x_wconf 59' lang='lat' dir='ltr'>litiga,</span> <span class='ocrx_word' id='word_1_814' title='bbox 1592 2615 1626 2647; x_wconf 53' lang='grc' dir='ltr'>(θ’</span> <span class='ocrx_word' id='word_1_815' title='bbox 1642 2624 1829 2657; x_wconf 83' lang='lat' dir='ltr'>quaecumque</span> <span class='ocrx_word' id='word_1_816' title='bbox 1839 2616 1894 2648; x_wconf 79' lang='lat' dir='ltr'>vel</span> <span class='ocrx_word' id='word_1_817' title='bbox 1903 2614 2076 2657; x_wconf 75' lang='lat' dir='ltr'>Ecclefiasti-</span> 
     </span>
    </p>

    <p class='ocr_par' dir='ltr' id='par_1_37' title="bbox 1194 2660 2256 2807">
     <span class='ocr_line' id='line_1_120' title="bbox 1194 2660 2083 2707; baseline 0.006 -14"><span class='ocrx_word' id='word_1_818' title='bbox 1194 2672 1229 2693; x_wconf 86' lang='lat' dir='ltr'>ca</span> <span class='ocrx_word' id='word_1_819' title='bbox 1242 2661 1376 2699; x_wconf 85' lang='lat' dir='ltr'>instituta</span> <span class='ocrx_word' id='word_1_820' title='bbox 1406 2662 1459 2695; x_wconf 84' lang='lat' dir='ltr'>vel</span> <span class='ocrx_word' id='word_1_821' title='bbox 1462 2660 1693 2704; x_wconf 75' lang='lat' dir='ltr'>supplicantium</span> <span class='ocrx_word' id='word_1_822' title='bbox 1718 2666 1861 2706; x_wconf 79' lang='lat' dir='ltr'>neceffitas</span> <span class='ocrx_word' id='word_1_823' title='bbox 1880 2663 1993 2707; x_wconf 85' lang='lat' dir='ltr'>poscit.</span> <span class='ocrx_word' id='word_1_824' title='bbox 2021 2663 2083 2698; x_wconf 89' lang='lat' dir='ltr'>Ait</span> 
     </span>
     <span class='ocr_line' id='line_1_121' title="bbox 1196 2708 2256 2759; baseline 0.006 -15"><span class='ocrx_word' id='word_1_825' title='bbox 1196 2708 1378 2745; x_wconf 87' lang='lat' dir='ltr'>monachos</span> <span class='ocrx_word' id='word_1_826' title='bbox 1404 2711 1445 2745; x_wconf 88' lang='lat' dir='ltr'>ad</span> <span class='ocrx_word' id='word_1_827' title='bbox 1458 2711 1681 2748; x_wconf 82' lang='lat' dir='ltr'>Sacerdotium</span> <span class='ocrx_word' id='word_1_828' title='bbox 1702 2738 1714 2754; x_wconf 86' lang='lat'>,</span> <span class='ocrx_word' id='word_1_829' title='bbox 1740 2725 1809 2748; x_wconf 89' lang='lat' dir='ltr'>non</span> <span class='ocrx_word' id='word_1_830' title='bbox 1834 2709 2081 2759; x_wconf 54' lang='lat' dir='ltr'>ad‘litigiorum</span> <span class='ocrx_word' id='word_1_831' title='bbox 2100 2709 2256 2750; x_wconf 60' lang='lat' dir='ltr'>tmepist.</span> 
     </span>
     <span class='ocr_line' id='line_1_122' title="bbox 1195 2753 2145 2807; baseline 0.006 -13"><span class='ocrx_word' id='word_1_832' title='bbox 1195 2761 1303 2794; x_wconf 86' lang='lat' dir='ltr'>officia</span> <span class='ocrx_word' id='word_1_833' title='bbox 1314 2759 1457 2803; x_wconf 75' lang='lat' dir='ltr'>ordinari</span> <span class='ocrx_word' id='word_1_834' title='bbox 1467 2786 1478 2802; x_wconf 91' lang='lat'>‚</span> <span class='ocrx_word' id='word_1_835' title='bbox 1503 2761 1649 2807; x_wconf 73' lang='lat' dir='ltr'>adeoque</span> <span class='ocrx_word' id='word_1_836' title='bbox 1662 2763 1729 2798; x_wconf 88' lang='lat' dir='ltr'>haec</span> <span class='ocrx_word' id='word_1_837' title='bbox 1741 2765 1850 2799; x_wconf 88' lang='lat' dir='ltr'>officia</span> <span class='ocrx_word' id='word_1_838' title='bbox 1862 2765 1961 2805; x_wconf 89' lang='lat' dir='ltr'>etiam</span> <span class='ocrx_word' id='word_1_839' title='bbox 1974 2765 2082 2799; x_wconf 75' lang='lat' dir='ltr'>Sacer·</span> <span class='ocrx_word' id='word_1_840' title='bbox 2099 2753 2145 2780; x_wconf 73' lang='lat'>⁶⁰·</span> 
     </span>
    </p>

    <p class='ocr_par' dir='ltr' id='par_1_38' title="bbox 1196 2810 2076 2859">
     <span class='ocr_line' id='line_1_123' title="bbox 1196 2810 2076 2859; baseline 0.006 -15"><span class='ocrx_word' id='word_1_841' title='bbox 1196 2810 1295 2852; x_wconf 73' lang='lat' dir='ltr'>dotiov</span> <span class='ocrx_word' id='word_1_842' title='bbox 1305 2811 1462 2856; x_wconf 86' lang='lat' dir='ltr'>supponit</span> <span class='ocrx_word' id='word_1_843' title='bbox 1471 2823 1651 2858; x_wconf 85' lang='lat' dir='ltr'>repugnare</span> <span class='ocrx_word' id='word_1_844' title='bbox 1658 2840 1665 2847; x_wconf 95' lang='lat'>.</span> <span class='ocrx_word' id='word_1_845' title='bbox 1698 2815 1741 2848; x_wconf 92' lang='lat' dir='ltr'>Et</span> <span class='ocrx_word' id='word_1_846' title='bbox 1754 2816 1886 2850; x_wconf 68' lang='lat' dir='ltr'>Sanctus</span> <span class='ocrx_word' id='word_1_847' title='bbox 1895 2814 2076 2859; x_wconf 84' lang='lat' dir='ltr'>Gregorius</span> 
     </span>
    </p>

    <p class='ocr_par' dir='ltr' id='par_1_39' title="bbox 1197 2861 2074 2906">
     <span class='ocr_line' id='line_1_124' title="bbox 1197 2861 2074 2906; baseline 0.006 -12"><span class='ocrx_word' id='word_1_848' title='bbox 1197 2862 1341 2906; x_wconf 83' lang='lat' dir='ltr'>Magnus</span> <span class='ocrx_word' id='word_1_849' title='bbox 1362 2861 1473 2897; x_wconf 85' lang='lat' dir='ltr'>scribit</span> <span class='ocrx_word' id='word_1_850' title='bbox 1492 2862 1615 2904; x_wconf 74' lang='lat' dir='ltr'>litteras</span> <span class='ocrx_word' id='word_1_851' title='bbox 1634 2864 1675 2899; x_wconf 86' lang='lat' dir='ltr'>ad</span> <span class='ocrx_word' id='word_1_852' title='bbox 1698 2863 1888 2899; x_wconf 85' lang='lat' dir='ltr'>Paschalem</span> <span class='ocrx_word' id='word_1_853' title='bbox 1905 2888 1916 2904; x_wconf 90' lang='lat'>,</span> <span class='ocrx_word' id='word_1_854' title='bbox 1954 2865 2074 2899; x_wconf 86' lang='lat' dir='ltr'>Deme-</span> 
     </span>
    </p>

    <p class='ocr_par' dir='ltr' id='par_1_40' title="bbox 1194 2911 2079 3010">
     <span class='ocr_line' id='line_1_125' title="bbox 1194 2911 2078 2959; baseline 0.007 -16"><span class='ocrx_word' id='word_1_855' title='bbox 1194 2911 1338 2946; x_wconf 84' lang='lat' dir='ltr'>trianum</span> <span class='ocrx_word' id='word_1_856' title='bbox 1358 2913 1392 2947; x_wconf 89' lang='lat'>&amp;</span> <span class='ocrx_word' id='word_1_857' title='bbox 1415 2911 1623 2955; x_wconf 81' lang='lat' dir='ltr'>castorium,</span> <span class='ocrx_word' id='word_1_858' title='bbox 1651 2914 1815 2959; x_wconf 88' lang='lat' dir='ltr'>legitimos</span> <span class='ocrx_word' id='word_1_859' title='bbox 1836 2914 1924 2950; x_wconf 89' lang='lat' dir='ltr'>filios</span> <span class='ocrx_word' id='word_1_860' title='bbox 1952 2915 2078 2950; x_wconf 89' lang='lat' dir='ltr'>Urbici</span> 
     </span>
     <span class='ocr_line' id='line_1_126' title="bbox 1197 2962 2079 3010; baseline 0.006 -15"><span class='ocrx_word' id='word_1_861' title='bbox 1197 2962 1402 2997; x_wconf 87' lang='lat' dir='ltr'>Defensoris.</span> <span class='ocrx_word' id='word_1_862' title='bbox 1427 2962 1472 2996; x_wconf 88' lang='lat' dir='ltr'>Et</span> <span class='ocrx_word' id='word_1_863' title='bbox 1492 2973 1562 2998; x_wconf 88' lang='lat' dir='ltr'>non</span> <span class='ocrx_word' id='word_1_864' title='bbox 1576 2963 1699 2999; x_wconf 88' lang='lat' dir='ltr'>habens</span> <span class='ocrx_word' id='word_1_865' title='bbox 1724 2965 1939 3007; x_wconf 84' lang='lat' dir='ltr'>Diaconum,</span> <span class='ocrx_word' id='word_1_866' title='bbox 1964 2976 2079 3010; x_wconf 85' lang='lat' dir='ltr'>aptum</span> 
     </span>
    </p>

    <p class='ocr_par' dir='ltr' id='par_1_41' title="bbox 1193 3012 2238 3347">
     <span class='ocr_line' id='line_1_127' title="bbox 1195 3012 2211 3059; baseline 0.006 -14"><span class='ocrx_word' id='word_1_867' title='bbox 1195 3012 1294 3057; x_wconf 83' lang='lat' dir='ltr'>legari</span> <span class='ocrx_word' id='word_1_868' title='bbox 1305 3012 1345 3047; x_wconf 90' lang='lat' dir='ltr'>ad</span> <span class='ocrx_word' id='word_1_869' title='bbox 1357 3012 1476 3053; x_wconf 79' lang='lat' dir='ltr'>Phocae</span> <span class='ocrx_word' id='word_1_870' title='bbox 1489 3025 1578 3047; x_wconf 91' lang='lat' dir='ltr'>novo</span> <span class='ocrx_word' id='word_1_871' title='bbox 1590 3015 1743 3059; x_wconf 88' lang='lat' dir='ltr'>Augusto</span> <span class='ocrx_word' id='word_1_872' title='bbox 1754 3015 1794 3052; x_wconf 88' lang='lat' dir='ltr'>de</span> <span class='ocrx_word' id='word_1_873' title='bbox 1804 3016 1922 3059; x_wconf 80' lang='lat' dir='ltr'>adepto</span> <span class='ocrx_word' id='word_1_874' title='bbox 1936 3015 2075 3059; x_wconf 86' lang='lat' dir='ltr'>imperio</span> <span class='ocrx_word' id='word_1_875' title='bbox 2096 3018 2126 3045; x_wconf 84' lang='lat' dir='ltr'>L·</span> <span class='ocrx_word' id='word_1_876' title='bbox 2141 3055 2146 3059; x_wconf 53' lang='grc'><strong>,</strong></span> <span class='ocrx_word' id='word_1_877' title='bbox 2165 3025 2177 3045; x_wconf 85' lang='lat'>1</span> <span class='ocrx_word' id='word_1_878' title='bbox 2187 3027 2211 3046; x_wconf 88' lang='lat'>1·</span> 
     </span>
     <span class='ocr_line' id='line_1_128' title="bbox 1193 3055 2238 3109; baseline 0.008 -14"><span class='ocrx_word' id='word_1_879' title='bbox 1193 3062 1448 3107; x_wconf 84' lang='lat' dir='ltr'>gratulandum,</span> <span class='ocrx_word' id='word_1_880' title='bbox 1473 3063 1507 3097; x_wconf 91' lang='lat' dir='ltr'>in</span> <span class='ocrx_word' id='word_1_881' title='bbox 1518 3064 1658 3109; x_wconf 86' lang='lat' dir='ltr'>gradum</span> <span class='ocrx_word' id='word_1_882' title='bbox 1681 3065 1775 3106; x_wconf 85' lang='lat' dir='ltr'>illum</span> <span class='ocrx_word' id='word_1_883' title='bbox 1787 3066 1954 3106; x_wconf 81' lang='lat' dir='ltr'>ordinavit</span> <span class='ocrx_word' id='word_1_884' title='bbox 1977 3065 2076 3099; x_wconf 84' lang='lat' dir='ltr'>Boni·</span> <span class='ocrx_word' id='word_1_885' title='bbox 2097 3055 2238 3094; x_wconf 53' lang='lat' dir='ltr'>EP¹st·45·&#39;</span> 
     </span>
     <span class='ocr_line' id='line_1_129' title="bbox 1196 3113 2075 3159; baseline 0.001 -13"><span class='ocrx_word' id='word_1_886' title='bbox 1196 3113 1314 3146; x_wconf 81' lang='lat' dir='ltr'>facium</span> <span class='ocrx_word' id='word_1_887' title='bbox 1324 3114 1467 3155; x_wconf 87' lang='lat' dir='ltr'>primum</span> <span class='ocrx_word' id='word_1_888' title='bbox 1476 3113 1715 3148; x_wconf 86' lang='lat' dir='ltr'>Defensorem.</span> <span class='ocrx_word' id='word_1_889' title='bbox 1742 3116 1788 3154; x_wconf 87' lang='lat' dir='ltr'>Et</span> <span class='ocrx_word' id='word_1_890' title='bbox 1801 3116 1926 3159; x_wconf 65' lang='lat' dir='ltr'>eunetis</span> <span class='ocrx_word' id='word_1_891' title='bbox 1953 3115 2075 3149; x_wconf 83' lang='lat' dir='ltr'>Defen-</span> 
     </span>
     <span class='ocr_line' id='line_1_130' title="bbox 1196 3161 2075 3211; baseline 0.005 -15"><span class='ocrx_word' id='word_1_892' title='bbox 1196 3162 1319 3196; x_wconf 85' lang='lat' dir='ltr'>soribus</span> <span class='ocrx_word' id='word_1_893' title='bbox 1330 3161 1541 3207; x_wconf 86' lang='lat' dir='ltr'>Regionariis</span> <span class='ocrx_word' id='word_1_894' title='bbox 1554 3174 1611 3207; x_wconf 88' lang='lat' dir='ltr'>pro</span> <span class='ocrx_word' id='word_1_895' title='bbox 1632 3176 1757 3210; x_wconf 87' lang='lat' dir='ltr'>magno</span> <span class='ocrx_word' id='word_1_896' title='bbox 1771 3166 1943 3211; x_wconf 87' lang='lat' dir='ltr'>privilegio</span> <span class='ocrx_word' id='word_1_897' title='bbox 1964 3165 2020 3199; x_wconf 90' lang='lat' dir='ltr'>dat</span> <span class='ocrx_word' id='word_1_898' title='bbox 2030 3165 2075 3200; x_wconf 84' lang='lat' dir='ltr'>fa·</span> 
     </span>
     <span class='ocr_line' id='line_1_131' title="bbox 1195 3210 2072 3260; baseline 0.006 -14"><span class='ocrx_word' id='word_1_899' title='bbox 1195 3212 1351 3246; x_wconf 88' lang='lat' dir='ltr'>cultatem</span> <span class='ocrx_word' id='word_1_900' title='bbox 1379 3210 1543 3253; x_wconf 85' lang='lat' dir='ltr'>sedendi,</span> <span class='ocrx_word' id='word_1_901' title='bbox 1581 3213 1714 3250; x_wconf 87' lang='lat' dir='ltr'>absente</span> <span class='ocrx_word' id='word_1_902' title='bbox 1737 3225 1846 3251; x_wconf 87' lang='lat' dir='ltr'>tamen</span> <span class='ocrx_word' id='word_1_903' title='bbox 1887 3214 2072 3260; x_wconf 83' lang='lat' dir='ltr'>Episcopo,</span> 
     </span>
     <span class='ocr_line' id='line_1_132' title="bbox 1195 3261 2074 3310; baseline 0.005 -15"><span class='ocrx_word' id='word_1_904' title='bbox 1195 3263 1277 3297; x_wconf 85' lang='lat' dir='ltr'>inter</span> <span class='ocrx_word' id='word_1_905' title='bbox 1298 3262 1444 3300; x_wconf 79' lang='lat' dir='ltr'>Clericos</span> <span class='ocrx_word' id='word_1_906' title='bbox 1463 3287 1476 3310; x_wconf 70' lang='lat'>‚</span> <span class='ocrx_word' id='word_1_907' title='bbox 1501 3261 1641 3308; x_wconf 68' lang='lat' dir='ltr'>ideoque</span> <span class='ocrx_word' id='word_1_908' title='bbox 1659 3265 1785 3308; x_wconf 78' lang='lat' dir='ltr'>clarum</span> <span class='ocrx_word' id='word_1_909' title='bbox 1804 3265 1931 3308; x_wconf 76' lang='lat' dir='ltr'>videtur</span> <span class='ocrx_word' id='word_1_910' title='bbox 1953 3265 2074 3310; x_wconf 66' lang='lat' dir='ltr'>Laicos</span> 
     </span>
     <span class='ocr_line' id='line_1_133' title="bbox 1195 3312 1591 3347; baseline 0 -1"><span class='ocrx_word' id='word_1_911' title='bbox 1195 3313 1306 3347; x_wconf 82' lang='lat' dir='ltr'>fuiffe.</span> <span class='ocrx_word' id='word_1_912' title='bbox 1588 3312 1591 3315; x_wconf 71' lang='grc'><strong>”</strong></span> 
     </span>
    </p>

    <p class='ocr_par' dir='ltr' id='par_1_42' title="bbox 1194 3363 2130 3548">
     <span class='ocr_line' id='line_1_134' title="bbox 1244 3363 2074 3407; baseline 0.007 -11"><span class='ocrx_word' id='word_1_913' title='bbox 1244 3363 1312 3397; x_wconf 86' lang='lat' dir='ltr'>Pro</span> <span class='ocrx_word' id='word_1_914' title='bbox 1331 3372 1421 3407; x_wconf 88' lang='lat' dir='ltr'>parte</span> <span class='ocrx_word' id='word_1_915' title='bbox 1441 3371 1549 3399; x_wconf 86' lang='lat' dir='ltr'>autem</span> <span class='ocrx_word' id='word_1_916' title='bbox 1568 3365 1760 3401; x_wconf 87' lang='lat' dir='ltr'>affirmativa</span> <span class='ocrx_word' id='word_1_917' title='bbox 1780 3365 1861 3401; x_wconf 79' lang='lat' dir='ltr'>facit</span> <span class='ocrx_word' id='word_1_918' title='bbox 1888 3364 1944 3404; x_wconf 85' lang='lat' dir='ltr'>hic</span> <span class='ocrx_word' id='word_1_919' title='bbox 1965 3365 2074 3404; x_wconf 81' lang='lat' dir='ltr'>noster</span> 
     </span>
     <span class='ocr_line' id='line_1_135' title="bbox 1196 3413 2075 3452; baseline 0.003 -4"><span class='ocrx_word' id='word_1_920' title='bbox 1196 3414 1315 3448; x_wconf 89' lang='lat' dir='ltr'>Canon</span> <span class='ocrx_word' id='word_1_921' title='bbox 1327 3413 1498 3449; x_wconf 85' lang='lat' dir='ltr'>libertinos</span> <span class='ocrx_word' id='word_1_922' title='bbox 1509 3415 1656 3450; x_wconf 88' lang='lat' dir='ltr'>Clericos</span> <span class='ocrx_word' id='word_1_923' title='bbox 1677 3416 1710 3450; x_wconf 69' lang='grc' dir='ltr'>ὅ(</span> <span class='ocrx_word' id='word_1_924' title='bbox 1722 3414 1904 3450; x_wconf 85' lang='lat' dir='ltr'>monachos</span> <span class='ocrx_word' id='word_1_925' title='bbox 1916 3417 2075 3452; x_wconf 87' lang='lat' dir='ltr'>mandans</span> 
     </span>
     <span class='ocr_line' id='line_1_136' title="bbox 1194 3463 2130 3548; baseline 0.004 -51"><span class='ocrx_word' id='word_1_926' title='bbox 1194 3463 1403 3500; x_wconf 71' lang='lat' dir='ltr'>aDei&#39;ensore</span> <span class='ocrx_word' id='word_1_927' title='bbox 1425 3475 1494 3501; x_wconf 88' lang='lat' dir='ltr'>non</span> <span class='ocrx_word' id='word_1_928' title='bbox 1510 3464 1636 3500; x_wconf 76' lang='lat' dir='ltr'>tantum</span> <span class='ocrx_word' id='word_1_929' title='bbox 1658 3466 1777 3510; x_wconf 81' lang='lat' dir='ltr'>expelli</span> <span class='ocrx_word' id='word_1_930' title='bbox 1798 3465 1840 3503; x_wconf 88' lang='lat' dir='ltr'>de</span> <span class='ocrx_word' id='word_1_931' title='bbox 1856 3466 1935 3504; x_wconf 90' lang='lat' dir='ltr'>urbe</span> <span class='ocrx_word' id='word_1_932' title='bbox 1945 3467 2051 3548; x_wconf 56' lang='lat' dir='ltr'>Regiia</span> <span class='ocrx_word' id='word_1_933' title='bbox 2065 3489 2076 3509; x_wconf 83' lang='lat'><em>,</em></span> <span class='ocrx_word' id='word_1_934' title='bbox 2128 3507 2130 3509; x_wconf 0' lang='lat' dir='ltr'><em>a</em></span> 
     </span>
    </p>

    <p class='ocr_par' dir='ltr' id='par_1_43' title="bbox 1972 3515 2001 3550">
     <span class='ocr_line' id='line_1_137' title="bbox 1972 3515 2001 3550; baseline 0 0"><span class='ocrx_word' id='word_1_935' title='bbox 1972 3515 2001 3550; x_wconf 84' lang='lat' dir='ltr'>se</span> 
     </span>
    </p>
   </div>
   <div class='ocr_carea' id='block_1_15' title="bbox 2100 839 2201 875">
    <p class='ocr_par' dir='ltr' id='par_1_44' title="bbox 2100 839 2201 875">
     <span class='ocr_line' id='line_1_138' title="bbox 2100 839 2201 875; baseline -0.03 0"><span class='ocrx_word' id='word_1_936' title='bbox 2100 839 2161 875; x_wconf 66' lang='lat' dir='ltr'>Ast·</span> <span class='ocrx_word' id='word_1_937' title='bbox 2172 843 2201 872; x_wconf 79' lang='lat'>8.</span> 
     </span>
    </p>
   </div>
   <div class='ocr_carea' id='block_1_16' title="bbox 2095 3247 2251 3287">
    <p class='ocr_par' dir='ltr' id='par_1_45' title="bbox 2095 3247 2251 3287">
     <span class='ocr_line' id='line_1_139' title="bbox 2095 3247 2251 3287; baseline 0.006 -9"><span class='ocrx_word' id='word_1_938' title='bbox 2095 3248 2154 3282; x_wconf 78' lang='lat' dir='ltr'><strong><em>L.7.</em></strong></span> <span class='ocrx_word' id='word_1_939' title='bbox 2164 3247 2251 3287; x_wconf 78' lang='lat' dir='ltr'>Epist.</span> 
     </span>
    </p>
   </div>
   <div class='ocr_carea' id='block_1_17' title="bbox 2098 3298 2140 3321">
    <p class='ocr_par' dir='ltr' id='par_1_46' title="bbox 2098 3298 2140 3321">
     <span class='ocr_line' id='line_1_140' title="bbox 2098 3298 2140 3321; baseline 0 -4"><span class='ocrx_word' id='word_1_940' title='bbox 2098 3298 2140 3321; x_wconf 78' lang='lat'>17·</span> 
     </span>
    </p>
   </div>
  </div>
 </body>
</html>
