2340 3736
123 812 153 842 L
177 822 205 848 9.
227 812 267 849 Ep

119 864 171 890 μμ.

119 1274 151 1306 1..
166 1284 188 1303 1.
210 1282 270 1308 04.

371 176 426 205 10

880 155 1511 202 DrssERTArr‘o

293 239 518 274 induciarum.
547 237 672 273 Eadem
685 235 726 270 de
738 237 830 270 eausa
843 235 1002 279 judicavit
1024 246 1093 270 non
1113 245 1181 269 vo⁷¹
1216 272 1218 275 y
1238 235 1269 268 se
1290 235 1420 278 regulam
1451 236 1489 269 ἐν
1499 238 1626 281 gloriam
1650 245 1802 273 veritatis.

248 313 251 315 «
291 289 435 323 candum
448 290 488 323 ad
500 288 726 325 discuffionem
747 286 933 332 dogmatis,
956 284 1073 329 utpote
1104 283 1167 327 jam

298 340 349 373 Ex
363 339 560 382 Episcopum
577 364 588 379 ‚
613 338 647 371 in
669 348 765 380 quem
780 337 990 381 depositionis
1009 336 1167 370 sententia

294 400 363 423 non
384 389 516 425 ferenda
537 397 630 428 erat,
653 387 709 423 sed
732 388 901 423 dumtaxat
926 385 1168 420 confirmanda,

292 440 413 475 Pateor
422 449 531 473 tamen
544 437 593 473 illi
603 437 777 481 appellanti
789 437 902 471 datum
913 435 1008 470 fuisse
1018 435 1165 470 effectum

293 489 507 533 suspensivum
521 512 532 527 ,
559 487 760 531 nequaquam
788 498 843 530 per
853 486 1012 521 Canones
1024 509 1034 526 ‚
1060 486 1112 519 sed
1124 483 1168 518 ob

294 539 459 575 violentos
468 538 597 574 affectus
608 538 839 580 circumscripti
851 534 1037 571 Theodofii
1053 534 1168 579 Augu-

293 589 350 623 sti,
377 587 646 630 Sacrasjussiones
658 586 851 622 Canonibus
875 586 1021 621 adversas
1042 585 1168 629 semper

294 639 411 682 sprevit
436 649 534 682 atque
545 638 727 673 exsufflavit
747 637 886 672 Ecclesia
900 661 910 676 ,
936 646 1080 671 attamen
1090 646 1167 669 cum

292 688 518 723 moderamine
527 714 538 730 ,
560 700 604 722 ex
617 700 684 732 quo
695 688 828 722 Sanctus
839 686 1017 732 Gregorius
1031 696 1168 732 magnus

289 736 400 775 ,scribit
422 738 465 773 ad
491 738 685 773 Anatolium
707 738 897 778 Diaconum
922 735 1068 771 Ecelefiae
1082 736 1166 769 Con-

291 788 605 832 stantinopolitanae..
632 788 864 832 ,Quodpiiffimus
875 785 1148 830 ,Imperatorfecerit
1157 808 1168 824 ‚

271 835 274 838 ’
280 838 316 886 fi
319 845 482 872 canonicum
491 838 529 878 est
539 861 550 877 ,
570 836 715 881 sequimur
724 850 737 879 ;
755 836 784 879 fi
789 849 811 870 v
821 839 866 871 ero
875 843 1040 870 canonicum
1051 846 1107 868 non
1119 834 1170 875 est,

290 897 323 924 in
334 897 473 932 quantum
473 886 536 930 fine
543 896 657 930 peccato
670 889 759 929 nostro
769 896 900 922 valemus
915 911 925 927 ‚
944 894 1095 929 portamus
1110 910 1118 916 .

336 939 494 974 Tandem
519 937 597 983 ergo
618 939 685 973 fine
695 938 856 973 Nestorio
878 937 919 971 ad
930 936 1093 981 dogmatis
1110 933 1168 968 dis-

286 990 493 1034 quifitionem
505 988 651 1032 proceffit
663 988 815 1031 synodus
834 1013 843 1027 ,
863 987 896 1020 δε
911 987 979 1030 post
993 986 1167 1020 Nicaenum

289 1038 481 1083 Symbolum
502 1063 513 1079 ‚
538 1038 723 1082 generalem
735 1037 810 1071 fidei
824 1036 987 1080 Regulam
998 1061 1008 1077 ‚
1034 1034 1167 1069 Celesti·

289 1091 326 1123 ni
348 1088 519 1125 Pontificis
546 1100 685 1122 necnon
706 1088 810 1121 San-{ti
827 1086 944 1129 Cyrilli
958 1087 999 1120 de
1022 1085 1165 1129 praesenti

287 1139 464 1183 quaestione
481 1137 605 1173 litteras
629 1137 724 1173 lectas
737 1137 886 1172 unanimi
912 1136 1065 1180 suffragio
1078 1146 1166 1170 com-

288 1188 458 1232 probavit,
484 1196 652 1231 tamquam
664 1186 795 1223 laudato
811 1185 971 1229 symbolo
986 1197 1041 1229 per
1049 1185 1165 1221 omnia

287 1238 492 1274 conformes:
520 1237 632 1271 Etiam
649 1236 829 1282 Epistolarn
842 1236 1019 1271 duodecim
1031 1236 1165 1280 Capitu-

286 1288 412 1324 lorum,
439 1285 642 1323 celestinum
653 1287 744 1320 fuiffe
755 1287 862 1321 virum
881 1285 1036 1322 illustrem
1050 1310 1060 1326 ‚
1085 1284 1163 1329 ejus-

285 1349 350 1381 que
360 1336 538 1380 Epistolam
549 1335 678 1380 penitus
688 1332 851 1372 Divinam
863 1336 997 1372 testatur
1005 1336 1164 1380 Evagrius

288 1385 553 1431 Epiphanionfis.
579 1387 683 1424 Leetae
705 1387 778 1422 sunt
788 1387 888 1422 etiarn
909 1385 1054 1420 Nestorii
1075 1386 1163 1420 litte-

286 1448 327 1474 rae
350 1437 385 1472 &
410 1437 564 1480 Capitula
586 1462 596 1479 ,
623 1436 910 1480 exclamaruntque
930 1447 1046 1473 omnes
1072 1434 1161 1469 fimul

287 1488 443 1530 Episcopi
451 1512 459 1521 ,
486 1489 665 1530 ‚Quicumque
678 1491 714 1519 N
715 1486 843 1526 estorium
853 1498 910 1519 non
921 1485 1163 1523 anathematizat,

286 1536 445 1570 anathema
449 1535 504 1578 fit,
529 1541 637 1570 Omnes
657 1536 958 1579 NestoruEptstolam
981 1537 1163 1578 &dogmata

284 1586 568 1620 anathematizamus
578 1600 589 1619 :
614 1590 720 1620 Omnes
731 1585 897 1621 haereticum
909 1590 944 1617 N
946 1585 1078 1625 estorium
1089 1596 1162 1617 ana-

286 1636 529 1672 thematizamus.
554 1640 663 1670 Omnes
673 1648 717 1669 eos
733 1659 743 1674 ,
765 1642 816 1678 qui
827 1647 890 1670 cum
900 1639 937 1669 N
938 1635 1033 1679 estort'o
1042 1646 1162 1669 commu-

286 1694 385 1720 nicant
398 1710 408 1728 ‚
432 1685 715 1719 anathematizamus
726 1710 734 1720 ,

336 1736 476 1771 Accesfit
500 1734 698 1770 Theodotus
719 1759 729 1775 ,
756 1734 896 1779 Ancyrae
920 1735 1102 1778 Episcopus
1125 1734 1159 1767 &

286 1789 394 1830 primae
405 1786 540 1820 Galatiae
550 1785 764 1828 Metropolita
794 1811 804 1826 ,
821 1787 940 1821 testans
960 1784 1015 1819 fibi
1038 1786 1071 1818 in
1095 1785 1158 1828 ipsa

288 1835 446 1880 Ephefina
462 1837 595 1873 civitate
607 1836 712 1881 palam
733 1847 845 1871 coram
868 1834 979 1869 multis
991 1835 1161 1879 Episcopis

287 1888 411 1922 dicium
422 1885 441 1921 Ξῑ
451 1886 652 1929 disceptante
665 1885 821 1921 Nestorio
833 1898 840 1917 :
867 1888 931 1929 Ego
942 1885 1102 1922 bimestrem
1109 1892 1160 1917 aut

286 1936 456 1976 trimestrem
466 1938 559 1969 Deum
569 1947 625 1968 non
636 1936 826 1978 appellavero,
847 1935 988 1969 Aeacius
998 1934 1161 1969 Melitinae

286 1986 468 2029 ,Episcopus
493 1985 527 2019 ἅτ
538 1986 683 2020 secundae
694 1984 858 2019 Armeniae
869 1984 1085 2027 Metropolita
1106 1984 1159 2018 de-

287 2036 393 2079 posuit
406 2036 436 2069 se
449 2036 563 2078 partim
576 2035 593 2068 a
604 2035 759 2069 Nestorio
771 2059 782 2075 ,
810 2036 926 2078 partim
946 2033 986 2068 ab
1006 2033 1073 2076 ejus
1085 2035 1159 2076 Epi-

287 2087 391 2129 scopis
401 2085 523 2120 audisse
535 2087 607 2119 tria.
636 2083 748 2119 Primo
761 2108 772 2125 ‚
797 2088 890 2117 Deum
900 2083 1023 2118 Verbum
1043 2095 1100 2116 non
1110 2083 1160 2127 effe

285 2143 489 2173 incarnatum,
511 2143 562 2167 aut
582 2136 656 2167 certe
683 2137 804 2168 Patrem
825 2135 1007 2175 &Spiritum
1025 2133 1160 2178 santium

286 2193 450 2219 incarnatos
461 2186 520 2217 und
529 2196 593 2216 cum
603 2182 681 2227 ipso.-
707 2184 820 2219 Unam
837 2194 975 2228 namque
1000 2184 1067 2216 fine
1088 2183 1160 2217 aliis

286 2236 454 2279 personam
467 2235 626 2267 incarnari
642 2245 708 2266 non
724 2235 811 2276 posse
825 2257 834 2271 ‚
859 2232 921 2266 fuit
943 2244 1047 2266 unum
1067 2232 1085 2265 ὲ
1096 2232 1160 2274 pal-

287 2283 428 2319 maribus
439 2283 583 2318 Nestorii
602 2282 839 2316 fundamentIs.
867 2282 1018 2315 Secundo
1028 2306 1038 2321 ‚
1065 2282 1160 2314 Alium

288 2335 338 2378 effe
349 2334 480 2371 Filium,
504 2339 553 2375 qui
566 2341 685 2365 mortem
690 2331 801 2375 subju,
826 2331 916 2363 alium
942 2333 998 2364 Det*
1019 2330 1160 2364 Verbum.

289 2382 408 2418 Tertio
421 2407 430 2422 ‚
447 2385 478 2425 J
479 2378 576 2416 udices
589 2393 644 2414 non
656 2388 687 2416 in
698 2384 790 2416 Deum
800 2404 811 2422 ‚
829 2379 885 2427 sed
894 2389 927 2414 tn
951 2379 1095 2414 hominem
1107 2386 1161 2415 im-

287 2443 351 2478 pios
364 2432 508 2476 exstiti-ffb.

339 2483 431 2517 Hinc
449 2482 662 2518 interlocutus
682 2482 727 2516 est
748 2481 921 2515 Flavianus
945 2480 1161 2524 Metropolita

292 2531 507 2576 Philippensis
518 2557 529 2573 ,
554 2532 766 2575 Vicariusque
778 2532 857 2565 Rufi
878 2529 997 2565 Archi·
1009 2531 1160 2574 Episcopi

290 2581 587 2616 Thessalonicensis
598 2607 605 2615 .
629 2580 809 2626 consequen:
819 2581 856 2621 est
870 2606 880 2621 ,
899 2589 932 2615 ut
949 2580 1093 2615 beatorum
1104 2583 1161 2613 Pa·

291 2640 367 2666 trum
377 2633 533 2673 nostrorum
534 2631 690 2677 sententie
698 2633 739 2665 ad
744 2629 876 2675 praesens
887 2630 1163 2672 institutumfacien-

293 2692 335 2714 tes
347 2690 378 2714 in
387 2683 514 2716 medium
534 2681 724 2725 proferantur
734 2706 745 2722 ‚
766 2682 944 2724 prolataeque
967 2682 1001 2715 Θ
1022 2680 1104 2715 lebiae
1130 2685 1162 2714 in

294 2731 545 2773 adareferantur.
573 2731 690 2777 Neque
700 2732 789 2766 enim
803 2730 1013 2774 synodorum
1033 2731 1078 2765 est
1106 2742 1163 2764 no-

295 2793 352 2817 vas
361 2782 553 2825 dogmatum
564 2781 776 2816 revelationes
795 2781 813 2816 a
830 2780 906 2815 Deo
918 2781 1063 2825 accipere
1074 2805 1082 2819 ,
1108 2779 1162 2815 sed

296 2828 467 2873 Prophetis
492 2844 528 2864 ac
540 2831 709 2875 Apostolis
718 2831 799 2866 olim
818 2830 914 2874 {astas
936 2842 991 2874 per
1012 2830 1163 2864 adsisten-

296 2891 363 2914 tem
375 2881 525 2916 sanctum
537 2881 605 2926 Jesu
618 2879 740 2916 Christi
761 2881 917 2924 Spiritum
939 2879 1138 2921 interpretari
1151 2904 1161 2921 ,

296 2930 393 2972 idque
404 2942 443 2963 ex
456 2929 538 2969 illis,
563 2932 602 2964 ad
614 2932 740 2975 quosin
762 2927 948 2965 Timotheo
968 2930 1052 2964 dixit
1074 2929 1163 2972 Apo-

297 2979 414 3015 stolus:
436 2978 594 3022 Depofitum
603 2981 723 3021 custodi.
748 2981 872 3024 Utique
894 2979 1056 3014 Divinum
1071 2978 1161 3013 Chri-

297 3029 395 3064 stiani
404 3028 565 3073 dogmatis
581 3031 760 3073 depositum
772 3055 782 3072 ‚
808 3028 976 3074 Apostolis
986 3026 1143 3063 &Christo
1152 3053 1162 3068 ,

299 3076 432 3112 Christo
446 3078 599 3114 traditum
619 3080 636 3113 a
657 3081 732 3115 Deo
747 3105 756 3120 ,
780 3080 869 3122 quod
882 3079 990 3113 eidem
1010 3079 1161 3123 Apostoli

299 3128 460 3164 tradidere
470 3129 625 3172 proximis
639 3129 691 3163 fibi
706 3129 873 3173 Episcopis
882 3129 981 3163 etiam
992 3127 1032 3164 ad
1044 3141 1104 3164 nos
1129 3129 1163 3162 &

301 3178 426 3212 nostros
437 3179 475 3212 ad
489 3178 586 3222 usque
599 3178 697 3212 saeculi
710 3180 807 3213 finem
819 3179 1007 3213 successores
1025 3178 1082 3213 sub
1091 3179 1164 3212 fidis

301 3227 410 3270 sigillis
435 3227 669 3263 traducendum
692 3252 697 3259 .
724 3227 814 3261 Hinc
834 3229 1055 3271 dogmaticam
1076 3230 1164 3263 suam

303 3276 480 3319 Epistolam
503 3275 650 3311 adversus
661 3275 943 3319 Eutychianorum
965 3279 1165 3313 criminatio-

303 3336 359 3359 nes
370 3325 543 3361 defendens
552 3328 683 3361 Sanetus
692 3327 762 3360 Leo
774 3337 910 3370 magnus
920 3327 1060 3362 sufficere
1070 3328 1165 3363 duxit

131 3388 286 3426 osandog-
302 3373 365 3408 hoc
377 3374 529 3408 verbum:
557 3381 579 3407 Α
601 3377 766 3409 sannorum
788 3378 911 3408 Patrum
928 3376 1086 3417 conftffione
1109 3390 1164 3411 non

133 3439 201 3460 mat.
211 3440 267 3466 c-3-

301 3426 404 3464 receffi.
434 3425 474 3458 Et
487 3425 525 3457 ad
537 3425 666 3460 Graecos
678 3428 750 3461 suos
770 3426 805 3459 in
828 3425 1017 3460 Florentino
1030 3429 1165 3470 Synodo

303 3473 458 3508 veriffime
480 3475 562 3507 dixit
596 3474 755 3508 Beffarion
778 3475 991 3518 Metropolita
1015 3475 1167 3511 Nicaenus

304 3523 465 3558 conciliis
476 3523 821 3567 generalibusfsanuos
838 3525 948 3559 Patres
957 3526 1076 3571 semper
1097 3527 1165 3562 suis

1282 284 1383 319 Lesta
1405 283 1517 329 itaque
1540 288 1613 322 sunt
1624 292 1711 324 varia
1730 291 1894 326 variorum
1913 293 2049 331 Parrum
2069 295 2113 332 de

1236 336 1443 370 controverso
1455 335 1610 380 dogmate
1621 339 1807 380 testimonia
1818 366 1827 373 .
1852 342 2050 380 Lectaeitem
2073 346 2112 382 &

1236 383 1300 418 illis
1311 385 1435 420 collatae
1445 385 1565 420 scheda:
1574 398 1615 421 ex
1624 386 1771 432 Nestorii
1779 390 1870 427 libris
1881 393 2113 438 defloratae,ex-

1235 435 1450 479 clamavitque
1457 436 1499 470 ad
1511 435 1660 470 lectionis
1672 439 1813 475 medium
1826 442 2112 481 laudatusFlavia-

1236 497 1313 519 nus.
1349 487 1502 520 Horrenda
1525 488 1560 520 o·
1579 485 1748 530 blasphema
1768 488 1839 531 sunt
1857 494 1985 534 Nestor-11
2004 495 2109 536 dida,

1233 546 1322 577 neque
1339 548 1426 570 aures
1447 536 1548 578 mfirae
1567 535 1644 581 hisce
1663 539 1793 579 asnplzics
1820 546 1972 585 inquinat)
1982 545 2109 588 ferunt.

1232 585 1342 632 Qare
1363 587 1499 621 tandem
1519 586 1583 620 lata
1603 587 1648 621 est
1671 588 1706 621 in
1727 588 1820 622 illum
1846 586 1913 624 haec
1931 593 2108 631 sententia.

1230 637 1308 668 Cum
1313 644 1427 678 praeter
1434 645 1539 671 cetera
1546 638 1724 678 impliffimus
1734 638 1884 679 Nestorius
1895 651 1985 683 nequo
2006 645 2110 684 ,ιο-αω-

1228 692 1363 718 citationi
1382 695 1487 728 parere
1506 710 1516 726 ,
1541 698 1632 729 neque
1647 686 1834 731 sanqu'ffoms
1853 690 2110 737 religiqfiffrmol‘qroe

1230 734 1387 779 Episcopos
1409 738 1432 767 ἃ
1450 736 1532 768 nobis
1552 736 1707 777 destinatos
1717 741 1873 774 admittere
1885 742 2028 781 voluerit,
2051 754 2110 777 non

1228 794 1374 828 potuemus
1392 787 1438 819 ad
1445 797 1558 825 eorum,
1579 798 1649 829 quae
1673 790 1765 831 impie
1783 791 1896 829 docuit,
1919 799 2111 825 examinatio-

1232 847 1297 870 nem
1307 843 1437 868 animum
1457 847 1515 868 non
1529 838 1687 880 adiungere
1699 864 1707 871 .
1732 839 1988 882 Deprehendentes
2010 845 2111 885 iniquo

1229 893 1344 928 partim
1365 898 1403 920 ex
1411 887 1521 920 litteris
1539 888 1804 933 commentatisque
1822 889 1977 933 tpfiiushic
1994 893 2110 934 publice

1229 936 1310 969 ledis
1321 949 1334 977 ;
1358 943 1471 979 partim
1492 938 1510 969 ἐ
1523 935 1726 980 sermonibus,
1748 950 1820 982 quos
1827 944 1992 982 nuperrime
2011 950 2045 976 in
2055 942 2110 975 bac

1231 985 1416 1028 Ephesiorum
1426 987 1575 1029 Metropoli
1585 987 1685 1020 babuit
1696 1013 1706 1028 ‚
1729 996 1835 1032 quique
1855 991 2024 1031 testimoniis
2036 1004 2110 1025 com-

1228 1035 1403 1080 pertisum,
1428 1038 1511 1070 illum
1521 1039 1609 1079 imple*
1614 1036 1724 1081 sentire
1750 1040 1981 1081 &praedlcaset
2005 1043 2110 1076 eoam

1226 1095 1281 1129 per
1286 1085 1384 1131 sacros
1395 1091 1531 1121 Canones
1555 1089 1590 1121 ⁴&
1598 1091 1628 1120 E
1626 1088 1760 1130 pistolam
1766 1087 1931 1132 sanHrffimt
1946 1092 2049 1125 Patris
2062 1103 2111 1124 no·

1224 1137 1279 1177 stri
1301 1138 1710 1179 &Comminzstricdestmt‚
1736 1143 1877 1173 Romanae
1887 1139 2021 1183 Ecclefiae
2033 1145 2111 1184 Ept-

1223 1185 1324 1230 fiopi,
1348 1188 1478 1226 lacrymis
1497 1186 1622 1231 subinde*
1645 1188 1759 1231 perficfi
1772 1215 1783 1230 ,
1808 1192 1852 1222 ad
1869 1189 1946 1223 hanc
1962 1191 2112 1235 lugubrem

1228 1246 1326 1269 contra
1351 1250 1418 1271 eum
1435 1236 1611 1281 sententiam
1643 1239 1792 1283 neceffario
1814 1246 1951 1274 venimus
1971 1265 1980 1273 .
2016 1245 2112 1284 Igitur

1230 1289 1369 1320 Dominus
1379 1288 1469 1330 noster
1473 1289 1503 1332 J
1505 1287 1566 1331 esus
1576 1289 1706 1330 Christus
1719 1315 1729 1330 ‚
1754 1289 1908 1334 queensue's
1917 1291 1967 1324 ule
1974 1290 2109 1335 blaspbe-

1229 1344 1285 1370 mls
1303 1337 1421 1371 voctbus
1441 1345 1611 1380 impetivit,
1633 1348 1689 1381 per
1704 1338 1911 1383 sancqtffimam
1931 1340 2007 1374 hanc
2026 1343 2110 1379 sym-

1230 1389 1300 1419 dum
1320 1389 1443 1421 eundem
1461 1389 1628 1429 Nestorium
1648 1388 1816 1433 Epist-opali
1836 1392 1984 1434 dignitate
2000 1398 2117 1434 privo·-

1227 1447 1289 1470 tum
1312 1462 1322 1478 ‚
1344 1438 1380 1471 ¹&
1405 1437 1443 1471 ab
1465 1437 1597 1483 univeer
1613 1441 1800 1474 sacerdotum
1818 1439 1954 1485 consortio
1978 1442 2013 1475 ἐν
2027 1450 2106 1475 cam

1227 1487 1353 1522 alienum
1363 1487 1413 1531 effi·
1438 1488 1559 1530 definit.
1588 1488 1792 1525 Celestinum
1809 1488 1932 1535 Papam
1951 1491 2109 1535 Synodus

1229 1549 1323 1572 vocat
1343 1538 1438 1572 suum
1461 1538 1592 1573 Patrem
1607 1564 1618 1579 ‚
1646 1551 1700 1583 per
1722 1539 1813 1583 cujus
1833 1539 2045 1583 litterasjuffa
2071 1541 2106 1576 <Sc

1231 1589 1339 1622 coacta
1350 1587 1503 1622 sueritita
1514 1587 1677 1632 judicare:
1704 1601 1802 1635 atque
1827 1590 1893 1632 ita,
1915 1590 1962 1624 illi
1972 1591 2107 1635 profite-

1228 1646 1279 1670 tur
1290 1638 1321 1670 se
1334 1637 1454 1672 subefle
1463 1663 1471 1670 .

1275 1687 1451 1721 Gestorum
1464 1687 1551 1722 diem
1564 1712 1574 1726 ‚
1600 1687 1750 1724 ordinem
1762 1714 1773 1730 ,
1798 1689 1899 1724 finem
1910 1687 2020 1724 scribit
2029 1690 2112 1724 San·

1225 1738 1292 1770 stus
1304 1736 1449 1780 Cyrillus
1470 1738 1510 1770 ad
1524 1738 1655 1771 Clerum
1684 1740 1716 1772 ἃ
1740 1739 1898 1782 populum
1921 1740 2015 1772 suum
2027 1737 2108 1773 Ale·-
2123 1759 2149 1786 p,
2165 1761 2235 1796 381.

1226 1786 1443 1820 xandrinum:
1468 1787 1714 1830 Scitotesantqam
1723 1790 1863 1826 synodum
1884 1795 1917 1820 in
1938 1799 2048 1831 magna
2065 1793 2106 1822 ci-

1224 1842 1333 1869 vitam
1345 1840 1374 1868 E
1374 1835 1457 1878 phefi
1461 1835 1583 1878 Ecclefia
1597 1863 1608 1878 ,
1634 1849 1699 1879 quae
1711 1838 1877 1880 appellatur
1888 1837 2103 1872 DEIPARA

1223 1884 1383 1920 MARIA
1397 1912 1408 1926 ‚
1434 1885 1569 1929 vigcfima
1589 1886 1693 1920 oc‘htva
1711 1887 1812 1929 mensis
1836 1889 1934 1921 Paunl
1947 1887 2034 1931 suiffit
2048 1887 2105 1929 fa-

1223 1935 1318 1968 ἄση).
1344 1937 1421 1969 cum
1429 1946 1528 1970 autem
1549 1947 1625 1971 totus
1637 1939 1700 1971 dies
1712 1936 1873 1981 insumptus
1894 1938 2003 1972 ibidem
2013 1938 2078 1981 effer
2091 1962 2103 1977 ,

1226 1987 1348 2019 tandem
1368 1987 1542 2019 damnatum
1560 1986 1758 2031 blasphemum
1774 1988 1960 2029 Nestorium,
1987 1999 2038 2021 nec
2060 1988 2104 2020 ad

1218 2034 1354 2081 sanHam
1362 2038 1500 2073 synodum
1509 2038 1664 2070 audentem
1674 2039 1807 2072 accedere
1817 2062 1828 2078 ‚
1849 2036 2028 2080 depofitionls
2035 2035 2102 2080 sero-

1226 2092 1331 2121 tentiae
1338 2084 1508 2130 subiecimus
1519 2112 1529 2126 ,
1554 2088 1588 2120 (⁸5
1609 2086 1646 2119 ab
1667 2086 1860 2130 Episcopatus
1876 2088 1975 2129 gradu
1990 2092 2102 2119 amovi-

1225 2147 1288 2167 mus
1308 2161 1315 2168 .
1350 2134 1488 2178 Episcopi
1508 2146 1607 2169 autem
1627 2160 1638 2176 ‚
1662 2142 1712 2178 qul
1737 2142 1925 2170 convenimus
1947 2160 1959 2176 ‚
1984 2137 2102 2168 ducem

1224 2191 1336 2218 circiter
1347 2197 1459 2217 eramus
1473 2210 1483 2225 ‚
1504 2185 1574 2227 plus
1584 2211 1594 2226 ‚
1622 2186 1735 2217 minus.
1762 2183 1918 2227 Universus
1929 2187 2000 2217 vero
2029 2189 2103 2217 civi·

1227 2240 1301 2267 tatis
1307 2235 1429 2276 populus
1438 2236 1459 2267 ἃ
1467 2241 1564 2276 primo
1574 2236 1634 2267 diet
1642 2245 1705 2268 ortu
1714 2233 1799 2277 usque
1809 2235 1852 2265 ad
1861 2232 2013 2278 vesperam
2030 2231 2102 2278 san-

1226 2284 1281 2317 2?ae
1302 2285 1406 2321 synodi
1406 2285 1552 2324 judicium
1573 2283 1812 2325 praestolabatur.
1840 2287 1878 2317 Ut
1898 2292 1997 2317 autem
2016 2284 2112 2316 aedi·-

1230 2342 1293 2366 tum
1304 2332 1340 2373 est
1353 2357 1363 2373 ,
1386 2333 1469 2366 illum
1479 2332 1723 2376 blasphemiarum
1733 2333 1876 2366 aut‘loeem
1889 2332 1946 2377 sua
1955 2334 2103 2376 dignitate

1222 2388 1379 2424 privatum
1389 2383 1439 2426 effe
1449 2407 1460 2422 ,
1485 2395 1581 2416 omnes
1592 2394 1652 2415 una
1664 2394 1731 2416 voce
1738 2381 1873 2427 sanblam
1881 2384 2020 2422 synodum
2040 2382 2101 2416 Iau-

1227 2433 1317 2473 dme,
1344 2435 1490 2473 Deumque
1505 2431 1664 2475 glorificare
1681 2442 1827 2475 coeperunt
1839 2458 1850 2474 ,
1875 2440 2011 2476 quoniam
2028 2432 2102 2475 fidei

1227 2481 1310 2520 bostis
1330 2482 1467 2526 cecidrffi’t
1489 2506 1496 2513 .
1521 2487 1627 2524 Neque
1647 2482 1693 2515 bis
1713 2490 1838 2516 content}
1861 2508 1872 2525 ‚
1899 2495 1950 2516 noc
1971 2494 2102 2526 quoque,

1228 2531 1275 2565 ubi
1282 2532 1412 2573 primum
1422 2543 1459 2565 ex
1469 2530 1594 2575 Ecclefia
1603 2532 1812 2575 egraffifuimus
1825 2557 1835 2573 ,
1859 2544 1923 2566 cum
1925 2532 2045 2575 facibus
2067 2534 2102 2567 dv

1230 2582 1318 2614 taedis
1329 2580 1414 2625 usque
1425 2582 1468 2614 ad
1477 2580 1672 2625 diversorium
1691 2584 1888 2616 deduxerunt.
1914 2587 1995 2616 Erat
2021 2589 2107 2616 enim-

1228 2629 1350 2674 vespera
1361 2656 1368 2664 .
1394 2631 1491 2663 Multa
1496 2633 1596 2673 ptffm
1605 2633 1714 2666 laetitia
1724 2658 1734 2673 ,
1760 2634 1853 2667 multa
1865 2639 1956 2667 etiam
1977 2633 2115 2666 luminas·

1226 2686 1274 2714 ria
1282 2679 1398 2723 accensa
1408 2705 1418 2721 ,
1444 2682 1489 2714 ito
1497 2690 1531 2714 ut
1541 2682 1686 2716 nonnullae
1697 2694 1804 2725 quoque
1824 2684 1958 2717 mulieres
1973 2707 1983 2724 ‚
2009 2682 2103 2716 thuri·

1227 2731 1295 2764 bula
1300 2730 1445 2774 gestantes
1463 2755 1475 2769 ‚
1502 2733 1704 2766 antecederent
1722 2744 1772 2765 nos
1783 2758 1790 2765 .
1816 2733 1924 2767 Fuisse
1943 2733 2033 2767 diem
2057 2734 2102 2767 vi-

1227 2781 1382 2826 gesimam
1392 2782 1539 2815 octavam
1550 2783 1666 2816 meniis
1678 2783 1785 2820 Pauni
1803 2781 1892 2824 juxta
1905 2782 2103 2817 Alexandri·

1230 2842 1289 2865 nos
1300 2855 1310 2870 ‚
1336 2829 1443 2865 scribit
1456 2832 1555 2865 etiarn
1567 2832 1600 2864 in
1614 2831 1729 2867 litteris
1740 2832 1780 2867 ad
1792 2830 1927 2867 Clerum
1939 2832 2102 2868 Constan-

1227 2880 1501 2923 tinopolitanum.

1278 2929 1394 2965 Altero
1416 2931 1469 2964 die
1487 2931 1645 2965 sententia
1675 2932 1738 2965 fuit
1761 2931 1918 2967 Nestorio
1941 2933 2103 2967 insinuata

1229 2980 1414 3022 perlitteras
1435 2980 1624 3024 synodales,
1646 2991 1783 3025 quarum
1803 2980 1870 3016 haec
1893 2980 2097 3027 Epigraphe:

1225 3030 1463 3069 sanctasynodus
1484 3031 1635 3071 Νεβανὶο,
1662 3042 1736 3064 novo
1751 3033 1868 3075 Judae.
1895 3032 2020 3068 Revera.
2043 3043 2104 3066 no·

1231 3092 1288 3114 vus
1298 3081 1401 3124 Judas.
1428 3080 1560 3115 Etenim
1571 3081 1604 3115 δε
1615 3081 1711 3124 1υόαέ
1722 3080 1890 3116 Christum
1901 3083 2101 3120 Dominum,

1230 3131 1316 3173 quod
1329 3130 1359 3163 se
1369 3129 1480 3164 Deum
1507 3130 1615 3165 &Dei
1636 3131 1757 3165 Filium
1769 3133 1910 3173 diceret,
1936 3131 2102 3174 tamquam

1229 3178 1397 3214 hominem
1410 3178 1629 3223 blasphemum
1640 3181 1755 3225 Judaeis
1776 3182 1943 3220 vendidit,
1970 3179 2103 3222 primuss

1229 3240 1292 3272 que
1305 3255 1315 3271 ‚
1331 3230 1410 3264 teste
1420 3228 1672 3273 Theophylaeco
1684 3231 1898 3276 Bulgarorum
1910 3227 2103 3272 Archi-Epi-

1230 3280 1328 3323 scopo
1339 3303 1350 3321 ,
1361 3280 1565 3314 tremendum
1578 3279 1784 3316 Eucharistiae
1793 3279 1989 3323 Mysterium
2001 3289 2104 3313 enun-

1196 3362 1198 3365 .
1231 3331 1327 3363 ciavit
1338 3355 1348 3370 ,
1377 3330 1475 3373 ipsam
1486 3331 1504 3363 a
1515 3330 1666 3365 Domino
1676 3340 1839 3374 acceptam
1852 3328 2015 3370 vivificam
2026 3327 2103 3362 buc-

1231 3378 1344 3413 cellam
1357 3379 1442 3413 foras
1467 3380 1623 3422 prolatam
1645 3380 1832 3419 exfibuans,
1860 3378 1949 3421 quod
1965 3378 2102 3412 camille

1231 3429 1316 3463 credi
1329 3428 1423 3464 vellet
1434 3431 1494 3463 effe
1505 3428 1593 3464 suam
1605 3440 1740 3464 carnem.
1765 3426 1960 3462 Litterarum
1973 3426 2026 3461 hic
2038 3427 2103 3461 fiiit

1232 3489 1364 3513 textus.
1411 3477 1533 3523 Agnosce
1558 3489 1587 3513 te
1607 3486 1727 3521 propter
1752 3483 1859 3519 impiet!
1875 3479 2102 3519 praedrcatrones

1234 3538 1319 3572 tuas,
1346 3530 1381 3563 ό·
1400 3531 1542 3563 adversus
1564 3531 1695 3563 Canones
1720 3533 1948 3570 contumaciam,
1972 3525 2108 3571 vigefimo

2012 3575 2056 3620 fe.
