2340 3736
669 150 732 183 Dc
770 149 998 200 Qum-ra
1032 136 1280 182 Srnono
1313 146 1645 183 Genea-ul.

1897 153 1990 198 159

241 228 320 263 nt,
338 220 480 265 peripsbs
498 218 628 253 latenter
651 218 781 263 aggreffa
801 218 862 259 est,
884 223 936 262 qui
958 217 1040 252 nobis
1060 228 1118 252 non
1174 216 1267 252 ximo
1293 213 1484 251 Seleuciensi
1511 214 1674 261 Episcopo
1699 217 1877 262 discipulus
1901 245 1914 261 ‚
1952 222 2056 266 Poly,

242 271 425 308 videbantur
441 276 477 305 in
495 268 551 302 hac
565 277 657 311 parte
681 269 732 312 effi
752 267 900 312 suspei‘li.
929 274 996 305 Nec
1017 277 1117 302 tamen
1157 264 1301 318 {chronii
1328 264 1541 309 Apameenfis
1567 266 1718 312 Episcopi
1748 268 1846 309 frater
1867 295 1878 311 ‚
1904 270 2050 307 Nestorii

241 313 280 356 b
295 321 339 354 illi
357 331 500 365 magnam
519 320 661 358 anodum
677 319 787 361 palam
807 318 1020 361 reprehendere
1034 327 1117 360 prae-
1160 314 1386 352 <haeresiarchae
1411 314 1562 360 magister
1589 339 1600 357 ‚
1629 318 1675 350 vir
1701 320 1801 363 longe
1830 319 2057 364 doctiffimus,

238 369 448 415 {iimpseruntz
474 373 575 414 ,Magis
586 368 745 412 autemsub
756 370 889 412 quadam
903 368 1000 412 specie
1012 367 1116 408 defim-
1161 363 1404 402 'admirandum
1424 366 1459 400 &
1483 366 1700 403 miserandum
1721 371 1872 405 universae
1889 370 1947 405 sub
1967 372 2054 406 coelo

236 419 347 464 sonis,
370 431 460 463 quam
477 419 699 454 commendabat
704 419 810 465 fallax
839 429 936 452 eorum
955 418 1116 460 promiffio,

239 470 330 506 robur
338 471 402 512 ejus
419 470 571 513 infirmare
594 476 691 505 conati
709 469 782 513 sunt
795 493 803 500 .
822 469 853 511 J
856 468 999 501 uelabant
1016 473 1097 501 enim
1108 490 1118 506 ‚

239 521 321 564 quod
335 532 434 555 omnes
444 520 641 560 Eutychiani,
665 525 717 563 qui
733 521 856 553 decretis
880 519 944 559 ejus
965 517 1117 558 offendun-

237 571 313 613 tur,
337 576 580 605 communicarent
598 568 753 614 Ecdefiae,
778 566 986 602 fiTheodori
1019 567 1117 611 Mop-

240 619 379 655 cuesteni
390 622 525 665 persona
545 618 663 654 &libri
675 643 687 660 ‚
711 617 775 653 Ibae
797 617 964 663 Epistola,
990 618 1025 652 ἀ
1038 628 1116 661 quae-

239 667 319 704 dam
344 669 553 708 Theodoreti
577 668 691 711 scripta
714 666 948 704 damnarentur
974 692 983 703 .
1020 667 1116 702 Circa

239 718 309 757 haec
319 721 379 757 tria
388 720 518 764 ajebant
527 717 799 761 circumscriptam
809 718 981 761 synodum
993 742 1003 759 ‚
1029 717 1117 754 ideo-

241 781 308 814 que
331 770 533 816 purgandam
548 794 557 802 .
584 770 664 803 Erat
683 767 780 803 dolus
804 768 1034 815 nequiffimus‚
1058 769 1116 810 Sy-

241 820 349 861 nodi,
372 819 461 863 quod
473 818 572 854 nullis
594 816 659 852 huc
681 819 780 863 usque
791 818 1041 863 grassationibus
1061 827 1117 852 aut

245 868 407 906 Anastasii
428 867 570 913 Augusti
593 867 695 904 minis
716 876 864 911 potuerat
885 893 895 908 ‚
923 868 1115 903 retrassatio-

242 931 319 954 nem
338 941 349 958 ‚
383 916 530 963 adeoque
550 918 680 962 plenam
701 920 998 955 exauctorationem
1022 941 1032 957 ,
1060 915 1117 950 sub

240 969 385 1006 §nimicae
405 967 601 1003 defensionis
624 969 702 1003 fuco
723 979 778 1012 per
799 968 970 1011 Justiniani
992 968 1118 1001 Princi-

240 1019 294 1063 pis
312 1019 466 1063 pietatem
487 1020 713 1062 impetraturus
733 1043 740 1050 .
767 1018 815 1053 Ita
836 1018 1065 1055 existimabant
1086 1018 1118 1051 &

240 1069 301 1113 ipsi
322 1080 400 1103 cum
421 1068 616 1114 origenistis
635 1067 889 1112 Eutychianistae
912 1092 924 1109 ,
948 1069 982 1102 &
1004 1078 1119 1102 omnes

242 1118 415 1154 Catholici
443 1119 492 1156 illi
517 1142 528 1159 ,
552 1129 718 1165 quotquot
741 1129 801 1162 pro
828 1118 930 1153 tribus
958 1118 1121 1162 Capitulis

240 1167 379 1204 schisma
399 1169 562 1205 fecerunt.
592 1168 833 1206 Existimabant
855 1168 1042 1205 Romanam
1061 1167 1120 1201 Ec-

240 1218 368 1252 clesiam
393 1244 404 1260 ‚
432 1219 662 1262 Capitulorum
692 1217 942 1254 damnationem
971 1228 1121 1262 compro-

238 1266 372 1308 bando,
396 1269 512 1306 fastam
535 1268 599 1302 esse
619 1268 748 1312 Synodi
771 1267 1044 1303 Chalcedonensis
1067 1268 1120 1301 da·

237 1318 432 1364 mauricen]
445 1342 456 1358 ‚
480 1329 518 1353 ac
528 1317 587 1352 fibi
611 1318 784 1355 Divinitus
796 1318 947 1363 delegatae
967 1319 1004 1355 in
1015 1318 1121 1365 Syno-

237 1368 328 1404 dalia
345 1367 524 1403 constituta
545 1367 700 1406 custodiat
724 1369 1027 1411 praevaricatricem·
1057 1367 1122 1404 Va-

238 1418 375 1452 mitem
396 1426 463 1452 erat
475 1415 761 1461 Eutychianorum
784 1419 950 1462 promiffio
963 1433 974 1454 .·
1000 1418 1122 1452 Roma-

238 1467 278 1503 ni
301 1468 390 1502 enim
410 1467 575 1513 dogmatis
595 1467 794 1503 simulatores
814 1470 849 1503 in
873 1468 1050 1503 Ecclefiam
1074 1469 1122 1502 in·

239 1517 360 1552 ducere
380 1517 427 1554 est
453 1519 682 1556 confusionem
708 1519 813 1557 facere
834 1544 847 1561 ‚
883 1530 952 1556 non
974 1529 1122 1557 commu-

239 1567 394 1602 aionem.

290 1616 371 1651 Haec
393 1617 537 1654 Liberati
561 1618 678 1659 verba,
703 1617 861 1652 Theodorae
882 1619 1014 1664 Auguliae
1028 1619 1123 1661 favo·

237 1677 273 1700 ee
290 1691 302 1708 ‚
326 1667 464 1711 exponit
486 1668 586 1702 victor
609 1668 846 1704 Tonnonensis
867 1668 906 1703 ad
929 1681 1055 1703 annum
1079 1670 1122 1703 se-

237 1715 387 1751 cundum
409 1717 480 1761 post
500 1717 719 1753 Consulatum
739 1717 863 1752 Basilii.
893 1719 1051 1754 Theodorae
1067 1718 1123 1760 fa-

241 1765 337 1799 llione
360 1766 494 1810 Augustae
507 1791 519 1807 ‚
542 1778 611 1810 quae
630 1768 740 1800 occulta
761 1769 864 1807 synodi
886 1767 1121 1811 Chalcedonensis

238 1826 394 1858 nunquam
417 1815 527 1856 destitit
550 1817 603 1860 effe
626 1822 746 1852 inimica
766 1841 777 1857 ,
803 1818 945 1856 sylverius
967 1821 1119 1852 Romanus

240 1863 499 1909 Episcopusexilio
511 1871 642 1900 mittitur
658 1889 668 1907 ‚
694 1867 728 1899 (Ὗ
733 1874 791 1908 pro
811 1879 842 1901 eo
852 1870 978 1910 Vigilius
1002 1870 1123 1901 ordina-

237 1923 289 1948 tur
303 1939 314 1956 ‚
340 1917 428 1959 cique
448 1926 609 1950 memorata
634 1916 759 1960 Augusta
772 1940 783 1956 ,
804 1917 979 1960 prinsquam
1001 1920 1119 1951 ordina-

235 1973 344 2006 retur,
369 1967 473 1999 occulto
491 1966 682 2010 chirographo
702 1966 797 2000 elicuit
810 1991 821 2008 ,
845 1977 879 2001 ut
892 1971 979 2010 Papa
1002 1968 1122 2009 effecius

240 2021 274 2047 tn
290 2014 501 2058 proscriptione
522 2019 542 2048 5
538 2017 625 2055 ‚nodi
636 2015 876 2059 Chalcedonensis
901 2023 964 2052 tria
976 2019 1122 2062 capitula

240 2065 448 2098 condemnaret
460 2090 467 2097 .
496 2064 577 2099 Non
590 2066 721 2109 itaque,
739 2075 777 2101 ut
789 2068 885 2101 multi
897 2079 1005 2102 errant
1017 2092 1027 2108 ,
1055 2069 1124 2103 Ro-

244 2125 351 2148 manae
371 2113 689 2151 &Chalcedonensis
710 2115 788 2150 fidei
800 2118 1099 2161 praevaricationem
1113 2141 1123 2157 ‚

242 2163 298 2197 sed
310 2164 413 2198 solam
437 2164 538 2198 trium
551 2165 781 2209 Capitulornm
791 2190 803 2207 ‚
829 2167 863 2201 in
875 2178 1014 2211 quorum
1038 2169 1123 2202 facto

242 2211 411 2249 dicebatur
429 2215 542 2248 errasse
569 2215 723 2258 Synodus
741 2240 752 2255 ‚
781 2216 1029 2253 damnationem
1051 2229 1124 2262 prae·

244 2263 374 2307 sumpsit
392 2263 532 2298 afuturo
546 2264 702 2299 Romano
725 2265 889 2311 Episcopo
900 2267 1043 2311 stipulari
1067 2268 1124 2302 do-

244 2312 313 2347 losa
339 2313 373 2346 &
403 2311 550 2348 haeretica
576 2316 693 2350 mulier
718 2340 729 2356 ‚
766 2316 812 2350 ita
838 2318 1000 2361 gradatim
1023 2317 1057 2350 &
1083 2318 1122 2351 ad

242 2363 366 2407 dogma
378 2364 571 2398 tentandum
589 2365 676 2399 viam
698 2366 834 2400 faeiura.
863 2367 1126 2402 AdditTonno-

243 2413 364 2448 nenfis.
394 2418 505 2448 Horum
526 2416 649 2449 exordia
661 2417 803 2450 malorum
810 2420 960 2460 generalis
978 2418 1054 2451 orbis
1067 2426 1124 2451 ter-

241 2475 342 2497 rarum
354 2466 523 2497 mortalitas
542 2463 700 2510 sequitur,
724 2468 757 2500 Θ
781 2471 935 2509 inguinum
952 2469 1123 2510 percuffione

239 2515 338 2554 major
357 2522 433 2556 pars
444 2515 614 2556 populorum
635 2524 772 2549 necatur.
801 2517 956 2552 Plurimis
983 2518 1060 2552 tum>
1076 2529 1125 2552 ca-

239 2562 440 2601 lamitatibus
451 2563 576 2598 Divina
591 2564 717 2606 Justitia
742 2568 931 2609 peccatrices
945 2567 1121 2603 hominum

238 2611 365 2646 animas
388 2614 423 2646 ὅτ.
437 2624 572 2657 corpora
595 2614 758 2659 percuffit.

301 2788 556 2837 CAPUT
604 2791 1061 2842 SECUNDUM.

241 2905 306 2955 An
332 2910 410 2971 quis
437 2942 450 2967 ‚
481 2906 687 2976 prcefirtim
726 2910 931 2981 Episcopus
955 2950 968 2973 ,
1003 2912 1124 2980 qualis

300 2976 386 3043 finit
411 2977 628 3026 Theodorus
653 2980 950 3050 Mopfiusti‘ensts
966 3020 979 3043 ‚
1014 2988 1053 3030 in

379 3045 549 3111 Ecclesiae
556 3064 648 3115 pace
667 3056 726 3098 Θ
738 3058 981 3101 communione

428 3117 618 3185 defbncslus
625 3118 743 3187 poffit
757 3121 930 3170 damnari

537 3188 618 3256 post
639 3190 829 3241 mortem?

330 3306 510 3342 Heodorus
532 3307 793 3352 Mopsuestiensis
817 3312 850 3346 in
876 3313 1015 3349 secunda
1038 3317 1121 3350 Cili-

355 3357 405 3392 cia
418 3357 594 3402 Episcopus
606 3371 659 3402 per
671 3362 805 3406 triginta
818 3364 872 3397 sex
885 3375 988 3397 annos
999 3388 1009 3402 ‚
1037 3368 1122 3401 Dio-

242 3403 315 3439 dori
327 3405 514 3442 Tharsenfis
535 3421 572 3443 ac
584 3410 734 3446 Flaviani
756 3411 963 3446 Antiocheni
988 3416 1121 3459 Episco-

243 3455 278 3500 «pi
294 3455 356 3489 una
372 3466 447 3495 cum
469 3459 586 3493 Sancto
603 3460 729 3503 Ioanne
742 3462 981 3506 Chrysostomo
1003 3466 1119 3501 &Ma-

1179 416 1322 452 Ecclesia
1347 424 1495 453 mortuus
1526 414 1678 463 exhibuit
1715 420 1930 461 spectaculum
1955 446 1964 455 .
2001 421 2055 456 De

1177 468 1247 511 ipso
1270 489 1281 505 ‚
1306 466 1393 510 quafi
1414 466 1455 499 de
1466 465 1723 503 Christianitatis
1748 470 1985 512 fundamento,
2006 471 2055 506 est

1175 516 1302 553 asciffis
1313 517 1347 551 in
1357 516 1513 553 factiones
1534 517 1704 561 Episcopis
1728 517 1962 561 disceptatum.
1987 519 2055 555 Ad-

1175 567 1306 601 versarii
1329 565 1534 603 adduxerunt
1561 566 1651 610 plura
1677 568 1894 602 accusationis
1919 572 2026 614 capita
2044 596 2053 605 .

1174 617 1320 652 Primum
1332 627 1373 649 ex
1398 615 1755 661 HesychiiPresbyteri
1781 617 2056 662 Hierosolymita-

1176 666 1210 700 ni
1234 665 1455 700 Ecclefiastica
1476 665 1610 703 historia
1629 666 1832 711 desumptum
1858 667 1904 701 est
1929 691 1940 707 ,
1964 670 2053 711 quod

1176 715 1322 750 Ecclefiae
1335 715 1553 752 Antiochenae
1564 717 1763 753 Clericatum
1783 718 1906 753 carnal-i
1919 717 2055 751 libidine

1175 768 1273 800 vistus
1298 765 1485 801 adolescens
1509 767 1658 810 apostata
1685 768 1861 802 deseruerit
1887 792 1898 808 ,
1939 768 1973 801 &
2001 779 2056 811 per

1176 815 1319 853 sodalem
1333 817 1491 861 Ioannem
1515 814 1787 860 Chrysostomum
1808 816 1849 851 ad
1864 817 1929 851 sola
1950 819 2058 852 carnis

1177 866 1312 901 meliora
1331 866 1477 903 redustus
1487 866 1656 901 Tharsum
1679 867 1787 911 primae
1799 867 1926 902 Ciliciae
1937 868 2060 902 Metro-

1178 916 1280 959 polim
1303 918 1468 961 migrarit,
1494 927 1592 962 atque
1614 916 1690 952 inde
1713 918 1867 958 tandem,
1893 918 2061 951 occultato

1178 967 1296 1000 mentis
1318 978 1447 1001 veneno
1469 978 1476 997 :
1504 969 1677 1011 profecerit
1697 968 1732 1001 in
1757 968 1958 1012 Episcopum
1986 968 2063 1000 Μο-

1180 1017 1411 1058 psuestiensem,
1438 1017 1600 1060 Arguitur
1610 1018 1728 1052 dolosae
1739 1015 2064 1062 hypocriseos‚trans-

1178 1065 1311 1103 lationis
1345 1091 1356 1106 ,
1382 1078 1420 1100 ac
1441 1067 1700 1110 indispensabilis
1722 1068 1984 1112 irregularitatis:
2011 1069 2064 1102 Fi-

1179 1115 1285 1150 delem
1298 1126 1437 1159 namque
1458 1111 1698 1152 adolescentem
1718 1129 1816 1152 carne
1836 1119 1960 1162 lapsum
1979 1118 2065 1152 anti-

1180 1176 1261 1210 quus
1274 1164 1421 1199 Ecclefiae
1434 1166 1583 1202 Canona
1596 1169 1684 1203 sacro
1708 1168 1826 1203 ordine
1848 1167 2005 1213 perpetuo
2026 1179 2064 1202 ac

1180 1214 1472 1258 indispensabiliter
1498 1217 1714 1254 excludebat.

1229 1264 1417 1300 Secundum
1438 1278 1476 1300 ac
1503 1267 1699 1311 praecipuum
1724 1269 1941 1304 accusationis
1967 1277 2066 1312 caput

1180 1314 1223 1349 est
1236 1315 1270 1348 in
1296 1314 1381 1350 hisce
1394 1315 1499 1350 verbis
1524 1316 1833 1353 relatisaFacundo
1845 1320 2067 1354 Hermianen-
2086 1319 2206 1348 Iam-2-

1180 1366 1202 1398 fi
1228 1389 1235 1396 .
1262 1364 1430 1400 Theodorus
1454 1366 1584 1406 Nestorii
1605 1367 1741 1415 magister
1756 1369 1826 1410 fuit
1848 1392 1858 1408 ,
1885 1372 1998 1410 majore
2013 1380 2070 1401 au·

1179 1423 1255 1457 tem,
1280 1417 1450 1458 quamille,
1477 1422 1630 1458 impietate
1651 1417 1898 1461 blasphemavit,
1925 1421 2070 1453 &omnia

1180 1466 1244 1506 eJ’us
1266 1464 1416 1510 adversus
1428 1465 1574 1510 Christum
1597 1469 1680 1501 ditia
1704 1468 1813 1505 diaboli
1840 1467 2071 1513 transgredium,

1181 1524 1231 1548 tur
1251 1515 1419 1559 insaniam,
1449 1516 1570 1550 Evenit
1584 1517 1790 1559 Theodoro,
1817 1520 1907 1562 quod
1929 1518 2071 1553 deMar·

1182 1565 1265 1599 cello
1291 1566 1433 1609 Ancyrae
1455 1567 1620 1610 Episcopo
1643 1569 1758 1603 Fotini
1783 1569 1972 1612 Syrmienfis
1994 1564 2073 1612 Epi:

1183 1616 1273 1659 scopi
1296 1615 1452 1660 magistro
1474 1617 1584 1651 scribit
1596 1617 1754 1661 Sulpitius
1765 1620 1919 1654 Severus:
1948 1619 2072 1656 Marci-lq

1182 1665 1242 1698 lum
1259 1666 1435 1709 gravabat,
1459 1668 1541 1708 quod
1551 1671 1681 1700 Fotinus
1703 1670 1823 1701 auditor
1847 1671 1910 1710 eius
1925 1668 2013 1712 fuisse
2034 1674 2067 1700 in

1183 1714 1380 1758 adolescentia
1400 1716 1563 1750 videbatur
1580 1743 1587 1749 .
1615 1717 1716 1753 Reste
1736 1720 1826 1752 enim
1840 1719 2071 1762 Hieronymus
2093 1736 2165 1775 Cap·
2177 1746 2207 1772 4·

1183 1765 1217 1798 in
1239 1765 1386 1808 Epistola
1407 1764 1447 1799 ad
1460 1766 1710 1810 Ctesiphontem
1727 1781 1734 1804 ;
1763 1768 1970 1812 Magistrorum
1985 1768 2072 1810 filon-

1183 1821 1227 1847 tia
1244 1814 1359 1857 profert
1369 1815 1467 1849 rabies
1489 1816 1716 1861 discipulorum.
1745 1819 1837 1865 Qin
1858 1818 1961 1853 immo
1986 1830 2073 1853 erro-

1185 1876 1231 1898 res
1254 1866 1328 1899 suos
1348 1877 1416 1899 non
1438 1865 1564 1901 siluerat
1588 1866 1794 1905 Theodorus
1820 1881 1827 1902 :
1855 1869 1958 1915 Qod
1981 1869 2073 1903 enim

1185 1913 1372 1950 Antiochiae
1385 1916 1419 1948 in
1432 1917 1580 1960 populari
1603 1918 1750 1952 sermone
1773 1917 2072 1952 blateraritsacram

1187 1969 1340 2009 Virginem
1363 1977 1420 1999 non
1446 1967 1498 2009 effi?
1514 1970 1701 2008 Deiparam,
1730 1968 2025 2003 &atumultuante
2037 1970 2074 2002 fi-

1185 2015 1249 2050 deli
1275 2015 1316 2049 ad
1341 2015 1578 2060 blasphemiam
1605 2017 1729 2061 populo
1752 2020 1880 2055 coastus
1907 2019 2004 2052 fuerit
2023 2019 2073 2052 ad

1186 2066 1355 2100 solennem
1378 2065 1607 2109 palinodiam,
1633 2068 1751 2104 fatetur
1771 2067 1911 2109 Joannes
1935 2068 2076 2102 Patriar·

1186 2114 1247 2148 cha
1259 2114 1494 2150 Antiochenus
1504 2115 1538 2149 in
1564 2115 1681 2150 litteris
1691 2116 1732 2150 ad
1745 2116 1935 2153 Nestorium
1946 2119 2072 2156 exstanr

1186 2164 1319 2199 tibusin
1341 2165 1443 2207 prima
1463 2175 1553 2208 parte
1575 2166 1703 2209 Synodi
1729 2165 1896 2210 Epheflnae
1912 2187 1927 2198 .»
1949 2167 2072 2202 Adver-

1186 2213 1258 2248 sum
1284 2216 1461 2259 grassantes
1487 2215 1632 2251 Arianos
1670 2226 1768 2261 atque
1794 2215 2072 2260 Apollinaristas,

1187 2264 1266 2299 teste
1285 2263 1418 2300 laudato
1429 2265 1575 2308 Joanne‚
1600 2268 1699 2301 decem
1714 2267 1807 2300 millia
1829 2266 1916 2302 libros
1933 2268 2071 2301 conscri⁴

1188 2316 1244 2357 ps1t
1269 2313 1471 2349 Theodorus
1491 2339 1502 2355 ,
1540 2324 1637 2358 atque
1663 2316 1707 2350 ita
1735 2317 1809 2351 vere
1835 2318 1884 2352 illi
1906 2318 2071 2362 contigit,

1186 2363 1274 2406 quod
1295 2363 1377 2399 falso
1388 2364 1582 2401 Gennadius
1600 2366 1830 2407 Maffisieufis,
1858 2366 1961 2404 homo
1972 2368 2074 2401 Semi-

1186 2414 1381 2458 Pelagianus
1402 2440 1413 2457 ‚
1442 2416 1586 2459 imponit
1613 2418 1734 2455 Sansio‘
1759 2418 1952 2462 Augustino
1979 2431 1992 2452 .-
2016 2421 2071 2457 Ege

1186 2465 1362 2508 multiloquio
1372 2477 1430 2499 non
1442 2466 1562 2511 effiagies
1578 2475 1752 2509 peccatum.
1781 2467 1913 2503 Divinae
1927 2470 2074 2508 incarna-

1187 2516 1289 2550 tionis
1300 2517 1546 2551 Sacramentum
1558 2541 1567 2556 ,
1581 2518 1660 2550 dum
1673 2517 1982 2560 Apollinaristicam
1994 2529 2073 2551 con-

1188 2566 1349 2600 fusionem
1368 2567 1467 2600 nimis
1482 2568 1589 2611 fugit,
1615 2568 1784 2600 divisionis
1796 2567 1993 2601 Nestoriana
2008 2566 2073 2600 bla-

1187 2614 1330 2659 sphemia
1342 2615 1575 2657 inhonoravit,
1602 2628 1692 2651 more
1703 2617 1879 2652 stultorum
1894 2641 1903 2656 ‚
1925 2616 2071 2660 quidum

1189 2667 1292 2699 vitant
1314 2666 1392 2700 vitia
1414 2690 1424 2706 ‚
1451 2667 1485 2700 in
1511 2668 1672 2701 contraria
1696 2677 1829 2703 currunt
1853 2693 1859 2699 .
1889 2667 1930 2700 Ei
1955 2669 2072 2710 quinta

1188 2716 1340 2758 Synodus
1361 2717 1504 2759 imponit
1526 2715 1693 2760 judaicum
1715 2717 1903 2760 symbolum
1926 2718 1967 2751 ad
1988 2716 2073 2751 Cha·

1188 2767 1251 2808 risy
1272 2763 1559 2810 philadelphiensis
1580 2767 1614 2801 in
1644 2768 1754 2811 Lydia
1776 2767 1959 2813 Presbyteri
1987 2767 2073 2803 dela-

1186 2816 1312 2851 tionem
1324 2815 1518 2852 damnatum
1541 2817 1582 2851 ab
1595 2816 1756 2861 Ephefina
1776 2817 1913 2861 synodo
1927 2843 1938 2860 ,
1965 2829 2002 2852 ac
2024 2818 2072 2851 in-

1186 2868 1278 2910 super
1300 2866 1466 2911 sexaginta
1492 2868 1646 2902 articulos
1665 2890 1675 2907 ,
1702 2879 1784 2910 quos
1806 2869 1840 2902 in
1862 2869 1921 2901 suo
1940 2867 2073 2902 Consti-

1186 2927 1259 2950 tuto
1283 2915 1434 2961 Vigilius
1470 2917 1628 2952 Pontifex
1650 2920 1767 2952 fatetur
1792 2918 1855 2953 esse
1882 2917 2071 2956 haereticos,

1187 2967 1357 3010 praesertim
1379 2967 1617 3002 Nestorianos.
1645 2967 1688 3002 Et
1704 2967 1781 3003 hinc
1803 2967 1874 3011 post
1895 2966 2068 3003 damnatos

1184 3028 1280 3060 atque
1292 3017 1424 3051 exustos
1438 3017 1579 3051 Nestorii
1602 3017 1703 3052 libros
1716 3018 1826 3053 scribit
1849 3018 1890 3052 de
1903 3018 2066 3052 Nestoria-
2085 3031 2157 3070 Cap,
2177 3043 2220 3064 10,

1187 3067 1235 3100 nis
1249 3066 1418 3100 Liberatus
1439 3065 1725 3111 Carthaginensis:
1754 3072 1914 3110 Coeperunt
1927 3068 2066 3101 Theodori

1182 3116 1316 3158 proferre
1335 3118 1512 3156 volumina,
1538 3118 1707 3152 transferre
1731 3118 1766 3152 in
1791 3119 1894 3154 varias
1917 3118 2067 3162 linguas,

1186 3167 1355 3208 dicereque
1375 3177 1454 3199 nova
1476 3177 1532 3199 non
1550 3165 1676 3211 sapuiffe
1696 3168 1885 3208 Nestorium,
1898 3166 1965 3211 ‘sed
1987 3174 2068 3201 anti-

1185 3228 1304 3257 quorum
1318 3218 1446 3248 Parrum
1463 3215 1648 3260 prosecutum
1659 3217 1750 3261 fuisse
1775 3219 1961 3252 dodrinam.

1234 3266 1390 3299 Tertium
1415 3267 1630 3302 accusationis
1651 3279 1748 3311 caput
1773 3270 1894 3312 profert
1917 3268 2067 3312 Justinia·

1184 3328 1244 3351 nus
1257 3315 1424 3360 Augustus
1446 3316 1481 3351 in
1503 3317 1620 3352 litteris
1641 3318 1681 3352 ad
1695 3317 1780 3351 hanc
1802 3319 1988 3360 praesentem
2007 3320 2066 3361 Sy-

1187 3366 1309 3400 nodum
1332 3390 1339 3397 .
1367 3364 1554 3408 Confiderate
1574 3391 1584 3406 ,
1621 3379 1689 3409 quae
1711 3370 1748 3400 de
1771 3367 1917 3401 Theodoro
1941 3371 1975 3402 Za·
1999 3372 2063 3406 eius

1182 3415 1370 3460 blasphemiis
1388 3414 1488 3459 sane‘li
1512 3421 1618 3450 Patres
1642 3416 1869 3461 confi-ripserunt
1882 3443 1892 3459 ,
1919 3423 1952 3453 Θ·
1977 3423 2065 3452 Ante-

1183 3468 1296 3510 ceffores
1315 3465 1403 3506 vestri
1418 3469 1682 3512 promulgaverunt
1693 3492 1705 3509 ,
1731 3479 1782 3502 nec
1803 3480 1860 3504 non
1882 3470 1916 3504 ὠ·
1929 3480 1994 3510 quae
2007 3472 2065 3501 Ec-

1925 3516 2015 3559 cleſsa-
