2340 3736
369 174 468 219 250

298 247 456 279 orientem
475 243 510 279 i&
529 246 716 279 Occidentem
737 244 907 290 transmiffa
930 243 969 284 est
980 268 991 284 ,
1017 255 1078 285 qua
1096 241 1192 285 asserit

300 306 391 329 carne
400 297 434 330 (θ’
438 294 552 339 spiritu
562 297 724 340 coagulatis
731 304 789 339 per
798 295 978 340 sanguinem
1000 297 1110 326 Μανία
1121 319 1129 332 ,
1158 295 1192 327 Θ

300 352 336 381 in
346 357 438 380 unum
446 354 552 388 corpus
572 346 700 380 redadis
713 371 724 388 ,
744 348 908 390 paffibilem
932 348 1031 378 Deum
1047 342 1190 386 fadum.

301 404 367 436 ,Hoc
374 398 460 438 ideo,
486 407 523 430 ne
540 401 608 439 quis
628 398 713 431 illum
731 409 772 431 ex
792 409 826 430 eo
843 396 974 430 crederet
985 418 996 434 ‚
1021 405 1111 436 quem
1136 399 1191 427 im-

301 445 551 492 pafflbilemsatt's
561 447 688 489 constat.
717 447 836 487 Fecistis
848 452 941 489 igitur
952 446 991 479 de
1001 446 1022 477 5
1018 451 1117 486 piritu
1134 446 1193 478 Dei

306 501 342 533 er
351 508 442 532 carne
452 496 580 531 bominis
589 497 683 543 nest-io
691 499 770 541 quid
779 503 900 532 tertium
910 510 922 530 .-
947 498 1035 539 ‚Quia
1047 504 1100 528 nec
1121 496 1192 529 vere*

298 555 392 584 etiam
403 551 483 582 Deus
495 547 554 590 est,
572 547 605 590 fi
619 549 743 583 verbum
753 548 805 591 effe
826 546 909 589 defiit
923 570 934 587 ,
959 556 1026 580 caro
1043 550 1125 580 enim
1136 544 1192 587 fa-

299 599 387 642 ae'lus3
412 609 506 641 neque
516 598 702 639 vere'homo,
727 604 801 641 quia
811 609 870 631 non
876 598 999 640 proprie*
1008 606 1093 629 caro.
1116 598 1193 630 Fuit

299 655 383 683 enim
396 649 537 684 verbum.
566 654 606 683 Ac
620 649 661 692 fic
679 661 717 682 ex
736 649 933 693 utroquejam
954 654 1108 681 neutrum,
1136 645 1192 682 Ab

299 700 518 735 erubescenda
529 700 698 744 impietate
706 709 822 744 purgat
833 700 865 733 se
876 699 1057 733 Dioscorus
1067 718 1079 738 -‚
1105 696 1192 741 ajens

297 750 364 786 ase
373 750 507 795 quidem
519 750 633 795 negari
654 749 735 784 duas
757 759 917 790 naturas,
936 746 971 784 ἀ
993 748 1097 783 adseri
1119 748 1192 783 uni-

298 813 394 842 cam,
420 811 454 836 at
488 800 555 836 Dei
584 800 687 836 Verbi
713 801 938 842 incarnatam,
964 798 1106 844 ideoque
1125 798 1191 832 sine

299 863 406 887 errore
417 852 451 887 &
462 851 607 895 periculo
618 850 822 886 confufioniS
832 876 839 885 .

348 901 395 938 Et
404 902 512 937 revera
524 900 593 937 haec
604 901 780 947 propositio
791 900 924 942 cbristus
941 898 978 943 est
990 911 1052 935 una
1077 907 1190 933 natura

279 957 359 998 'Dei
386 952 474 987 verbi
506 958 690 991 incarnata,
716 951 815 987 habet
841 953 971 987 sensum
996 951 1110 985 sanum
1136 975 1147 992 ,
1171 949 1188 983 a

298 1002 502 1039 confusionis
513 1000 714 1046 blasphemia
732 1011 847 1045 purum
860 1026 871 1045 ,
895 1002 1079 1045 expositum
1102 998 1191 1045 large

297 1054 443 1097 aquinta
455 1052 612 1097 synodo.
639 1051 697 1087 An
710 1051 803 1086 illum
817 1052 1000 1088 Dioscorus
1021 1051 1056 1086 in
1079 1061 1190 1086 mente

296 1103 429 1149 gesserit
440 1103 548 1138 noluit
560 1101 713 1146 synodus
727 1101 922 1147 disquirere:
951 1102 1189 1136 Confusionem

295 1155 340 1189 ab
351 1155 411 1189 illo
422 1154 525 1190 adseri
537 1152 691 1187 suadebat
701 1153 906 1199 praesumptio
916 1152 995 1196 juris
1006 1153 1039 1187 δε
1049 1151 1170 1197 dejure
1182 1178 1189 1186 .

296 1206 347 1240 At
370 1203 448 1239 vero
472 1204 512 1239 de
534 1204 687 1239 Eustatio
708 1203 875 1247 Berytensi
904 1203 1090 1247 Episcopo,
1118 1204 1189 1237 vito

296 1256 578 1300 insigniter-usque
589 1253 656 1290 huc
672 1253 888 1294 orthodoxo,
912 1252 1044 1298 gloriosi
1066 1253 1189 1298 judices

295 1308 373 1340 sunt
387 1306 599 1340 interlocuti:
626 1308 717 1338 Dicat
720 1302 833 1350 sanlla
854 1305 1005 1345 synodus,
1025 1303 1054 1347 fi
1074 1310 1191 1338 canoni-

293 1363 339 1390 cis
353 1356 498 1399 Epistolts
504 1354 622 1399 sandlae
632 1361 780 1389 memoriae
794 1356 896 1396 cyrilli
909 1379 921 1394 ,
945 1367 1014 1397 quae
1031 1360 1064 1387 in
1084 1356 1190 1394 synodo

291 1407 458 1450 publicata
479 1409 514 1441 (θ’
536 1405 584 1440 bic
602 1405 685 1439 lecvae
711 1403 806 1450 sunt,
843 1404 981 1449 consonat
1011 1407 1190 1440 interlocutio

297 1454 837 1499 EustatiireverendffmiEpiscopi.
864 1456 909 1489 Et
932 1465 1109 1499 antequam
1131 1457 1186 1497 Sy·

292 1508 406 1542 nodus
425 1507 631 1551 responderet
648 1529 660 1547 ,
696 1506 864 1539 Eustatius
890 1505 926 1539 in
950 1505 1096 1539 medium
1117 1516 1188 1548 pro·

292 1559 414 1597 diens,
450 1557 486 1590 δε
509 1556 628 1591 librum
649 1554 780 1599 gestans
801 1555 906 1588 dixit:
944 1556 977 1588 sn·
993 1556 1071 1589 male
1100 1556 1188 1595 dixi,

293 1618 354 1642 ecce
372 1608 464 1641 codex
475 1631 483 1640 .
513 1606 603 1641 Liber
621 1605 723 1644 Cyrills·
741 1605 1037 1650 anathematizetur,
1063 1607 1098 1640 et
1118 1617 1189 1638 ana·

290 1657 492 1692 thematizer.
522 1656 684 1690 Produxit
695 1655 802 1690 Sansti
815 1655 936 1699 cyrini
958 1655 1000 1690 ad
1026 1653 1188 1690 Acacium

291 1708 458 1743 Melitinae
494 1705 769 1750 Metropolitanu,
805 1707 846 1739 ad
874 1706 1089 1742 Valerianum
1117 1706 1189 1740 Me·

291 1759 490 1803 tropolitam
528 1757 758 1798 lconiensem,
803 1755 845 1790 ad
869 1757 1061 1792 Successum
1105 1757 1186 1791 Dio-

291 1809 533 1844 Caesareensem
574 1808 608 1841 in
648 1807 769 1842 Isauria
810 1808 1011 1851 Episcopum
1033 1831 1045 1848 ,
1084 1807 1119 1841 &
1145 1806 1185 1840 ad

295 1860 479 1904 Eulogium
506 1856 736 1902 Presbyterum
773 1857 1186 1902 constantinopolitanum

287 1910 419 1952 >litteras
439 1933 449 1950 ,
489 1909 522 1941 in
553 1908 671 1950 quibus
707 1908 922 1951 propositioni
958 1908 1012 1942 isti·
1046 1908 1112 1943 sese
1143 1917 1187 1941 te·

293 1961 419 1995 naciter
439 1959 574 1994 affixum
599 1958 764 1997 ostendit,
790 1958 955 2001 ipsamque
981 1956 1119 1991 liberam
1145 1956 1187 1991 ab

291 2011 390 2045 omni
428 2007 704 2053 Apollinaristicae-
727 2008 931 2042 confusionis
969 2006 1154 2042 adsertione
1178 2029 1188 2045 ,

292 2059 401 2096 immo
412 2061 446 2095 &
459 2059 642 2103 suspicione
654 2082 661 2089 .
690 2059 791 2093 Hanc
801 2058 1056 2102 propositionem
1068 2080 1079 2097 ,
1100 2056 1189 2090 Chri-

289 2111 351 2155 stus
383 2110 448 2152 post
482 2111 694 2143 adunationem
730 2107 770 2145 el?
795 2109 866 2141 duae
891 2116 1029 2148 naturae,
1057 2108 1187 2143 videtur

292 2159 523 2197 Orientalibus
543 2159 615 2193 solo
637 2158 878 2202 dispensatorio
916 2156 1066 2192 ineundae
1096 2157 1185 2202 pacis

293 2222 406 2246 amore
416 2223 453 2244 ac
464 2210 651 2245 necestitate
674 2209 854 2243 indulsisse.
885 2208 930 2243 Et
948 2207 1028 2242 hinc
1051 2207 1184 2243 labendi

293 2263 407 2295 ansam
418 2261 548 2304 sumpsit
561 2259 596 2294 in
609 2257 776 2303 Ephesino
796 2258 972 2293 latrocinio
996 2259 1164 2292 Eustatius
1179 2281 1189 2298 ‚

294 2313 328 2346 ἀ
348 2310 388 2345 ad
400 2310 544 2345 nostram
557 2309 730 2353 Synodum
743 2309 901 2353 perrexit:
928 2311 994 2352 ‚Qui
1005 2310 1076 2342 dicit
1097 2319 1190 2341 unam

296 2370 440 2395 naturam
449 2363 495 2394 ad
505 2365 690 2404 negationem
702 2365 805 2392 carnis
817 2358 928 2399 christi
939 2383 950 2399 ‚
977 2370 1046 2401 quae
1069 2361 1104 2393 Θ·
1126 2370 1191 2393 con·

291 2410 500 2456 substantialis
523 2410 562 2451 est
579 2411 665 2442 nobis
678 2434 688 2449 ,
714 2409 876 2443 anathema
888 2408 947 2452 Jit;
989 2411 1023 2443 &
1044 2415 1095 2451 qut·
1115 2410 1190 2441 dicit

294 2463 375 2496 duas
389 2469 517 2496 naturas
527 2461 572 2493 ad
580 2458 751 2500 divtfionem
769 2459 827 2502 filii
848 2462 920 2499 Dei,
949 2459 1111 2493 anathema
1127 2457 1185 2501 fit.

295 2516 405 2556 Etpro
417 2515 514 2547 Beato
526 2513 680 2545 Flaviano
693 2511 787 2542 dicere
795 2510 874 2542 volo.
903 2507 974 2551 Ipsa
996 2509 1090 2542 verba
1113 2520 1188 2542 acce-

292 2570 345 2606 pit
361 2566 478 2597 Beatus
504 2563 680 2595 Flavianus
693 2582 704 2599 ,
727 2560 761 2593 (ν
769 2565 907 2601 porrexit
914 2560 1037 2600 pitffimo
1059 2563 1188 2600 Impera-

291 2621 353 2647 tori
366 2638 375 2654 ,
401 2614 436 2647 (ἓν
439 2612 546 2654 jubete
557 2615 675 2645 recitari
687 2621 810 2642 manum
833 2607 917 2650 ipfius
933 2634 943 2650 ‚
969 2618 1004 2642 ut
1024 2610 1105 2642 dicat
1127 2614 1189 2642 unt-

295 2663 388 2708 versa
412 2664 559 2703 synodus,
592 2666 664 2705 quia
683 2660 763 2701 juste*
786 2657 986 2703 ficfieptaest.
1021 2658 1189 2696 Orthodo·

297 2725 376 2749 xam
395 2713 625 2757 professionem
643 2710 798 2754 probavit
820 2709 929 2745 omnis
955 2707 1129 2754 Synodus3
1157 2718 1190 2742 at

298 2765 431 2809 gloriosi
446 2764 574 2808 Judices
584 2761 802 2796 addiderunt:
830 2765 892 2795 Cur
914 2771 980 2804 ergo
1001 2761 1190 2794 Flavianum

299 2815 394 2849 beatae
414 2820 562 2847 memoriae
583 2810 765 2855 deposuisti?
795 2811 928 2845 Etenim
951 2810 1132 2844 orientalis
1155 2811 1188 2843 in

300 2865 403 2909 prima
414 2864 580 2899 Phaenicia
594 2862 775 2907 Episcopus
795 2870 862 2894 erat
885 2860 1053 2894 Eustatius
1066 2885 1077 2900 ,
1105 2858 1191 2894 ideo·

303 2926 366 2958 que
377 2914 557 2949 duarumin
569 2914 723 2948 Domino
738 2921 927 2949 naturarum
940 2910 1168 2954 professionem
1183 2935 1192 2950 ,

303 2976 360 3010 per
381 2964 610 2998 Anteceffores
621 2964 694 2998 suos
715 2962 733 2996 ὲ
746 2956 1004 3004 SanstoCyrillo
1025 2963 1193 3000 exactam,

304 3025 375 3049 non
387 3024 533 3057 potuerat
543 3015 608 3048 sine
621 3012 751 3058 speciali
763 3011 900 3046 crimine
913 3010 1069 3045 damnare
1082 3035 1087 3042 .
1102 3009 1194 3044 Hinc

304 3064 476 3101 humiliter
486 3065 627 3107 reposuit
638 3078 649 3098 .·
675 3066 799 3096 Erravi
811 3087 818 3094 .

355 3114 506 3149 Ventum
519 3115 562 3147 est
574 3114 615 3148 ad
626 3113 733 3147 Sancti
749 3111 900 3147 Flaviani
912 3111 951 3145 de
965 3111 1107 3145 recitatis
1118 3111 1197 3146 san-

304 3166 348 3200 &i
361 3164 483 3209 Cyrilli
496 3163 651 3207 Epistolis
663 3163 845 3205 judicium,
873 3174 942 3205 quo
963 3162 1042 3195 duas
1065 3161 1099 3194 in
1125 3161 1196 3194 Do-

305 3218 401 3250 mino
411 3213 664 3255 naturas&ipse
674 3214 778 3246 fuerat
801 3213 956 3255 professus
971 3237 980 3253 ‚
1006 3212 1040 3245 δε
1062 3212 1194 3256 gloriosi

307 3265 435 3309 Judices
448 3266 522 3299 sunt
536 3262 723 3298 interlocuti
738 3276 747 3294 :
775 3264 868 3304 ‚Quod
885 3263 988 3295 dicunt
999 3263 1197 3302 reverendiffi-

307 3322 349 3349 mi
362 3314 527 3357 Episcopi?
555 3314 643 3347 Itan?
653 3319 804 3353 exponens
821 3310 1037 3354 fidemsandlae
1049 3319 1197 3345 memoriae

309 3367 482 3401 Flavianus
493 3364 687 3398 orthodoxam
697 3362 731 3395 Θ·
740 3360 912 3395 catholicam
921 3363 1089 3405 religionem
1093 3360 1197 3405 salva-

307 3421 377 3454 vit,
400 3426 442 3459 an
461 3420 575 3447 erravit
597 3420 629 3446 in
649 3412 711 3446 ea?
738 3412 818 3445 Haec
839 3411 884 3445 est
910 3412 1001 3445 enim
1024 3412 1197 3455 professio,

307 3464 399 3508 cujus
433 3464 527 3497 causa
554 3463 648 3495 illurn
674 3462 723 3495 uti
751 3461 934 3495 haereticum
963 3462 1197 3496 Nestorianum

307 3515 478 3551 damnavit
513 3512 723 3548 latrocinium
759 3512 959 3555 Ephesinum
977 3537 984 3545 .
1013 3511 1198 3556 Respondit

975 164 1448 209 ArveNnrx

1254 242 1331 277 vero
1342 243 1479 278 Sanetus
1490 244 1697 284 paschasinus
1707 273 1718 290 ‚
1743 251 1905 288 Romanae
1919 251 2067 290 Ecclesiae
2091 255 2152 292 Vi-

1254 294 1404 328 carius&
1415 294 1577 339 Legatus:
1601 299 1733 340 sande,
1756 304 1916 349 &integr-e*
1930 330 1940 346 ‚
1962 307 1997 340 ὠ·
2008 305 2150 342 catholice

1255 342 1390 387 exposuit
1407 343 1505 380 beata·
1535 349 1746 383 recordationis
1769 353 1944 390 Flavianus
1957 381 1965 389 .
1992 358 2148 399 siquidem

1253 397 1318 438 eJ'us
1327 394 1400 437 fidei
1408 394 1545 439 expositio
1565 398 1790 440 cumbeatffmi
1807 410 1897 447 atque
1917 406 2066 449 Apostoli&
2084 407 2150 442 viri

1255 447 1352 488 Papa
1362 448 1490 479 Romani
1511 447 1644 490 Epistola
1667 451 1841 484 concordat.
1868 453 2001 500 Etejus
2020 456 2149 501 collega,

1256 494 1438 533 Lucentius
1453 496 1638 542 Episcopus
1651 499 1851 535 Esculanus:
1876 505 2150 551 ,Quomamsam‘lae

1254 550 1402 581 memoria
1414 547 1564 582 Flaviana·
1570 548 1650 591 fides
1658 551 1815 584 concordat
1827 561 1894 587 cum
1907 555 2064 596 Apffloltea
2079 556 2150 602 sede

1255 597 1290 631 Θ
1317 599 1447 631 Parrum
1465 598 1626 635 traditione
1639 624 1650 641 ‚
1682 599 1889 645 sententiam,
1924 615 1987 646 qua
2007 607 2088 640 illum
2108 607 2149 641 ab

1257 645 1405 680 baereticis
1420 646 1529 687 constat
1545 649 1598 694 effe
1607 651 1787 685 damnatum
1802 677 1813 693 ,
1835 658 1870 687 in
1882 664 1927 686 eos
1940 661 2102 699 retorqueri
2126 658 2149 690 ἃ

1250 694 1358 740 fanda
1375 697 1485 735 synodo
1503 700 1604 743 necesse
1615 700 1671 740 est.
1692 701 1801 748 .Qod
1823 702 1929 746 ipsum
1953 706 2150 742 censuerunt

1258 747 1437 782 Anatolius
1450 747 1842 796 Constantinopolitanus
1854 777 1867 795 ,
1893 754 2065 789 Maximus
2077 754 2147 796 An?

1254 796 1451 838 tiochenus,
1487 796 1675 836 Thalamus
1712 802 1917 838 Caesareensis
1937 829 1949 846 ‚
1980 804 2145 841 Eusebius

1260 846 1460 891 Ancyranus
1473 870 1484 889 ,
1520 848 1690 886 Eustatius
1725 852 1913 898 Berytensis
1932 879 1944 896 ,
1980 856 2150 899 juvenalis

1256 898 1522 943 Hierosolymae,
1548 899 1667 936 Petrus
1697 902 1976 946 Corinthiorum,
2013 905 2150 953 Qintir

1254 949 1316 987 lius
1343 949 1589 990 Heracleensis,
1613 952 1730 991 Zozon
1746 953 1994 999 Philippensis,
2031 958 2066 990 ἀ
2091 955 2150 990 alii

1254 999 1470 1046 longeplures
1495 999 1673 1046 Episcopi,
1697 1005 1901 1039 transeuntes
1929 1006 1972 1041 ad
1991 1006 2148 1048 alteram,

1255 1050 1288 1084 in
1300 1061 1364 1095 qua
1374 1049 1564 1097 Orientales
1585 1052 1751 1088 Dioscoro
1769 1053 1890 1091 adversi
1913 1054 2063 1096 stabant,
2090 1057 2151 1099 sy-

1255 1100 1335 1136 nodi
1349 1109 1471 1144 partem
1484 1124 1494 1141 ,
1522 1102 1726 1146 postulantes
1744 1114 1853 1139 tamen
1865 1106 1974 1140 Sansti
1998 1106 2150 1140 Flaviani

1256 1151 1485 1195 profeffionem
1499 1152 1630 1194 plenam
1642 1152 1684 1188 ad
1707 1154 1807 1189 fidem
1819 1156 1922 1199 usque
1943 1155 2031 1201 legi.
2057 1156 2151 1200 Juve-

1257 1201 1339 1236 nalis
1351 1212 1418 1236 erat
1431 1202 1614 1238 Orientalis
1625 1203 1828 1248 Episcopus:
1855 1206 1927 1241 Cur
1936 1217 2016 1251 ergo
2039 1206 2073 1240 in
2085 1206 2152 1242 alia

1253 1253 1270 1285 ὲ
1293 1251 1443 1296 Collegis
1466 1262 1557 1295 parte
1575 1252 1707 1290 stabat?
1735 1254 1839 1303 Quod
1864 1255 1907 1291 ab
1931 1254 2149 1291 Antiochem

1257 1302 1327 1336 sede
1340 1303 1370 1336 se
1387 1302 1574 1346 separasset,
1599 1304 1635 1339 &
1660 1304 1682 1339 ἔτ
1706 1301 1770 1338 suis
1796 1305 2066 1341 Antecefforibus
2083 1317 2150 1341 ere·

1254 1355 1340 1386 &um
1355 1353 1599 1397 Hierosolymae
1621 1354 1861 1390 schismaticum
1884 1355 2148 1391 Patriarchatum

1252 1405 1345 1437 omni
1355 1413 1478 1437 conatu
1489 1412 1715 1442 manuteneret
1731 1429 1738 1437 .
1767 1405 1932 1440 invaserat
1957 1405 2039 1440 duas
2063 1403 2151 1441 Phae-

1253 1453 1355 1488 nicias
1370 1466 1378 1488 ι
1404 1453 1497 1487 Hinc
1511 1453 1559 1492 illi
1573 1453 1739 1490 Eustatius
1754 1455 2146 1499 Berytensisadhaerebatz

1254 1503 1300 1538 lta
1313 1515 1394 1548 ergo
1409 1503 1727 1547 infigniterdeficere
1738 1507 1840 1549 coepit
1852 1506 2008 1542 Dioscori
2023 1507 2147 1549 factio,

1254 1554 1288 1587 in
1299 1564 1398 1596 quam
1409 1553 1564 1598 Episcopi
1579 1553 1767 1589 orientales
1784 1555 2009 1591 exclamarunt
2023 1569 2031 1589 :
2059 1551 2148 1590 Marss

1251 1612 1295 1642 tyr
1307 1604 1481 1640 Flavianus
1500 1601 1593 1645 fidem
1618 1603 1691 1638 ben?
1713 1604 1867 1647 exposuit.
1894 1604 1946 1640 At
1962 1606 2149 1641 Dioscorus

1254 1653 1444 1694 intercessit:
1474 1657 1629 1697 Legamus
1638 1655 1753 1698 reliqua
1765 1657 1830 1696 ejus
1841 1655 1938 1690 verba
1948 1679 1959 1697 ,
1985 1657 2020 1690 ῤ’
2034 1654 2076 1698 fic
2089 1653 2149 1700 refi-

1248 1704 1399 1745 pondebo,
1438 1701 1682 1748 Insequentibus
1706 1712 1786 1738 enim
1809 1711 1967 1740 invenitur
1994 1704 2029 1751 se
2049 1712 2147 1749 impu·

1246 1766 1368 1798 gnans,
1393 1756 1428 1789 Θ
1447 1756 1550 1788 dicens
1571 1754 1634 1797 pist
1656 1755 1870 1790 adunationem
1895 1757 1976 1790 duas
1998 1765 2145 1790 nauseas.

1252 1803 1406 1846 Manifeste*
1427 1806 1492 1838 ideo
1504 1805 1669 1838 damnatus
1686 1804 1743 1846 est„
1770 1808 1837 1849 Ego
1856 1816 1958 1841 autem
1977 1805 2143 1847 testimonia

1250 1855 1339 1888 babeo
1370 1853 1537 1894 sandiorum
1561 1857 1689 1887 Parrum
1709 1879 1720 1896 ,
1758 1854 1915 1897 athanaſsi
1936 1880 1947 1897 ,
1984 1856 2127 1900 Gregorii
2134 1878 2148 1897 ,

1250 1905 1349 1944 Cyrs'llt'
1361 1910 1393 1938 in
1404 1904 1506 1938 multis
1516 1905 1608 1943 locis,
1634 1909 1706 1947 quia
1730 1917 1787 1938 non
1810 1914 1925 1947 oportet
1947 1907 2043 1939 dicere
2066 1907 2147 1939 duas

1251 1964 1379 1989 naturas
1386 1953 1450 1997 post
1473 1955 1707 1993 adunationem,
1726 1953 1785 1997 sed
1804 1968 1896 1988 unam
1920 1965 2063 1989 naturam
2085 1957 2142 1989 Dei

1251 2005 1338 2038 Verbi
1361 2010 1567 2038 incarnatam.
1595 2007 1661 2047 Ego
1680 2016 1746 2038 cum
1773 2004 1916 2039 Patribus
1942 2007 2060 2047 ejicior.
2082 2008 2150 2049 Ego

1251 2054 1378 2097 defendo
1393 2058 1519 2088 Parrum
1529 2057 1693 2098 dogmata,
1723 2065 1780 2087 non
1802 2053 2009 2099 transgredior
2038 2061 2071 2088 in
2093 2055 2152 2088 att-

1251 2116 1317 2148 quo.
1356 2108 1403 2140 Et
1425 2104 1528 2138 horum
1553 2103 1719 2145 testimonia
1740 2116 1798 2138 non
1818 2105 1996 2148 fimpltciter
2010 2129 2021 2146 ,
2056 2115 2150 2147 neque

1251 2153 1415 2197 sranfitorie*
1425 2179 1435 2194 ,
1461 2153 1520 2199 s'ed
1527 2159 1560 2187 in
1569 2154 1655 2190 libris
1667 2154 1759 2189 habeo
1771 2167 1778 2187 :
1807 2159 1846 2189 Ut
1857 2158 1931 2191 vero
1942 2167 2043 2191 omnes
2051 2162 2148 2198 petie·

1251 2215 1322 2240 runt
1333 2230 1344 2246 ,
1370 2207 1405 2240 (r
1415 2216 1466 2249 ego
1474 2216 1542 2249 rogo
1553 2206 1667 2247 reliqua
1679 2211 1801 2244 recitari
1815 2231 1822 2237 .
2143 2233 2145 2235 .

1301 2256 1566 2300 Propositionem
1587 2255 1703 2296 istam,
1732 2251 1866 2296 Christus
1888 2254 1929 2297 est2
1949 2267 2011 2289 una
2036 2264 2148 2289 natura

1254 2310 1311 2340 Dei
1321 2306 1410 2340 Verbi
1428 2310 1611 2344 incarnata,
1636 2306 1729 2340 fuisse
1754 2307 1793 2343 in
1814 2305 1976 2340 Ecclei'ias
1994 2306 2011 2338 a
2031 2306 2151 2340 Sansto

1254 2355 1435 2390 Athanasio
1449 2356 1614 2390 inductam
1628 2343 1770 2392 infirmit
1779 2357 1876 2390 etiam
1890 2354 2075 2390 Ferrandus
2090 2355 2150 2390 Ec*
2169 2340 2311 2422 {ss'lst7h

1251 2405 1353 2441 clefiae
1363 2405 1629 2450 carthaginensis
1646 2407 1866 2446 Diaconus,in
1880 2405 1999 2440 litteris
2008 2406 2048 2439 ad
2060 2405 2151 2439 Ana·

1252 2457 1372 2491 tolium
1385 2455 1546 2490 Romana·-
1567 2454 1717 2489 Ecclefiae
1728 2456 1918 2497 Diaconum
1933 2479 1946 2495 ,
1958 2455 2047 2499 ajens
2058 2455 2152 2489 indu-

1253 2508 1301 2540 &fi
1312 2505 1480 2540 adversum
1493 2505 1649 2544 Arianos,
1662 2506 1719 2538 suo
1731 2516 1840 2539 autem
1853 2514 2002 2548 tempore
2019 2516 2150 2549 propter

1253 2554 1482 2599 Eutychianos
1505 2553 1598 2589 suiffe
1617 2555 1804 2597 suspestam.
1836 2554 1946 2590 Sanffi
1969 2555 2144 2590 Athanasii

1254 2606 1364 2640 locum
1376 2618 1416 2640 ex
1429 2605 1578 2640 oratione
1589 2605 1630 2639 de
1640 2605 1782 2640 Domini
1797 2605 2034 2639 incarnatione
2043 2604 2145 2641 addu-

1253 2657 1344 2691 citin
1357 2655 1441 2691 libro
1463 2656 1504 2690 de
1527 2657 1627 2693 Sesstis
1646 2656 1809 2690 Leontius
1829 2654 2051 2690 Scholasticus
2079 2655 2146 2698 By-

1253 2708 1407 2742 zantinus
1424 2720 1434 2740 :
1461 2707 1604 2742 Eumdem
1614 2707 1665 2749 effe
1678 2707 1734 2739 Dei
1748 2707 1862 2739 Filium
1871 2711 1987 2739 ratione
1998 2708 2143 2748 spiritus,

1254 2761 1287 2792 ό·
1299 2759 1426 2790 hominis
1441 2757 1556 2790 Filium
1568 2763 1685 2790 tattone
1693 2762 1795 2790 carnis
1807 2781 1814 2788 .
1842 2760 1916 2789 Non
1930 2757 2005 2790 dms
2018 2765 2150 2791 naturas

1254 2819 1342 2842 unum
1354 2807 1436 2842 illum
1449 2807 1562 2840 Filium
1575 2831 1586 2847 ,
1612 2818 1734 2849 quorum
1745 2818 1807 2840 una
1821 2805 1861 2848 fit
1885 2807 2044 2840 adoranda
2055 2829 2066 2846 ,
2092 2818 2150 2840 non

1254 2858 1410 2892 adoranda
1413 2856 1452 2899 fit
1469 2856 1584 2898 altera,
1612 2855 1668 2900 sed
1676 2868 1769 2891 unam
1795 2867 1937 2892 naturam
1958 2860 2017 2890 Det
2042 2859 2153 2890 Serme·

1256 2915 1303 2942 nis
1314 2914 1507 2941 incarnatam
1518 2932 1525 2939 .
1558 2906 1604 2941 At
1617 2907 1683 2951 ipse
1705 2907 1892 2942 constanter
1915 2907 2033 2942 adserit
2052 2907 2148 2951 verba

1256 2958 1313 2992 ista
1337 2959 1371 2992 in
1393 2955 1577 2992 Athanasio
1599 2969 1669 2992 non
1693 2958 1839 3002 reperiri.
1882 2958 1961 2990 Cum
1971 2982 1981 2998 ‚
2019 2957 2152 3000 inquit,

1256 3016 1478 3052 interrogantur
1491 3005 1650 3051 Acephali
1664 3033 1675 3049 ,
1700 3008 1935 3052 propositionis
1955 3007 2046 3041 istius
2066 3016 2150 3040 acere

1258 3059 1331 3092 rimi
1343 3058 1428 3102 quasi
1454 3069 1495 3091 ex
1519 3057 1638 3093 Sansto
1659 3057 1844 3094 Athanasio
1865 3056 2049 3092 defensores
2059 3081 2066 3088 .
2093 3053 2149 3089 Ubi

1260 3109 1372 3146 dic¹7um
1383 3107 1433 3140 boc
1443 3106 1536 3146 exstet
1549 3132 1560 3149 ,
1586 3119 1639 3142 nec
1649 3111 1712 3149 qius
1723 3108 1893 3149 ostendendi
1906 3113 2018 3150 copiam
2027 3103 2147 3144 babent,

1258 3165 1290 3191 in
1305 3158 1422 3191 arcium
1433 3158 1524 3191 coac‘ii
1533 3183 1543 3198 ,
1565 3158 1702 3200 pufillam
1712 3161 1877 3202 quamdam
1884 3163 2042 3191 orationem
2047 3153 2149 3196 profir—

1258 3218 1331 3242 runt
1342 3208 1426 3251 quast
1437 3209 1560 3241 duorum
1566 3207 1708 3250 foliorum
1719 3232 1730 3248 ‚
1754 3215 1787 3242 in
1806 3221 1866 3251 qua
1876 3207 1927 3240 boc
1947 3205 2057 3238 didam
2077 3205 2150 3248 legi-

1258 3268 1307 3292 tur
1319 3284 1326 3290 .
1355 3263 1394 3292 At
1406 3270 1507 3293 notum
1518 3257 1557 3298 (β
1566 3258 1709 3301 universis
1721 3284 1732 3299 ‚
1756 3264 1857 3292 omnia
1870 3255 1972 3290 sancti·
1998 3251 2149 3296 Athanasii

1264 3318 1353 3353 opera
1364 3310 1458 3343 valde
1468 3320 1580 3352 magna
1591 3310 1642 3352 effe
1654 3335 1661 3342 .
1689 3309 1808 3343 Pusilla
1818 3306 1880 3341 ista
1891 3305 2032 3339 duorum
2053 3305 2151 3339 folio·

1260 3372 1331 3394 rum
1345 3360 1453 3394 oratio
1466 3360 1593 3393 videtur
1603 3360 1666 3394 esse
1687 3360 1795 3393 oratio
1816 3357 1857 3390 de
1878 3355 2022 3389 Domini
2043 3355 2151 3389 Incar-

1262 3410 1396 3444 natione
1407 3409 1560 3444 adversus
1574 3409 1714 3443 Paulum
1725 3406 1981 3442 Samosatensem
1993 3430 2004 3446 ,
2027 3405 2062 3438 in
2085 3416 2149 3449 qua

1260 3472 1358 3495 voces
1372 3459 1435 3493 istae
1445 3459 1552 3493 revera
1572 3470 1641 3492 non
1661 3457 1880 3500 reperiuntur.
1908 3455 2020 3500 Pergit
2044 3456 2151 3490 Leon-

1262 3512 1326 3545 tius
1341 3523 1352 3544 .-
1379 3514 1499 3545 Primus
1511 3513 1590 3543 inter
1600 3506 1773 3541 orthodoxos
1786 3506 1914 3546 cyrillus
1934 3507 2062 3549 protulit
2085 3516 2145 3542 ven

2030 3556 2100 3590 bum
