2340 3736
69 2458 142 2496 Cap.
154 2466 197 2487 ιο.

670 77 732 106 DE
769 74 991 120 QUINTA
1026 60 1266 105 SYNono
1299 73 1326 102 G
1344 72 1615 102 curnam.

227 145 649 192 'domm-Mopsueste'num
664 145 787 188 Scripta
799 145 831 178 δε
845 145 981 177 Decreta
993 169 1004 184 ‚
1030 145 1065 177 δε
1089 155 1129 178 ex

242 198 466 242 Synodijuffu
488 194 632 239 primum
655 194 734 238 legit
756 195 827 228 loca
847 195 933 228 varia
960 205 1001 228 ex
1023 195 1126 228 Sant‘ti

242 247 366 291 cyrini
378 243 572 280 Patriarchae
585 242 804 278 Alexandrini
827 242 915 277 libris
928 268 938 284 ,
965 242 1061 278 editis
1080 244 1126 278 di·

236 299 323 332 ferte
332 292 726 330 adversusTheodorum.
754 293 958 337 Culpatistic
980 294 1127 337 Cyrillus

241 347 349 381 varias
375 345 442 387 ejus
463 342 722 388 propolitiones,
749 345 919 386 praesertim
940 341 1016 376 has:
1045 347 1127 376 Deus

240 395 368 430 verbum
391 394 428 433 est
449 396 609 427 dumtaxat
630 392 748 435 abufiv&
767 394 869 435 bmno3
897 397 988 425 Homo
1009 391 1128 434 adsum·

238 454 311 488 ptus
334 444 371 483 est
393 443 457 487 sola
474 450 596 487 gratia,
623 455 679 476 non
692 451 798 476 natura
807 446 908 482 Deus3
937 446 1009 473 Non
1020 445 1126 481 Deus,

232 493 295 538 -sed
295 493 376 536 solus
394 494 474 526 homo
489 494 526 533 est
539 503 630 526 natus
654 495 671 527 ἑ
682 497 801 536 Virgine
813 517 823 532 ,
849 490 1006 532 crucifixus
1016 513 1027 529 ,
1053 502 1127 523 mor-

243 553 315 578 tuus
330 570 340 584 ,
367 547 385 576 ci
398 542 673 586 mortesuscitatus3
700 542 811 574 5aendla
820 544 906 584 Virgo
925 553 981 572 non
993 539 1031 580 est
1057 544 1127 575 Del·

237 601 326 636 para
337 620 346 634 ‚
375 596 453 636 quod
464 593 608 626 hominem
627 597 782 635 genuerit,
809 602 865 623 non
879 594 991 623 Deum.

296 643 430 677 Exinde
450 643 547 676 letius
566 642 611 674 est
632 639 761 674 libellus
781 640 898 673 Sant‘to
931 639 1050 674 Proclo
1069 640 1127 674 Pa-

242 692 392 727 trizrchae
402 689 770 732 Constantinopolitano
781 689 799 722 a
812 688 942 731 majoris
952 689 1127 730 Armeniae,

242 743 408 782 Persidis,
432 741 657 774 &vicinarum
676 740 823 783 gentium
845 740 1016 782 Episcopis
1039 740 1129 774 exhi-

243 792 471 829 bitus-contra
492 788 710 823 Theodorum
723 812 734 828 ,
761 791 913 822 accusans
933 789 973 822 de
993 790 1124 823 multis.

240 841 386 881 Primo,
410 839 499 883 quod
519 839 596 873 esset
615 837 719 872 homo
732 839 880 882 pestifer,
904 839 970 872 fera
990 837 1126 872 diaboli-

234 897 323 926 cam
332 890 477 924 hominis
490 890 628 923 formam
647 889 681 923 ὅ(
702 900 839 922 vacuum
862 888 1015 932 Episcopi
1039 887 1124 923 sche÷

239 938 463 980 imitaberis,
489 938 618 972 latitans
630 938 665 970 iri
687 940 824 973 obscuro
835 938 923 971 orbis
943 937 1043 978 loco,
1069 938 1124 973 vili

235 988 370 1033 oppido
381 987 523 1023 secundce
544 988 691 1028 Ciliciae,
716 987 913 1022 descendens
931 987 950 1021 ὲ
972 986 1125 1032 dogmate*

235 1039 597 1073 LPauliSamosatenfis.
623 1037 867 1080 Secundoquod
890 1036 1029 1072 Photini
1053 1038 1154 1080 Syr·

245 1089 378 1124 mienfis
390 1089 425 1122 in
437 1089 572 1132 Illyrico
583 1088 789 1131 Episcopi&
799 1088 938 1121 aliorum
962 1088 1126 1123 Haerefiar·

236 1137 382 1173 charum
393 1138 500 1173 verbis
508 1140 582 1173 usus
593 1139 733 1173 fueritin
758 1138 821 1171 suis
833 1137 957 1181 scriptis
967 1162 977 1178 ,
1003 1139 1036 1171 ὃ(
1046 1137 1126 1181 dog·

235 1190 399 1224 matasua
409 1188 527 1222 exillis
537 1189 768 1223 confirmasset.
797 1187 940 1227 Tertio,
962 1187 1055 1231 quod
1082 1188 1125 1219 vi·⁸

229 1239 403 1278 samsuum
425 1238 569 1282 spargere
591 1239 725 1278 volens,
750 1238 1014 1279 Mopsuessieniis
1035 1237 1126 1279 oppi-
1152 1255 1154 1259 ·

234 1286 317 1321 duni
338 1286 486 1331 angustia
507 1299 575 1321 non
602 1288 699 1321 fuerit
719 1296 917 1323 contentus,
942 1284 995 1319 sed
1013 1295 1125 1319 contra

232 1335 403 1371 ⁴Carnutes
413 1336 616 1380 praedicatum
627 1337 739 1370 abierit
753 1335 794 1370 ad
805 1337 927 1369 alienas
936 1334 1103 1378 parochias
1115 1359 1125 1375 ,

237 1387 422 1430 ’ptaesertim
441 1386 692 1420 patriarchalem
723 1386 888 1421 civitatem
909 1396 1034 1429 magnae
1055 1384 1125 1417 An-

234 1435 394 1471 timchiae.
421 1437 567 1482 Qum,
593 1437 682 1480 quod
701 1436 774 1469 istic
796 1437 1002 1478 adsumptum
1025 1435 1126 1469 homi-⁴

237 1496 326 1520 mam
349 1486 410 1519 effe
420 1486 530 1519 Deum
552 1497 692 1530 negans,
720 1486 753 1520 &
779 1487 925 1519 Sanctam
954 1485 1126 1529 Virginem

234 1546 318 1578 ¹neon
329 1538 392 1570 elie
404 1537 579 1579 Deiparam
600 1536 619 1568 ὸ
639 1535 788 1580 suggestu
810 1534 991 1574 blaterans,
1018 1533 1127 1574 Eccle-

241 1585 327 1619 fi-am
347 1584 438 1618 illam
471 1586 650 1626 scandalis,
688 1584 822 1623 litibus,
860 1585 999 1618 scissuris
1020 1584 1127 1627 imple-

236 1635 333 1674 ?‘verit
346 1659 356 1674 ‚
385 1633 878 1678 ideoquealoannePatriarcha
899 1635 995 1668 fuerit
1017 1633 1057 1668 ad
1077 1645 1128 1677 pa·
1151 1664 1154 1669 ,

238 1683 411 1721 ΞΙίιωάἰαῐη
425 1686 624 1726 compulsus.
652 1685 800 1731 Qtintdm
827 1685 915 1728 quod
926 1695 1052 1718 venena
1063 1683 1127 1717 ha'tc

231 1734 413 1774 <vomuerit
424 1733 481 1766 sub
491 1733 564 1768 fuco
574 1734 740 1768 evertendi
761 1734 857 1773 Arii,
884 1734 1067 1773 Eunomii,
1091 1745 1128 1766 ac

238 1782 473 1825 ,Apollinum
503 1794 602 1826 atque
613 1783 657 1816 ita
671 1782 850 1826 simplicem
870 1783 994 1825 plebem
1013 1782 1127 1816 doloso

244 1829 350 1866 {lamo
363 1833 551 1875 captivarit.
578 1831 697 1871 Sexto,
720 1832 812 1874 vquod
835 1843 914 1867 tunc
937 1831 1127 1866 Nestorium

232 1881 400 1915 *Ecclefiae
432 1881 652 1916 Antiochense
673 1882 899 1924 Presbyterum
921 1882 1127 1923 instruxerit,

237 1931 511 1969 'seduxerinsibi
524 1932 708 1976 colligarit.
735 1934 827 1966 Hinc
851 1932 978 1966 libellus
998 1933 1127 1965 conclu·

241 1981 302 2014 dit
323 1981 355 2014 ὅ(
372 1992 488 2023 rogat,
514 1992 550 2016 ut
561 1982 695 2015 Procius
718 1981 909 2025 Ephelinam
932 1981 1126 2024 synodum,

244 2041 323 2072 qua:
354 2029 542 2063 Nestorium
573 2029 780 2074 degradavit,
808 2032 950 2064 imitatus
976 2032 1127 2075 dignetur

246 2079 352 2117 etiam
375 2078 461 2113 illius
481 2078 669 2124 magistrum
689 2082 722 2113 ὅ(
738 2082 861 2114 fontem
882 2080 1103 2115 Theodorum
1117 2107 1126 2122 ,

244 2128 319 2173 line
330 2131 474 2171 expresso
494 2130 631 2164 nomine
651 2129 715 2172 jam
741 2130 833 2165 antea
851 2131 1102 2164 condemnatum
1116 2156 1125 2170 ,

241 2188 339 2211 nunc
351 2179 549 2213 nominatim
570 2180 788 2214 condemnare
801 2205 810 2219 ,
837 2181 869 2213 δε
883 2180 1126 2214 condemnatio-

247 2227 303 2261 nis
314 2228 505 2262 sententiam
517 2229 668 2263 omnibus
689 2241 744 2273 per
764 2230 890 2273 Syriam
922 2231 954 2264 δε
974 2230 1125 2265 Ciliciam

247 2276 402 2311 Ecclefiis
416 2279 584 2312 notificare
600 2304 608 2311 .

299 2326 406 2361 Addit
421 2326 576 2362 Actorum
587 2329 803 2371 Synodalium
823 2328 996 2373 Digestor:
1026 2332 1126 2365 Porre-

246 2376 299 2410 c'la
305 2375 379 2419 fimt
389 2378 423 2410 (τ’
436 2385 528 2420 impla
541 2380 672 2420 capitula
690 2391 727 2412 ex
740 2378 882 2411 Theodori
904 2378 1042 2413 codicibus
1055 2384 1125 2412 Pro-

246 2428 292 2470 clo
301 2427 340 2459 ab
353 2431 517 2467 Armentis,
542 2440 664 2470 quorum
685 2430 777 2462 multa
797 2435 828 2461 in
852 2438 923 2463 ante
944 2430 1016 2462 latis
1037 2437 1124 2462 conti-

248 2485 367 2511 nentur.
395 2478 476 2523 Qiae
487 2478 598 2510 omnia
614 2478 675 2511 late
698 2479 731 2510 in
754 2478 954 2512 Nestorianae
974 2491 1012 2513 ac
1024 2479 1124 2522 Euty-

248 2525 373 2560 chianae
397 2524 548 2560 haereseos
560 2526 726 2560 Breviario
747 2528 838 2561 refert
849 2528 1040 2569 Liberatus,
1065 2529 1125 2563 Ec-

248 2575 348 2610 clessae
362 2575 628 2620 Carthaginenfis
641 2576 925 2611 Archi-Diaconus
936 2602 946 2617 ‚
959 2580 1123 2612 insinuans

248 2625 394 2669 palmare
425 2626 600 2668 capitulum
622 2626 732 2660 fuisse:
759 2631 841 2659 Unus
864 2629 880 2661 ἑ
900 2628 1008 2660 Sam‘la
1030 2631 1124 2660 Trini-

247 2683 314 2708 tate
335 2684 392 2707 non
412 2675 449 2715 est
471 2676 640 2718 crucifixus.
667 2676 760 2709 Hinc
773 2679 860 2709 enim
875 2678 907 2710 in
933 2678 990 2710 suo
1011 2677 1121 2710 adAr-

243 2724 375 2758 menios
406 2725 556 2768 rescripto
588 2736 680 2759 torno
714 2726 800 2759 illius
836 2726 1119 2760 contradictorium

243 2774 384 2808 Procius
395 2775 519 2809 strenue
532 2775 695 2809 defendit.
722 2777 764 2809 Et
777 2777 861 2809 tomi
882 2776 967 2810 illius
979 2775 1119 2818 quaedarn

246 2822 303 2858 hic
315 2823 357 2858 ad
368 2825 538 2866 Synodum
552 2826 640 2858 fuere
654 2826 732 2859 lecta
747 2851 754 2856 .

297 2875 395 2907 Lena
416 2874 493 2908 item
517 2875 561 2909 est
584 2876 690 2909 Sanffi
715 2874 833 2918 Cyrilli
855 2875 895 2909 ad
917 2876 1118 2918 Lamponem

244 2923 475 2965 Presbyterum
498 2923 661 2967 Epistola,
689 2925 865 2959 Orientalis
883 2925 1024 2959 dioecelis
1047 2927 1120 2970 Epi-

239 2976 360 3016 scopos
381 2972 459 3007 dure
481 2975 629 3008 accusans
653 2975 695 3009 de
713 2976 844 3009 multis.
872 2974 1007 3016 Primo,
1033 2976 1118 3019 quod

239 3023 393 3057 Nestorii
409 3035 528 3057 nomen
541 3034 683 3059 tacentes
697 3048 708 3063 ‚
733 3025 904 3059 &aversari
918 3026 1120 3066 simulantes,

240 3074 421 3108 retinerent
434 3074 554 3118 dogma
570 3098 580 3113 ,
604 3074 701 3117 idque
710 3085 751 3108 ex
763 3073 949 3115 Theodori,
976 3077 1031 3119 qui
1056 3075 1122 3109 Ne-

242 3123 334 3157 storii
358 3124 509 3168 magister
529 3123 648 3163 fuerat,
671 3123 783 3163 libris,
821 3124 1016 3158 habentibus
1043 3124 1119 3159 blas-

244 3172 390 3216 phemias
414 3173 617 3206 Nestorianis
650 3174 801 3215 majores.
840 3174 1007 3214 Secund&
1031 3176 1119 3218 quod

248 3223 407 3265 loannem
428 3222 615 3257 Antiochia:
637 3222 857 3257 patriarcham
875 3224 1008 3267 desuper
1019 3226 1123 3258 omni·

246 3270 296 3306 1ιό
316 3274 512 3312 monuisset,
548 3273 597 3306 sed
621 3271 751 3306 frustra:
789 3273 922 3307 Etenim
955 3274 1124 3309 Maximus

246 3320 387 3362 eiusdem
420 3322 564 3357 Ecclefiae
586 3321 793 3365 postmodum
813 3322 1015 3363 Patriarcha,
1044 3333 1122 3357 tunc

248 3371 418 3405 Diaconus
428 3372 461 3415 ὃς
475 3372 759 3406 Archi-Mandrita
770 3396 780 3411 ,
800 3372 907 3415 palam
918 3373 1124 3408 Alexandriae

350 3420 453 3461 christ.
472 3425 547 3464 Lupi
561 3427 647 3464 Oper.
661 3425 781 3455 Tom.H.

727 3491 735 3540 l

1906 60 2000 120 187

1190 141 1319 185 questus
1331 140 1376 174 est
1402 139 1599 174 orthodoxis
1616 141 1686 176 istic
1699 142 1823 178 nullutn
1849 143 1958 179 locum
1981 146 2042 179 este
2057 169 2069 187 ,

1189 201 1248 225 nec
1271 190 1425 225 fiduciam
1447 190 1600 234 loquendi
1632 193 1673 226 de
1704 195 1785 227 resta
1808 192 1887 228 fide.
1927 195 2067 235 Tetrici,

1189 241 1279 285 quod
1302 240 1476 276 Nicaenum
1486 239 1680 282 Symbolum
1699 243 1889 286 nequiffime
1911 245 2068 288 interpre-

1187 300 1354 332 tarentur,
1378 299 1476 335 atque
1495 288 1570 323 ideo
1592 289 1677 324 illius
1697 291 1917 328 orthodoxam
1944 295 2067 336 exposi-

1188 342 1336 380 tionem,
1360 350 1528 375 extantem
1540 341 1573 372 in
1585 341 1676 373 tertia
1689 351 1776 382 parte
1797 340 1954 387 Ephefini
1975 342 2065 377 Con-

1186 390 1254 425 cilii
1266 410 1276 429 ‚
1300 389 1341 425 ad
1351 389 1492 433 ejusdem
1505 389 1646 423 Maximi
1661 401 1766 432 preces
1775 390 2018 435 conscripsisset.

1236 441 1334 475 Lesta
1360 450 1490 485 quoque
1508 438 1554 474 est
1585 437 1727 481 ejusdem
1761 439 1881 484 'Cyriili
1913 441 1955 475 ad
1980 441 2064 476 Aca-

1186 491 1275 524 cium
1299 490 1458 524 Melitinae
1479 491 1513 524 in
1536 488 1675 523 secunda
1698 488 1873 530 Armenia,
1899 490 2061 526 Theodo-

1186 551 1255 576 rum
1278 539 1421 583 Ancyrae
1432 541 1466 574 in
1478 540 1581 583 prima
1594 538 1747 578 Galatia»,
1774 539 1807 572 ὅ(
1828 540 1973 574 Firmum
1996 540 2064 575 Cae-

1188 591 1278 623 sareae
1289 590 1324 623 in
1337 590 1439 632 prima
1453 588 1659 633 Cappadocia
1684 586 1979 633 Archi-Episcopos
1990 591 2067 634 Epi-

1187 638 1291 678 stola,
1329 639 1514 674 Orientales
1546 639 1725 682 Episcopos
1756 638 1866 673 denuo
1894 641 2065 681 accusans,

1186 687 1274 731 quod
1284 687 1437 722 deflorata
1459 701 1498 723 ex
1511 688 1694 723 Theodori
1714 687 1886 723 codicibus
1902 687 2044 730 capitula
2053 713 2065 728 ‚

1187 740 1204 772 ὲ
1227 739 1345 772 Sancto
1358 738 1477 772 Proclo
1491 741 1524 772 in
1547 739 1699 781 rescripto
1714 737 1756 771 ad
1776 737 1954 772 Armenios
1972 744 2065 773 tomo

1187 786 1452 822 anathematizari
1470 789 1550 831 *jussa
1563 812 1574 828 ,
1604 786 2065 826 anathematizarenoluerint,

1187 838 1334 872 dicentes
1351 849 1402 873 ex,
1416 838 1474 872 tali
1494 836 1700 871 anathemate
1718 836 1934 871 derivandam
1961 846 2068 869 maeu-

1189 888 1252 922 lam
1263 888 1367 922 etiam·
1379 887 1422 922 ad
1436 888 1569 922 Sanetos
1588 887 1720 927 Patres,
1743 885 1983 926 Athanasium,
1998 885 2069 920 -Ba-

1187 938 1315 976 silium,
1341 938 1530 982 Gregorios·
1537 936 1790 971 Nazianzenum
1808 938 1846 971 δι
1854 936 2064 979 Nyssenum,

1188 986 1447 1030 Theophiium,
1481 989 1518 1022 8(-
1550 987 1730 1031 reliquos,
1755 987 1812 1030 qui
1848 985 1965 1053 similia
1990 994 2068 1048 cum

1188 1036 1583 1072 Theodorodoeuissent.

1237 1087 1388 1120 Lestaest
1410 1088 1443 1121 ὅ(
1462 1087 1601 1129 ejusdem
1622 1086 1742 1130 Cyrilli
1766 1084 1917 1130 Epistoia
1922 1085 1965 1120 ad
1975 1085 2064 1122 Rab-

1189 1134 1298 1169 bulam
1327 1135 1522 1170 Edeffenum
1542 1137 1757 1179 Episcopum,
1793 1135 1971 1171 Osrhoenae
1991 1136 2070 1170 Pro-

1188 1185 1301 1219 vinciae
1320 1186 1590 1229 Metropolitam,
1618 1186 1711 1220 illum
1736 1187 1869 1221 laudans
1890 1187 1936 1220 uti
1949 1185 2069 1219 Orien-

1187 1235 1261 1268 talis
1280 1235 1449 1269 dioeoeseos
1458 1236 1647 1270 columnam
1668 1237 1702 1270 &
1714 1237 1856 1270 veritatis
1881 1236 2067 1270 firmamen-

1188 1295 1280 1324 tum,
1306 1286 1584 1328 utpotequ‘isolus
1607 1285 1677 1318 istic
1695 1285 1909 1330 Collegarum
1933 1286 2064 1319 suorum

1152 1358 1153 1361 ,
1191 1336 1336 1378 pravitati
1349 1335 1495 1369 adversius
1505 1345 1704 1379 expugnaret
1723 1336 1882 1370 veraciter
1904 1334 2070 1369 Nestori:-

1192 1395 1267 1418 nam
1280 1382 1430 1426 haeresm,
1455 1383 1681 1429 procedentem
1706 1395 1747 1418 ex
1767 1384 1875 1419 radice
1895 1384 1964 1427 ejus
1977 1407 1988 1422 ,
2012 1383 2067 1427 qni

1189 1433 1229 1468 de
1240 1434 1360 1469 Cilicia
1370 1445 1457 1474 erat,
1472 1435 1518 1468 “ni
1539 1434 1610 1475 est,
1634 1433 1828 1468 Theodori.
1856 1434 1925 1467 Hic
1948 1434 1993 1467 est
2013 1434 2069 1466 ille

1191 1483 1381 1524 Rabbulas,
1405 1495 1501 1528 quem
1516 1485 1674 1518 successor
1684 1485 1756 1519 lbas
1768 1486 1864 1518 vocat
1875 1484 1937 1517 suae
1957 1483 2070 1517 civita-

1190 1535 1231 1568 tis
1252 1545 1449 1576 tyrannum,
1474 1535 1617 1577 dumque
1639 1543 1754 1574 notat,
1781 1533 1871 1577 quod
1899 1533 2005 1577 palam
2031 1533 2068 1567 ἔτι

1195 1585 1334 1618 Ecclesia
1348 1583 1569 1619 Theodorum
1580 1582 1876 1617 anathematizasset
1886 1607 1894 1615 .

1240 1634 1334 1668 Ledla
1345 1634 1388 1667 est
1401 1632 1542 1677 ejusdem
1557 1634 1713 1667 Rabbulae
1735 1634 1779 1667 ad
1788 1634 1939 1675 Sannum
1959 1632 2072 1675 Cyril·

1192 1684 1259 1717 lum
1273 1684 1440 1727 Epistola,
1465 1682 1657 1717 Nestorium
1675 1685 1708 1717 δε
1729 1683 1948 1716 Theodorum
1976 1694 2070 1717 accu-

1192 1735 1262 1767 sans
1275 1734 1318 1767 de
1329 1735 1420 1767 vario
1432 1734 1603 1767 communi
1616 1733 1771 1778 dogmate
1784 1758 1794 1769 a
1818 1733 1933 1766 Primo
1945 1757 1956 1772 ‚
1979 1732 2068 1776 quod

1191 1785 1272 1817 inter
1292 1784 1430 1818 Domini
1444 1794 1572 1817 naturas
1596 1783 1942 1817 unionemsecundt‘tm
1965 1782 2072 1825 hypo-

1191 1834 1281 1868 stafin
1295 1833 1422 1875 penitus
1434 1835 1651 1867 aversarentur
1663 1858 1670 1864 .
1683 1853 1685 1858 ι
1697 1832 1845 1867 Secundo
1858 1857 1869 1872 ‚
1887 1833 1976 1876 quod
1991 1833 2070 1866 San-

1189 1886 1270 1917 stam
1283 1884 1456 1928 Virginem
1471 1893 1625 1927 negarent
1636 1884 1698 1916 effe
1710 1883 1888 1926 Deiparam
1899 1906 1906 1913 .
1932 1882 2069 1922 Tertio,

1189 1935 1276 1977 quod
1298 1933 1466 1967 hominem
1488 1934 1654 1967 &Deum
1675 1934 1786 1966 unitos
1803 1931 1969 1972 dicerent,
1998 1943 2067 1966 non

1191 1984 1374 2027 hypostasi,
1407 1983 1459 2017 sed
1483 1983 1548 2016 sola
1573 1983 1658 2016 bona
1676 1983 1850 2017 voluntate
1873 2005 1879 2013 .
1916 1982 2070 2028 Qarrd,

1190 2034 1277 2076 quod
1289 2035 1447 2067 unionem
1461 2033 1638 2066 secundum
1652 2030 1835 2075 hypostafin
1860 2031 2006 2065 dicerent
2018 2042 2068 2074 pe-

1191 2084 1278 2117 nitus
1292 2082 1542 2125 impoffibilem,
1569 2091 1698 2124 propter
1721 2080 1949 2115 omnimodam
1971 2081 2066 2115 Divi-

1191 2145 1236 2166 na:
1247 2142 1367 2166 naturae
1379 2132 1761 2174 incircumscriptionem.
1790 2130 1921 2177 Qimo
1934 2154 1947 2170 ,
1973 2131 2064 2174 quod

1190 2182 1358 2216 Christum
1371 2182 1556 2215 Dominum
1569 2205 1579 2220 ‚
1608 2191 1674 2214 non
1685 2181 1852 2224 tamquam
1866 2182 1974 2213 Deum
1986 2205 1997 2220 ‚
2009 2181 2063 2214 sed

1190 2233 1253 2265 sola
1264 2231 1420 2265 relatione
1431 2241 1468 2264 ut
1479 2231 1640 2273 quandam
1653 2231 1832 2275 imaginem
1853 2230 1974 2263 vellent
1985 2230 2063 2265 ado-

1188 2282 1268 2315 rari:
1295 2280 1472 2315 Relatione
1480 2281 1544 2315 Dei
1557 2280 1733 2314 extrinsece
1743 2280 1941 2314 adsumentis
1952 2304 1959 2311 .
1987 2281 2067 2314 Sex·

1187 2331 1221 2364 to
1233 2356 1244 2372 ,
1269 2331 1358 2373 quod
1389 2331 1487 2365 etiam
1514 2329 1554 2364 de
1586 2331 1695 2364 fanno
1717 2329 1924 2364 Eucharistiae
1953 2330 2063 2364 Sacra-

1187 2392 1299 2416 mento
1311 2406 1321 2422 ,
1347 2381 1630 2414 &contentaistic
1652 2379 1831 2413 Dominiea
1849 2391 1945 2413 carne
1966 2380 2062 2414 senti-

1187 2442 1257 2466 rent
1272 2431 1420 2474 pessime,
1443 2430 1587 2463 dicentes
1598 2430 1695 2464 etiam
1706 2429 1747 2463 de
1758 2430 1824 2472 ipsa
1847 2441 1956 2463 verum
1977 2431 2058 2463 esse:

1185 2485 1265 2514 Caro
1287 2493 1342 2513 non
1363 2479 1477 2523 prodest
1488 2481 1667 2521 quidquam.
1696 2478 1861 2521 Septimo,
1889 2479 1977 2522 quod
1989 2490 2057 2523 gar-

1185 2532 1283 2565 rirent
1296 2542 1361 2563 non
1376 2532 1468 2573 supra
1488 2530 1597 2563 Deum
1623 2528 1769 2562 Verbum
1782 2552 1792 2567 ‚
1819 2528 1984 2571 sed-supra
2005 2539 2061 2570 pu-

1185 2592 1255 2614 rum
1269 2579 1438 2613 hominem
1456 2581 1517 2613 effe
1537 2580 1725 2612 aedificatam
1746 2577 1938 2611 Ecclesiam.
1965 2578 2060 2611 Osta-

1185 2633 1226 2664 νὸ
1241 2655 1250 2671 ,
1271 2630 1361 2673 quod
1384 2627 1510 2672 ipsorum
1529 2638 1619 2661 etiam
1630 2629 1667 2661 de
1673 2627 1809 2671 gehenna
1821 2632 2058 2668 ratiocinationes:

1185 2692 1241 2713 non
1245 2679 1282 2721 fit
1306 2689 1403 2712 tutum
1420 2687 1475 2720 per
1498 2680 1614 2711 litteras
1628 2676 1810 2721 fignificare.
1839 2675 1943 2710 Addit
1967 2676 2057 2720 quod

1183 2729 1248 2763 haec
1260 2731 1372 2763 omnia
1390 2728 1532 2763 omnino*
1543 2728 1724 2761 docuerunt
1736 2747 1751 2767 ‚‹
1772 2726 1825 2761 sed
1835 2725 2033 2761 clandestine
2045 2751 2058 2767 ,

1183 2782 1215 2813 ὅ(
1226 2778 1341 2813 dolose
1351 2804 1359 2818 ,
1387 2781 1522 2811 timentes
1532 2785 1603 2819 pias
1616 2788 1700 2810 aures
1708 2777 1810 2818 populi
1820 2801 1828 2809 .

1233 2830 1330 2863 [κᾶε
1343 2829 1419 2861 item
1432 2829 1475 2861 est
1489 2827 1650 2870 Hesychii
1663 2825 1845 2869 Presbyteri
1866 2826 2058 2870 Hierosoly-

1182 2879 1298 2912 mitani
1311 2878 1527 2912 Ecclefiastica
1550 2876 1702 2917 historia,
1727 2877 1876 2910 accusans
1897 2876 2057 2911 Theodo-

1183 2940 1254 2962 rum
1273 2928 1314 2962 de
1337 2928 1469 2961 multis.
1507 2927 1640 2967 Primo,
1665 2926 1754 2970 quod
1777 2927 1898 2968 semper
1919 2925 2055 2959 photini

1181 2978 1286 3012 fuiffiet
1307 2979 1450 3011 imitator
1464 3000 1474 3016 ‚
1509 2977 1620 3021 lingua
1643 2977 1826 3010 malitiosus
1846 2976 1880 3009 δε
1901 2976 2056 3018 paratissi-

1182 3038 1275 3068 muS,
1300 3028 1334 3061 ὃς
1348 3028 1517 3060 voluntate
1528 3027 1649 3069 semper
1663 3026 1838 3066 versatilis,
1863 3027 1977 3070 utpote
1997 3027 2053 3069 qui

1183 3078 1222 3111 ab
1234 3077 1389 3110 Ecclesia
1407 3074 1623 3109 Antiochenae
1646 3075 1808 3110 Clericntu
1826 3075 1867 3109 ad
1892 3076 1997 3109 carnis
2019 3075 2054 3107 li-

1182 3124 1738 3168 bidines&saeculumapostataffet‚
1764 3126 1797 3159 r&
1821 3136 1875 3167 per
1895 3124 2055 3159 condisci-

1183 3176 1247 3220 puli
1259 3175 1363 3210 Sansti
1376 3175 1510 3218 Joannis
1523 3175 1750 3218 Chrysostomi
1773 3175 1952 3218 Epistolas‚
1977 3184 2052 3216 qua-

1182 3237 1251 3260 rum
1262 3226 1440 3259 etiamnum
1455 3223 1552 3258 hodie
1565 3222 1748 3268 Epigraphe
1770 3225 1814 3258 est
1827 3238 1838 3257 .·
1864 3224 1911 3255 Ad
1929 3222 2052 3255 Theodo-

1181 3288 1245 3308 rum
1255 3273 1369 3317 lapficm
1383 3297 1392 3312 ,
1419 3274 1510 3308 fuisse
1520 3275 1559 3307 ad
1574 3275 1681 3307 sanam
1693 3283 1834 3308 mentem
1846 3296 1857 3312 ,
1869 3273 1902 3306 ὅ(
1916 3273 2051 3314 clerum,

1182 3326 1293 3369 utique
1328 3325 1475 3356 infimum
1490 3348 1499 3363 ,
1535 3323 1696 3358 redu-stus.
1750 3322 1900 3356 secundo
1914 3346 1925 3362 ,
1960 3323 2052 3364 quod

1184 3372 1363 3410 Antiochia
1374 3373 1515 3415 Tarsum
1526 3399 1536 3415 ‚
1560 3375 1670 3417 -primae
1682 3372 1810 3412 Ciliciae
1818 3372 2024 3417 metropolim
2038 3396 2053 3413 ,

1599 3422 1629 3456 A
1658 3432 1675 3454 a
1726 3434 1748 3459 2
1968 3433 2004 3456 ac
