2340 3736
165 281 275 320 Les-Ep·
281 291 295 319 3

407 135 503 184 194

337 213 448 240 annus
463 204 798 251 quadringentefimus
809 201 981 250 vigesimus
992 214 1139 249 quartus.
1167 206 1212 247 (a)

304 292 315 314 ι
333 255 379 291 Et
400 251 456 290 hic
477 259 636 294 memoria
657 257 760 301 lapsus
782 256 826 290 est
846 257 880 291 in
894 255 1040 298 Epistola
1057 254 1098 290 ad
1111 254 1209 289 Eulo-

332 307 424 354 gium
438 304 697 343 Alexandrinum
721 315 760 343 ae
773 304 976 340 Anastaflum
988 300 1208 340 patriarcham

334 356 588 397 Antiochenum
607 356 742 395 Sant‘lus
763 356 940 400 Gregorius
970 353 1116 399 Magnus
1129 378 1139 394 ,
1163 352 1210 387 di-

334 420 412 447 cens
437 407 582 441 Hermiae
601 406 785 443 Zozomeni
805 405 974 439 historiam
999 404 1084 439 finiri
1096 404 1130 437 in
1145 403 1210 438 lau-

333 457 430 496 dibus
451 456 626 493 Theodosi
646 470 657 493 .-
683 454 888 493 Theodoreti
911 453 1032 490 factum
1057 453 1210 491 adscribit

333 509 527 543 zozomeno
537 532 545 541 .

385 558 498 602 Itaque
512 553 655 593 Photius
672 557 821 592 Ecclefiae
832 552 1209 599 Constantinopolitanae

334 609 508 645 Diaconus
530 618 568 642 ac
595 608 753 643 Notarius
776 606 816 640 ad
837 605 1023 648 praesentem
1034 603 1208 648 synodum

333 659 415 705 legit
434 658 520 695 varia
533 656 740 693 Theodoreti
766 654 934 692 adversum
956 654 1062 688 Sancti
1087 653 1206 698 Cyrilli

331 708 619 745 anathematismos
641 706 735 747 loca,
761 704 841 741 item
854 717 894 739 ex
913 703 1030 739 litteris
1042 704 1083 739 ad
1094 715 1205 737 mona·

330 756 411 794 chos
431 759 576 804 quaedam
589 780 599 797 ,
625 760 660 791 in
680 756 798 802 quibus
806 754 910 789 dictos
919 752 1203 789 anathematismos

328 808 404 844 dure
424 809 595 855 exagitat,
619 806 669 843 uti
691 806 805 853 plenos
825 805 992 849 impletate
1017 803 1111 843 Arii,
1135 803 1202 837 -Eu-

327 860 455 902 nomii,
481 856 702 905 Apollinarii,
730 856 925 896 Valentini,
950 851 1152 893 Manichaei,
1167 855 1200 888 &

326 909 535 949 Marcionis,
562 909 596 943 &
621 905 800 943 adserentes
818 906 900 940 inter
920 903 1060 939 Domini
1071 911 1201 939 naturas

324 961 442 995 saetam
462 960 525 994 esse
545 958 705 994 unionem
725 955 901 992 secundnm
922 951 1131 997 hypostasin,
1161 965 1199 988 ac

325 1011 485 1045 unitatem
496 1006 676 1042 naturalem
690 1030 700 1047 ,
726 1004 760 1040 id
780 1005 825 1040 est
839 1029 850 1044 ,
877 1003 1072 1038 mixtionem
1085 1028 1097 1045 ,
1122 1013 1199 1038 tem-

323 1067 526 1104 peraturam,
551 1057 777 1091 confusionem
797 1078 804 1086 .
831 1052 928 1089 Dicta
953 1053 1101 1097 Epistola
1124 1055 1199 1088 San-

322 1111 409 1143 etum
433 1106 598 1150 cyrillum
617 1107 717 1141 etiam
742 1105 850 1150 arguit
874 1128 885 1146 ,
924 1104 1014 1149 quod
1038 1104 1199 1140 adseveret

320 1158 478 1201 Spiritum
499 1158 640 1191 sarnetum
661 1165 731 1191 non
752 1166 796 1189 ex
818 1153 936 1194 Patre,
962 1153 1015 1189 sed
1041 1165 1081 1189 ex
1108 1154 1198 1188 Filio

318 1207 512 1252 procedere,
538 1206 572 1241 &
589 1204 697 1240 addit:
724 1203 777 1248 Iste
786 1207 856 1238 vero
868 1205 1043 1247 Apollinaris
1050 1203 1197 1248 seminum

313 1257 436 1302 frudus
457 1256 516 1300 est,
537 1262 721 1299 propinquat
743 1257 814 1290 vero
826 1254 1033 1289 &Mandonii
1055 1255 1196 1299 maligna

320 1310 444 1343 culturae
463 1332 471 1341 .
500 1307 584 1343 Tres
605 1306 744 1350 dispares
763 1304 901 1340 essentie
922 1304 1041 1349 gradus
1062 1305 1096 1339 in
1119 1306 1195 1339 Deo

315 1359 427 1401 posuit
439 1356 688 1401 Apollinarius,
713 1355 862 1399 atqueita
873 1355 1027 1399 Spiritum
1051 1356 1194 1390 san-stum
1221 1371 1224 1375 .

316 1408 335 1441 ὸ.
361 1408 432 1442 solo
451 1406 560 1448 Filio,
588 1417 656 1441 non
680 1405 805 1441 aPatre
829 1405 917 1440 dixit
938 1405 1086 1447 proxime
1106 1428 1117 1445 ,
1141 1404 1193 1438 sed

317 1456 487 1493 dumtaxat
502 1467 557 1501 per
566 1457 689 1492 Filium
699 1453 868 1502 procedere
880 1467 887 1487 ε
916 1454 960 1489 Et
970 1452 1066 1497 hujus
1077 1455 1194 1490 erroris

316 1506 434 1543 Sancto
443 1506 576 1552 Cyrillo
585 1505 763 1540 adfricandi
776 1504 913 1540 libidine
924 1501 1068 1539 sedustus
1079 1503 1193 1538 Theo-

314 1555 445 1591 doretus
468 1554 698 1601 Apostolicum
719 1554 760 1589 de
781 1553 848 1597 ejus
870 1564 911 1589 ex
931 1552 1070 1588 Patre&
1082 1554 1192 1594 Filio,

314 1608 369 1640 seu
391 1617 435 1640 ex
456 1605 556 1642 Patre
572 1615 627 1650 per
639 1605 760 1640 Filium
772 1604 970 1647 proceffione
979 1602 1100 1648 dogma
1122 1615 1188 1638 non

311 1656 440 1692 erubuit
451 1655 558 1691 verbis
572 1654 699 1701 potius,
728 1653 825 1699 quam
841 1655 929 1689 sensu
942 1653 1084 1688 arietare.
1095 1654 1191 1688 Nun—

311 1717 409 1751 quam
430 1706 520 1740 enim
540 1705 708 1741 credidero
725 1704 982 1740 Theodoretum
1001 1704 1042 1739 de
1055 1703 1189 1739 Divinis

309 1755 564 1801 proceffionibus
574 1755 688 1792 errasse
699 1779 710 1790 .

360 1806 491 1842 Exinde
509 1805 587 1841 lena
607 1805 653 1840 est
664 1805 869 1841 Theodoreti
882 1805 921 1840 ad
943 1801 1111 1841 Andream
1132 1804 1187 1839 Sa·

308 1858 523 1892 mosatensem
535 1856 728 1891 Antistitem
742 1856 887 1899 Epistola
905 1881 917 1897 ‚
943 1856 1060 1898 scripta
1081 1866 1123 1888 ex
1142 1855 1184 1888 ci-

308 1908 411 1942 vitate
423 1905 584 1950 Ephesma
596 1907 665 1950 post
678 1916 756 1940 verae
767 1904 893 1948 Synodi
904 1908 987 1942 Asta
997 1905 1016 1938 a
1026 1902 1173 1939 Theodo

309 1950 354 1990 sio
374 1956 528 2003 Augusto
538 1955 729 1992 confirmata
742 1981 749 1988 .
778 1957 822 1990 Et
835 1955 1002 1998 Synodum
1013 1956 1046 1988 ὃς
1057 1954 1182 1988 Princi-

309 2018 383 2052 pem
407 2007 518 2049 culpat
537 2005 717 2051 graviffime
741 2029 752 2044 ,
783 2006 959 2048 periclitari
979 2004 1060 2039 dicit
1082 2004 1181 2038 fidem

309 2055 432 2091 Christi
455 2056 490 2090 &
511 2066 645 2090 omnem
656 2054 832 2090 Ecclesiam
844 2078 855 2094 ,
879 2067 918 2090 ac
932 2055 1096 2099 adjungit:
1126 2057 1182 2086 Ta-

311 2107 368 2141 lem
378 2107 518 2147 synodum
527 2105 635 2149 ludunt
646 2107 784 2148 AEgyptii
801 2129 811 2144 ‚
824 2106 859 2139 ό·
872 2104 1025 2144 Palaestini
1036 2129 1045 2145 ,
1057 2106 1091 2138 (2⁶
1105 2107 1179 2137 Pon-

307 2162 381 2196 tici,
406 2157 440 2189 (5
458 2153 554 2196 Afiant'
567 2179 578 2195 ,
603 2153 637 2189 ό·
658 2165 724 2188 cum
749 2153 797 2187 his
818 2156 958 2187 Occidens
970 2179 981 2195 ,
1008 2155 1063 2189 seu
1084 2154 1181 2187 Occi·
1209 2191 1211 2193 v

305 2205 446 2241 dentalis
464 2204 626 2245 Ecclefia,
654 2204 823 2248 praesertim
844 2203 1015 2238 Romana.
1045 2203 1178 2237 Etenim

306 2257 414 2292 Sanni
436 2255 580 2299 Cyl-illi,
609 2253 790 2298 Juvenalis,
819 2254 947 2294 Firmi,
974 2255 1008 2288 &
1028 2254 1179 2288 Memno·

305 2308 358 2341 nis
372 2330 382 2346 ,
408 2318 461 2349 per
474 2305 713 2350 AEgyptiacam
728 2328 737 2343 ‚
754 2302 954 2337 Palaestinam
968 2327 979 2343 ,
992 2303 1179 2343 Ponticam,

306 2358 341 2391 δε
361 2355 536 2389 Asiaticam
558 2353 709 2388 dioeceses
722 2352 977 2387 patriarcharum
991 2355 1044 2387 seu
1057 2352 1179 2386 Prima·

306 2417 378 2441 tum
392 2406 474 2439 Aeta
485 2403 657 2448 synodalia
668 2403 799 2438 Sane-lus
810 2402 998 2439 Celestinus
1018 2402 1177 2438 Pontifex

306 2459 532 2489 connrmarat.

357 2505 454 2539 LetSla
478 2506 556 2539 item
578 2500 786 2537 Theodoreti
807 2502 847 2536 ad
864 2500 1077 2547 degradatum
1089 2503 1121 2536 ἃ
1133 2513 1181 2535 re-

303 2555 449 2600 legatum
460 2553 652 2588 Nestorium
664 2551 807 2596 Epistola
820 2576 831 2591 ‚
841 2552 954 2586 dicens
967 2552 1078 2596 inique
1091 2552 1179 2584 dam-

303 2615 418 2639 natum
430 2627 440 2643 ,
466 2602 730 2638 lenocinantibus
742 2601 847 2636 verbis
858 2601 1036 2635 consolans
1046 2622 1057 2640 ,
1083 2602 1176 2644 spon-

302 2654 380 2689 dens
400 2649 587 2698 perpetuam
607 2652 785 2687 amicitiam
805 2651 840 2685 δε
860 2650 1074 2686 adfistentiam
1096 2674 1108 2690 ,
1141 2650 1175 2684 ἀ

304 2706 482 2749 adjungens
500 2701 541 2737 de
551 2702 725 2737 duodecim
737 2701 845 2736 Sancti
857 2701 976 2745 Cyrilli
988 2699 1173 2735 anathema-

304 2757 428 2795 tismis,
454 2754 597 2795 factaque
609 2753 803 2795 interipsum
817 2752 851 2786 δε
862 2751 1039 2785 Ecclefiam
1057 2749 1173 2785 Orien-

305 2807 402 2840 talem
411 2814 507 2848 pace:
534 2807 632 2837 Nemo
638 2801 816 2845 persuadeat
827 2803 902 2835 Tuae
911 2801 1082 2840 Sanmtatt,
1095 2800 1173 2842 quod

304 2868 354 2900 ego
377 2853 581 2898 Episcopalem
600 2853 702 2887 sedem
722 2857 838 2894 cupiens
860 2875 871 2890 ‚
895 2850 1060 2884 cohibendo
1079 2851 1170 2882 oculos

305 2917 402 2948 meos,
428 2914 581 2947 tamquam
600 2902 776 2939 orthodoxas
794 2898 910 2944 suscepi
932 2900 1072 2945 AEgyptii
1091 2900 1167 2933 litte-

305 2968 358 2988 ras
370 2980 377 2988 .
405 2960 444 2989 Ut
464 2960 541 2987 enim
561 2962 626 2987 cum
635 2951 701 2997 ipsa
710 2957 837 2986 veritate
855 2952 950 2983 dicam
963 2974 972 2990 ‚
994 2949 1107 2994 saepiics
1118 2961 1170 2982 eas

301 3006 413 3048 perlegi
424 3028 435 3044 ,
460 3006 494 3038 (a
508 3002 653 3047 subtiliter
663 2999 770 3046 discuffl
777 3024 788 3041 ‚
813 3002 847 3034 (5
858 2999 996 3034 baeretica
1006 3001 1074 3033 illas
1086 3011 1169 3032 ama-

303 3055 436 3089 ritudine
453 3054 594 3088 liberatas
609 3053 664 3100 effe
689 3057 815 3094 inveni,
839 3051 874 3087 Θ
899 3054 986 3085 timu}
1006 3050 1167 3096 quamdam

924 121 1554 172 Dissaarnrlo

1268 207 1412 241 maculam
1422 211 1463 239 eis
1472 212 1635 250 imponere·
1662 209 1825 255 Loquitur
1834 212 1873 249 de
1888 214 1963 252 fidei
1975 216 2140 263 professio.

1269 265 1311 290 ne
1324 280 1335 297 ,
1361 266 1459 298 quam
1481 267 1555 291 cum
1576 259 1699 302 Joanne
1721 262 1907 300 patriarcha
1919 276 2029 310 pacem
2040 270 2139 306 initu-

1268 317 1320 341 rus
1342 305 1475 340 Sanetus
1495 307 1644 350 Cyrinus
1658 310 1700 345 ad
1711 310 1955 352 Antiochenam
1965 319 2138 362 Synodum

1268 356 1399 390 miserat
1408 368 1419 389 .·
1445 355 1523 412 lstas
1533 357 1734 399 profeffionis
1747 361 1866 400 litteras
1875 365 1955 402 dicit
1965 369 2007 404 ab
2019 368 2139 406 haereti-

1266 416 1303 440 ca
1315 404 1492 441 duodecim
1512 406 1727 450 capitulorum
1739 415 1952 452 amaritudine
1963 418 2114 455 liberatas
2126 444 2138 461 ,

1266 454 1405 499 ideoque
1417 466 1529 499 pacem
1539 457 1606 491 fine
1617 458 1759 493 veritatis
1770 458 1887 504 injuria
1896 466 2028 503 factam.
2043 471 2079 503 H
2083 471 2138 504 inc

1267 506 1370 550 pergit
1413 504 1454 540 de
1484 505 1604 541 eisdem
1638 508 1752 543 litteris
1785 510 1820 545 in
1857 512 2001 558 Epistola
2027 520 2138 555 ‘etiam

1266 555 1320 591 hic
1343 557 1422 590 lena
1435 555 1475 590 ad
1486 555 1651 600 Joannem
1665 557 1887 596 patriarcham
1901 575 1909 595 :
1937 566 2135 611 AEgpriacas

1265 607 1384 641 litteras
1406 611 1579 641 invenimus
1593 610 1700 650 palam
1709 616 1876 645 contrarias
1896 613 2045 650 duodecim
2057 626 2134 662 capi.

1265 657 1337 689 tulis
1350 680 1362 696 ‚
1388 656 1492 699 quibus
1505 655 1593 700 usque
1602 658 1797 703 adpreesem,
1809 670 1844 695 ut
1854 664 1960 697 alienis
1975 667 1997 698 ἆ
2003 659 2115 708 pietate
2122 692 2134 709 ,

1265 713 1466 749 repugnantes
1485 708 1712 751 permanfimus.
1739 710 1788 745 Ea
1813 711 1948 748 damnat
1970 724 2134 760 tamquam

1266 755 1531 799 Apollinaristica
1544 780 1556 798 ,
1580 769 1650 801 quae
1666 760 1780 796 dicunt
1792 762 1901 797 Deum
1914 764 2061 801 Ver-bum
2072 765 2136 802 effe

1264 805 1434 841 carnaliter
1456 817 1589 842 carnem
1613 809 1732 843 factum
1748 836 1758 852 ,
1797 810 2024 858 adstruantque
2043 818 2136 850 unio·

1262 866 1340 942 {iem
1367 855 1544 891 secundum
1566 856 1750 904 hypostasin
1772 862 1806 899 ἀ
1831 864 1990 900 unitatem
2011 875 2140 901 natura·

1274 917 1327 941 em
1339 931 1347 939 ,

1311 956 1409 992 LeAEta
1439 956 1574 993 tandem
1606 958 1652 993 est
1681 958 1886 997 Theodoreti
1911 964 1953 998 ad
1974 965 2135 1009 Ioannem

1262 1003 1451 1041 Antiochiae
1473 1007 1692 1044 patriarcham
1712 1010 1754 1045 de
1776 1012 1883 1046 Sancti
1898 1014 2015 1059 Cyrilli
2029 1027 2135 1050 morte

1262 1057 1391 1091 infamis
1401 1058 1435 1091 &
1447 1056 1596 1105 scelerata
1608 1058 1754 1103 Epistola
1766 1084 1778 1102 ,
1805 1072 2007 1108 nequaquam
2020 1064 2136 1100 Theo-

1259 1105 1376 1141 doreto
1397 1130 1408 1146 ‚
1433 1107 1486 1141 sed
1509 1107 1626 1153 gentili
1649 1111 1804 1154 quopiam
1826 1112 1991 1148 nebulone
2010 1114 2110 1159 digna
2122 1138 2138 1156 ,Z

1259 1156 1398 1200 ideoque
1423 1157 1565 1193 radenda
1591 1160 1701 1203 potius
1727 1169 1767 1195 ex
1793 1162 1868 1197 nelis
1904 1163 2133 1207 synodalibus,

1259 1218 1357 1250 quam
1378 1205 1432 1242 hic
1443 1208 1607 1243 recitanda
1621 1233 1629 1241 .
1655 1210 1700 1244 Et
1712 1210 1783 1254 post
1795 1211 1909 1246 lectam
1920 1213 2074 1258 Synodus
2083 1214 2129 1249 est

1258 1256 1470 1292 interlocuta:
1503 1261 1558 1292 Ex
1577 1259 1626 1292 his
1638 1284 1648 1300 ‚
1674 1272 1743 1303 quae
1758 1260 1954 1296 Theodoretus
1965 1265 2056 1305 imple
2065 1275 2128 1297 con-

1251 1304 1368 1350 scripfit
1380 1331 1391 1347 ‚
1414 1310 1557 1341 miranda
1577 1308 1772 1352 estfisbtilittts
1779 1310 1877 1354 san&
1892 1312 2132 1356 Chalcedonenfis

1257 1358 1381 1390 concilii
1394 1381 1402 1388 .
1428 1360 1526 1391 sciens
1549 1365 1627 1391 enim
1645 1361 1708 1401 eius
1730 1359 1949 1404 blasphemias,
1973 1363 2058 1404 prius
2068 1370 2132 1406 qut-

1258 1409 1325 1440 dem
1343 1408 1443 1441 multis
1458 1406 1569 1451 saepinis
1588 1407 1642 1448 usa
1663 1408 1701 1451 <st
1717 1419 1819 1444 contra
1830 1423 1896 1446 eum
1907 1413 2132 1446 exclamationi-

1256 1457 1310 1490 bus
1322 1469 1336 1499 ;
1360 1456 1457 1499 poste&
1468 1461 1539 1492 vero
1551 1469 1608 1491 non
1619 1462 1706 1494 aliter
1714 1458 1945 1504 eumsuscepiffet
1956 1487 1966 1503 ,
1988 1462 2132 1506 nifiprnis

1257 1506 1534 1551 anathematizaffee
1546 1507 1711 1549 Nestorium
1721 1511 1755 1544 ὁ·
1766 1512 1828 1551 ejus
1842 1510 2040 1555 blasphemias
2054 1536 2065 1553 ‚
2074 1520 2132 1554 pro

1255 1556 1364 1598 quibus
1387 1559 1478 1590 antea
1496 1556 1609 1600 scrtpfit
1629 1558 1792 1600 defendens
1816 1571 1885 1595 eas.
1911 1561 1995 1597 Labi
2009 1561 2045 1595 in
2057 1562 2128 1606 qui·

1257 1604 1389 1640 busdam
1401 1607 1690 1642 interlocutionem
1702 1629 1715 1647 ,
1738 1608 1822 1644 infra
1835 1609 1977 1653 patebit.
2054 1613 2056 1616 '

1304 1656 1421 1690 Fateor
1457 1657 1492 1690 in
1520 1655 1607 1692 hisce
1635 1657 1770 1701 Scriptis
1794 1658 1918 1703 lapsum
1943 1660 2005 1693 effe
2027 1660 2130 1695 etiam

1253 1704 1507 1741 Theodoretum
1534 1731 1541 1739 .
1578 1706 1821 1752 Distinguenda
1855 1711 1931 1744 sunt
1957 1718 2128 1753 temporat

1253 1756 1421 1799 Tempora
1444 1757 1523 1790 inita
1547 1757 1630 1791 inter
1645 1758 1799 1792 Sanctum
1812 1758 1975 1802 Cyrillum
1988 1760 2130 1803 &Jem-

1255 1817 1328 1840 nem
1341 1805 1590 1840 Antiochenam
1603 1817 1679 1850 pace
1690 1808 1794 1850 priora
1806 1833 1817 1848 ,
1844 1810 1876 1842 &
1897 1819 2044 1850 tempora
2055 1809 2122 1852 ipsa

1253 1854 1426 1897 posteriora
1439 1880 1446 1887 .
1464 1855 1629 1889 Prioribus
1641 1855 1728 1890 varie
1738 1858 1772 1890 in
1782 1857 1936 1892 Sanctum
1949 1857 2126 1901 cyrillum,

1250 1904 1317 1947 ejus
1336 1904 1476 1949 capitula
1498 1929 1509 1945 ‚
1546 1904 1741 1949 Ephesinam
1765 1907 1942 1950 Synodum
1959 1930 1971 1949 ,
2003 1908 2125 1942 Roma-

1251 1964 1389 1998 namque
1410 1954 1587 1989 Eeclefiam
1610 1955 1711 1990 verbo
1725 1980 1737 1996 ‚
1761 1956 1878 2001 scripto
1893 1981 1904 1997 ,
1928 1967 2026 2000 opere
2043 1957 2124 1991 deli-

1248 2004 1320 2045 quit
1340 2003 1480 2038 omnino
1502 2004 1758 2047 Theodoretus3
1784 2005 2013 2048 posterioribus
2033 2006 2120 2041 nihil

1249 2054 1396 2097 penitus,
1424 2055 1481 2088 nist
1504 2053 1594 2097 quod
1617 2055 1724 2089 SanCti
1748 2054 1867 2097 Cyrilli
1893 2055 2122 2091 anathematis-

1248 2115 1320 2137 mos
1341 2103 1477 2146 probare
1487 2127 1497 2143 ,
1525 2104 1558 2138 &
1569 2104 1623 2137 sua
1637 2103 1671 2136 in
1686 2104 1771 2147 ipsos
1781 2104 1866 2139 dista
1877 2105 1912 2140 ὃ(
1932 2106 2051 2149 scripta
2062 2116 2123 2140 no-

1248 2153 1341 2187 luerit
1371 2153 1526 2187 damnare
1554 2178 1561 2185 .
1598 2154 1642 2187 Et
1663 2153 1796 2196 quidem
1826 2153 1867 2188 de
1891 2153 1949 2188 ista
1971 2155 2121 2190 scelerata

1247 2201 1393 2247 Epistola
1428 2202 1511 2237 ret‘le
1531 2202 1669 2237 advertit
1693 2201 1889 2238 scholiastes
1906 2205 2114 2250 marginalis:

1246 2257 1318 2286 Hac
1344 2252 1478 2295 Epistola
1499 2263 1557 2285 non
1578 2254 1696 2287 videtur
1716 2253 1768 2296 effe
1789 2252 1960 2288 Theodoreti
1971 2277 1983 2294 ‚
2003 2253 2120 2297 sedpa-

1242 2303 1303 2335 tius
1321 2303 1361 2335 ab
1393 2301 1542 2336 haermcis
1561 2301 1682 2345 confibia
1702 2326 1716 2343 ‚
1742 2304 1777 2337 (a
1796 2303 1848 2337 vel
1866 2314 1905 2337 ex
1927 2314 1958 2336 eo
1971 2302 2120 2346 falfitatts

1244 2357 1425 2384 convincitur·
1451 2376 1462 2392 ,
1489 2358 1560 2394 qula
1574 2353 1714 2394 Joannes
1739 2351 1936 2386 Antiocheam
1954 2353 2027 2385 obiit
2050 2362 2121 2388 ante

1247 2400 1368 2434 beatum
1391 2402 1531 2441 cyrillum
1541 2424 1549 2432 .
1579 2406 1665 2434 Nam
1684 2400 1780 2440 exstat
1790 2412 1855 2434 cum
1866 2401 1998 2442 Epistola
2008 2403 2051 2434 ad
2064 2406 2121 2434 Do·

1249 2462 1351 2483 mnum
1367 2454 1399 2495 J
1402 2456 1508 2483 oannis
1522 2449 1703 2492 successorem
1722 2449 1797 2483 leda
1816 2456 1849 2482 ln
1861 2452 1988 2484 Concilii
1999 2450 2120 2485 Chalce-

1247 2499 1375 2541 donensis
1394 2500 1510 2532 afflone
1532 2501 1645 2532 decima
1659 2508 1786 2542 quarta,
1813 2506 1865 2541 qut·
1891 2502 2023 2533 Domnus
2033 2500 2070 2544 fit
2090 2513 2119 2535 e-

1250 2550 1313 2582 dus
1329 2548 1395 2591 fuit
1414 2554 1446 2595 in
1467 2550 1558 2582 Iocum
1577 2549 1715 2590 praedit‘lt'
1730 2552 1868 2593 Joannis
1874 2551 1947 2591 jam
1966 2551 2117 2593 deflendi.

1251 2598 1331 2643 Agit
1341 2598 1399 2631 ista
1409 2597 1527 2641 Cyrilli
1541 2598 1686 2641 Epistola
1698 2597 1739 2632 de
1751 2600 1841 2633 causa
1859 2598 2029 2634 Athanasii
2042 2598 2119 2643 Epi-

1243 2647 1331 2692 scopi
1343 2647 1528 2682 Parrhenfis
1539 2673 1546 2681 .
1576 2648 1620 2683 Et
1635 2648 1675 2682 de
1686 2649 1899 2683 familiaribus
1910 2651 1995 2683 inter
2005 2650 2120 2683 Theo·

1242 2700 1391 2732 doretum
1405 2711 1442 2732 ac
1452 2698 1664 2743 degradatum
1678 2698 1867 2732 Nestorium
1879 2698 1996 2733 litteris
2008 2699 2117 2735 scribit

1241 2749 1281 2783 in.
1297 2747 1380 2782 libro
1400 2748 1441 2782 de
1458 2748 1558 2782 Sectis
1569 2748 1727 2783 Leontius
1737 2746 1952 2783 Scholasticus
1965 2749 2119 2793 Byzanti·

1241 2809 1301 2832 nus
1315 2811 1322 2831 :
1347 2799 1500 2832 Sciendum
1512 2799 1546 2831 ὁ*
1556 2799 1634 2832 illud
1645 2822 1655 2837 ,
1680 2798 1863 2840 circumferri
1871 2797 2016 2842 quasdam
2026 2798 2117 2833 Theo·

1240 2850 1333 2882 doreti
1352 2849 1386 2882 ὁ·
1407 2847 1535 2888 Nestorii
1557 2847 1724 2889 Epistolas‚
1749 2853 1780 2881 in
1809 2848 1916 2890 quibus
1933 2846 1996 2892 sese
2016 2851 2116 2884 mutuo

1237 2904 1382 2940 recipiunt
1392 2923 1402 2940 ‚
1423 2896 1482 2941 sed
1488 2896 1603 2938 fic71'tiae
1610 2895 1686 2940 fimo
1698 2922 1708 2938 ,
1735 2898 1893 2942 &fingunt
1907 2910 1957 2933 eas
1968 2898 2114 2940 haretici,

1237 2959 1272 2983 ut
1288 2959 1390 2982 earum
1401 2956 1452 2989 ope
1463 2949 1604 2986 synodum
1616 2945 1919 2982 Chalcedonensem
1933 2957 2098 2994 oppugnent
2106 2971 2114 2981 .

1236 2998 1339 3046 Qod
1349 2998 1369 3032 a
1391 2997 1547 3032 Nestoi-io
1556 2995 1650 3041 plene
1666 2997 1824 3032 recesserit
1839 3022 1849 3038 ‚
1876 2999 1981 3042 ipsum
1993 3010 2032 3032 ex
2045 2997 2114 3035 ani-

1236 3059 1294 3083 mo
1315 3047 1499 3091 damnarit,
1522 3047 1558 3081 ὅτ
1578 3057 1690 3094 pacem
1712 3047 1876 3094 integram
1899 3047 2116 3131 cumCSapsto

1994 3107 2040 3141 yri
2056 3114 2070 3121 -

310 3147 2122 3172 ffl——Qu———ss———qss

307 3164 1293 3247 “‘kfifinff‘6}siffeffsshssizil‘'nssssgsshmfflffz‘issjiizffp}
1307 3163 1580 3245 sssslssssiinffiefii‘ss
1588 3159 2118 3247 ῗιῖἳῑέἓῗςὲρὲἓξὲῖῗψῖἳῧῖἶῗῖἒ

350 3251 528 3287 Theodotus,
549 3252 596 3280 (T
616 3250 755 3288 universa
779 3249 965 3289 &Synoduss
986 3259 1048 3289 quae
1067 3251 1123 3280 Dei
1138 3251 1242 3290 gratia
1263 3251 1295 3280 in
1313 3258 1429 3293 magna
1448 3247 1516 3281 urbe
1534 3245 1861 3286 Constantinopolitana
1879 3242 1975 3276 coacta
1993 3241 2119 3287 esttam-

346 3292 479 3331 secrandi
496 3293 595 3331 gratia
613 3292 669 3321 Dei
690 3290 882 3328 amantissimi
901 3291 1031 3330 Episcopi
1051 3290 1171 3330 Sifinnii
1193 3313 1201 3320 .
1223 3289 1271 3323 At
1289 3287 1431 3322 Srfinnius
1450 3286 1646 3320 consecratus
1665 3287 1710 3319 cst
1729 3285 1894 3327 Episcopus
1912 3283 1978 3324 post
1998 3283 2118 3331 obitum

352 3333 382 3377 S..
401 3332 501 3365 Attici
521 3331 649 3377 an-426.
669 3330 718 3376 die
738 3329 787 3374 38.
806 3330 888 3362 Febr.
909 3341 944 3362 ex
957 3332 1089 3377 ‘So-crate
1110 3330 1167 3377 Πὸ..
1183 3341 1212 3370 7.
1233 3341 1296 3377 cap.
1316 3331 1365 3364 26.
1386 3329 1433 3362 Ex
1455 3329 1502 3361 his
1522 3329 1654 3363 moritur
1672 3328 1707 3360 T
1706 3326 1854 3373 beodotus
1874 3334 1924 3357 an.
1955 3333 2003 3363 27.
2024 3323 2118 3357 Sisin-

352 3382 407 3404 mo
435 3372 707 3411 Constantinopoli
730 3370 849 3403 ledente
869 3393 880 3409 ,
910 3382 962 3411 qui
984 3371 1120 3404 nondum
1140 3371 1265 3404 biennio
1284 3370 1393 3404 exacto
1413 3381 1429 3405 2
1457 3394 1462 3400 .
1480 3369 1646 3402 Decembr.
1666 3368 1777 3400 Hierio
1797 3368 1831 3397 &
1851 3365 1939 3400 Arda
1959 3376 2010 3398 ure
2031 3364 2118 3399 Coss.

353 3422 403 3444 an.
422 3412 532 3444 codem
551 3422 620 3454 427.
641 3411 778 3445 decessit.
798 3411 883 3444 Hinc
902 3411 1034 3446 Photius
1054 3412 1171 3446 Codice
1194 3422 1240 3456 31.
1262 3422 1354 3454 agens
1374 3411 1410 3444 de

1458 3411 1627 3443 heodoreto
1645 3414 1801 3442 mortuum
1820 3405 2027 3441 Theodotum
2046 3405 2117 3443 scri..

353 3453 418 3493 bit,
437 3453 561 3494 quando
581 3456 603 3486 C
604 3453 828 3495 onstannnopoli
839 3453 988 3494 fitcrorum
1006 3453 1145 3496 Antistes
1164 3455 1309 3497 Sistnnius
1320 3454 1406 3495 fuit.
1431 3453 1524 3494 Naris
1542 3448 1812 3492 hisi.·1>elag.l1·h.2.
1829 3457 1928 3493 σεεμς..
