2340 3736
66 3336 220 3374 EP·18.c.2.

633 137 1040 189 Scuorr1s,er
1075 147 1254 177 Norts
1291 146 1663 183 iti-usumin.
1936 138 1995 196 83

628 323 691 392 C
774 319 845 393 A
927 321 1001 388 N
1082 317 1301 387 ΟΝ
1421 314 1670 391 XII.

345 501 526 549 Ervenit
560 497 617 547 ad
653 515 734 547 nos
768 531 782 557 ,
816 495 940 563 quod
974 494 1156 564 quidam
1192 510 1346 562 praeter
1381 492 1678 544 Ecclefiastica
1713 493 1870 565 statuta
1906 496 2070 548 facien-‘

378 587 444 619 tes
481 568 770 619 convolarunt
815 566 872 615 ad
909 567 1145 635 potestates
1180 601 1194 624 ,
1239 570 1282 615 δε
1318 583 1396 633 per
1430 569 1746 634 pragmaticam
1782 570 1951 616 Sacram
1986 572 2073 619 in-.'

242 640 331 691 duo
364 641 641 690 Provinciam
676 654 806 685 unam
842 635 1079 687 diviserunt
1113 673 1127 696 ‚
1173 632 1239 684 ita
1275 652 1324 684 ut
1360 653 1412 684 ex
1447 637 1534 686 hoc
1570 635 1684 685 fasto
1719 633 1807 684 duo
1845 642 2071 705 Metropo-

243 713 369 761 litani
404 707 485 759 effe
533 706 764 757 videantur
811 709 858 756 in
893 726 979 757 una
1014 707 1248 757 Provincia
1284 742 1298 754 .

241 781 298 832 de
331 781 501 847 reliquo
532 778 644 827 nihil
679 777 736 826 ab
770 777 996 847 Episcopis
1033 779 1122 828 tale
1158 778 1318 824 tentari
1355 796 1367 825 :

244 852 370 902 fuerit
403 885 416 909 ,
463 846 672 898 amiffioni
707 846 864 911 gradus
901 851 1065 917 proprii
1101 845 1342 895 subiacebit
1378 883 1391 895 .

1349 710 1509 755 Statuit
1545 706 1650 770 ergo
1696 704 1838 754 san6ta
1872 708 2072 773 Synodus

1416 777 1633 844 Alioquin
1669 779 1746 843 qui
1784 777 1867 825 hoc
1903 775 2074 826 adnisus

1441 852 1739 916 Qaecumque
1774 846 1881 896 vero
1917 849 2075 897 civita-

243 936 306 970 tes
350 924 439 986 J'am
488 919 647 968 litteris
699 920 998 986 imperialibus
1048 918 1382 984 Metropolitani
1433 920 1622 966 nominis
1670 918 1836 967 honore
1889 915 2076 967 subnixae

240 988 337 1039 sunt
371 1026 384 1051 ‚
421 989 583 1038 honore
620 988 928 1039 tantummodo
963 989 1237 1057 perfruantur
1272 1007 1284 1036 :

192 1085 214 1089 κ
241 1076 318 1110 nat
351 1057 591 1129 Episcopus
627 1095 642 1120 ,
688 1057 815 1108 salvis
852 1058 1015 1111 scilicet
1049 1078 1159 1111 verae
1195 1059 1437 1126 Metropoli
1472 1059 1715 1128 privilegiis
1751 1056 1862 1107 suis.

465 1217 888 1266 SCHOLION.

326 1362 565 1398 Celefiasticam
576 1361 808 1398 Hierarchiam
820 1364 861 1400 ad
877 1365 1036 1399 Romanae
1048 1365 1127 1399 Rei-

351 1413 485 1457 publicae
498 1415 636 1448 formam
661 1414 856 1449 ordinarunt
879 1414 1058 1459 Apostoli,
1084 1417 1127 1450 ci-

240 1464 341 1497 vilem
370 1464 529 1500 Dioecefin
557 1489 567 1505 ,
602 1463 815 1499 Provinciam
836 1490 848 1507 ,
887 1466 1129 1510 Metropolim,

233 1514 409 1550 civitatem
437 1515 612 1555 ,cassuim
634 1539 645 1556 ‚
675 1515 786 1547 villam
809 1539 820 1556 ‚
859 1517 1008 1550 volentes
1034 1516 1131 1550 etiarn

241 1566 305 1599 effe
319 1565 478 1608 ejusmodi
496 1566 581 1609 apud
611 1564 808 1599 Ecclesiam.
836 1565 931 1601 Hinc
953 1566 1055 1600 divisa
1077 1577 1130 1609 per

240 1614 430 1657 Principem
459 1615 669 1649 Provinciam
695 1639 705 1655 ,
732 1616 905 1657 quomodo
933 1616 1016 1651 duos
1048 1616 1128 1649 Prae-

242 1662 324 1698 fides
347 1666 399 1698 seu
423 1666 537 1699 civiles
558 1659 747 1704 Restores’5
774 1664 818 1698 ita
841 1665 925 1699 duos
949 1664 1127 1709 accipiebat

241 1714 425 1757 Episcopos
446 1715 677 1757 Metropolitas
692 1740 697 1746 .
727 1714 805 1748 Hac
819 1715 869 1749 via
883 1716 980 1750 unius
993 1716 1124 1761 Lugdu-

239 1763 344 1797 nensis
367 1763 484 1797 Galliae
498 1764 533 1797 in
559 1774 700 1806 quatuor
721 1763 915 1799 Provincias
936 1766 1032 1800 festio
1054 1766 1124 1799 Ro-

239 1812 514 1857 thomagensem‚
541 1812 793 1855 Turonensem,
820 1814 855 1847 &
878 1816 1098 1850 Senonensem
1112 1840 1122 1855 ,

246 1862 428 1906 Episcopos
460 1864 539 1897 fecit
572 1862 871 1909 Archi-Episcopos
894 1889 905 1904 ‚
931 1866 965 1899 &
991 1867 1124 1900 Sanstus

240 1913 312 1947 Leo
322 1913 468 1956 Magnus
480 1921 548 1948 tam
561 1914 784 1949 Arelatensem
797 1941 808 1957 ‚
836 1916 934 1960 quam
949 1916 1116 1951 Viennen-

238 1964 307 1997 sem
333 1963 500 1998 civitatem
527 1963 631 1998 voluit
655 1967 718 2000 effe
739 1965 960 2010 Metropolim
985 1992 995 2008 ,
1033 1965 1122 2010 quod

239 2013 322 2053 illae,
350 2012 426 2048 licet
452 2014 535 2048 intra
557 2014 695 2049 eandem
721 2014 956 2058 Provinciam,
983 2016 1052 2061 jure
1072 2026 1124 2050 eo-

239 2061 315 2096 dem
328 2063 414 2104 apud
441 2063 693 2106 Rempublicam
704 2076 746 2099 ex
771 2066 986 2101 Constantini
1009 2068 1124 2113 Augw

238 2111 279 2145 sti
299 2110 393 2145 dono
411 2112 542 2146 fument.
563 2115 679 2156 gavisae
708 2139 714 2145 .
761 2115 808 2148 Ita
831 2116 981 2152 definivit
1000 2119 1122 2152 senten-

235 2160 319 2194 tiam
343 2161 623 2197 interlocutoriam
646 2163 772 2206 Synodi
795 2164 1031 2201 Taurinensis:
1059 2170 1124 2210 ,Qui

238 2208 406 2253 Episcopus
430 2212 757 2255 comprobaveritsuam
769 2221 926 2248 civitatem
946 2217 999 2260 effe
1017 2220 1122 2250 Metro-

236 2261 352 2303 polim,
379 2265 404 2292 is
418 2266 507 2294 totius
531 2265 702 2296 Provinciae
727 2262 861 2297 bonorem
875 2268 1032 2298 Primatus
1054 2266 1124 2300 obti-

241 2319 330 2343 neat.
361 2309 485 2345 Eadem
499 2313 646 2346 se&ionis
659 2313 709 2347 via
724 2312 891 2348 Remenfis
902 2315 1044 2349 Ecclesia
1054 2327 1124 2358 pro·

238 2360 318 2394 fecit
330 2360 365 2393 in
388 2361 536 2396 secundae
547 2362 688 2407 Belgicae
708 2362 915 2407 Metropoli,
943 2365 1027 2399 sedis
1040 2365 1124 2400 Tre-

238 2411 376 2444 verenfis
395 2423 437 2446 ex
451 2411 519 2446 filia
547 2413 689 2446 sororem
704 2438 711 2445 .
738 2414 905 2448 Laudatus
932 2415 1123 2450 Constanti·

242 2471 303 2494 nus
314 2460 494 2504 Byzacium
507 2484 517 2501 ,
541 2462 633 2504 cujus
645 2462 730 2505 apud
744 2464 898 2499 Sanstum
918 2464 1122 2510 Cyprianum

238 2510 329 2544 nulla
340 2512 519 2553 memoria,
547 2511 738 2546 &Numidia
775 2515 922 2557 separans
933 2515 1123 2550 statimillic

238 2571 390 2603 apparere
413 2562 492 2595 fecit
519 2573 643 2596 novum
677 2562 854 2598 Primatem
875 2590 882 2596 .
920 2566 1036 2600 Divisa
1068 2577 1123 2609 per

239 2610 472 2645 Theodosium
482 2610 670 2656 Augustum
681 2612 909 2657 Paphlagonia
922 2616 1122 2659 Episcopum

239 2658 569 2703 Claudiopolitanum
604 2662 760 2697 exaltavit
798 2664 832 2697 in
869 2663 1121 2709 Metropolitam

239 2708 446 2743 Honoriadis
457 2734 467 2750 ,
494 2710 527 2744 id
539 2710 585 2745 est
597 2736 607 2751 ‚
634 2723 726 2746 novae
741 2712 924 2748 Provincia:
936 2715 981 2749 ita
1003 2716 1036 2748 in
1050 2715 1120 2749 Ho-

240 2760 328 2792 norii
342 2758 400 2793 filii
411 2762 604 2794 memoriam
617 2758 804 2806 perpetuam
826 2775 1031 2808 nuncupatae.
1059 2766 1118 2799 Ast

238 2810 394 2852 temporis
416 2809 504 2854 lapsu
527 2812 639 2856 regula
652 2812 686 2845 in
703 2812 837 2847 abusum
860 2813 956 2857 abjit.
985 2816 1118 2849 Etenim

237 2857 364 2892 Valens
387 2856 557 2904 Augustus
580 2862 722 2896 Asianus
743 2888 754 2903 ‚
780 2864 934 2898 Sanstum
962 2864 1116 2899 Basilium

236 2907 410 2943 humiliare
432 2909 466 2942 &
486 2920 632 2954 torquere
654 2912 788 2952 volens,
815 2914 1062 2958 Cappadociam
1083 2916 1116 2948 in

235 2958 317 2992 duas
340 2959 463 2999 secuit,
490 2960 765 3006 Anthymumque
782 2963 1020 3006 Thyanensem
1040 2965 1118 3006 Epi-

235 3009 369 3051 scopum
390 3009 447 3042 sub
470 3021 559 3044 novae
581 3012 809 3055 Metropoleos
826 3015 903 3048 fuco
915 3014 948 3047 in
973 3014 1116 3048 rebellio·

235 3069 313 3092 nem
336 3060 462 3099 movit,
490 3060 624 3103 aliisque
646 3062 757 3096 similis
780 3064 935 3098 vanitatis
947 3065 1118 3109 Episcopis

235 3109 361 3151 aperuit
372 3109 458 3142 viam
479 3109 642 3145 turbandae
653 3123 709 3154 per
733 3113 849 3148 laicam
862 3115 1054 3157 potestatem
1064 3126 1118 3147 an-

235 3159 332 3200 tiquae
358 3157 578 3192 Hierarchiae.
606 3159 735 3195 Primus
760 3163 830 3206 post
855 3163 1022 3199 laudatum
1034 3164 1116 3198 Bafi·

236 3207 319 3241 lium
329 3207 480 3251 opposuit
495 3210 525 3242 se
538 3207 724 3244 Alexander
734 3211 923 3248 patriarcha
936 3213 1118 3249 Antioche-

236 3269 298 3291 nus
311 3280 321 3296 ‚
348 3258 389 3293 ad
407 3258 498 3299 cujus
511 3269 616 3302 preces
637 3260 790 3304 rescripfit
804 3262 1018 3298 Innocentius
1030 3264 1115 3308 Papa

237 3308 377 3350 primus.
404 3309 497 3351 ,Quod
513 3307 669 3352 sciscitaris
692 3334 703 3351 ‚
729 3312 828 3345 utrum
851 3312 955 3353 divifis
967 3315 1117 3356 Imperiali

231 3358 347 3402 judicio
368 3360 538 3391 Provinciis
567 3383 577 3399 ,
613 3368 647 3392 ut
667 3360 733 3393 duae
754 3363 920 3404 metropoles
939 3363 1018 3405 fiant
1043 3389 1054 3404 ‚
1081 3363 1118 3404 fic

239 3406 293 3438 duo
306 3407 672 3452 MetropolitaniEpiscopi
695 3409 821 3443 debeant
844 3414 1020 3445 nominari?
1047 3418 1118 3445 Non

242 3453 335 3497 visum
345 3457 382 3495 est
394 3482 404 3497 ‚
432 3460 475 3491 ad
491 3458 683 3498 mobilitatem
707 3461 895 3500 necfftatum
905 3463 1119 3496 mundanarum

340 3506 445 3549 Christ.
464 3512 541 3550 Lupi
553 3513 640 3551 Oper.
656 3513 734 3544 Tom.
746 3514 786 3544 Π.

1329 992 1372 1036 &
1405 991 1484 1054 qui
1520 987 1757 1036 Ecclesiam
1793 992 1882 1053 ejus
1918 988 2074 1051 guber-

1197 1218 1254 1248 Dei
1266 1211 1418 1254 Ecclesiam
1439 1219 1629 1253 commutari,
1656 1212 1827 1256 honoresque
1851 1224 1903 1247 aut
1922 1213 2077 1256 divisiones

1191 1270 1331 1306 perpeti,
1356 1275 1430 1305 quas
1439 1272 1496 1306 pro
1511 1263 1576 1306 suis
1587 1265 1682 1303 cauffis
1696 1263 1860 1304 faciendas
1887 1265 2006 1297 duxerit
2018 1270 2076 1297 Im-

1190 1322 1309 1356 perator
1332 1339 1338 1346 .
1367 1314 1412 1348 Et
1432 1313 1497 1348 hoc
1517 1314 1686 1348 decretum
1706 1313 1752 1347 ob
1775 1314 1916 1348 necdum
1938 1314 2077 1349 eradica-

1193 1376 1264 1399 tum
1276 1364 1413 1398 abusum
1426 1363 1533 1397 noster
1547 1363 1666 1397 Canon
1678 1363 1854 1398 confirmat
1867 1389 1875 1396 .

1243 1414 1331 1448 Eum
1351 1414 1478 1457 respicit
1489 1413 1688 1457 Justinianus
1711 1414 1902 1459 Augustus,
1928 1414 2077 1449 Heleno-

1195 1474 1332 1507 pontum
1356 1465 1390 1497 ὃ(
1410 1463 1555 1497 Pontum
1577 1463 1850 1498 Polemoniacum
1873 1466 1905 1497 in
1920 1476 2020 1499 unam
2034 1477 2078 1499 re-
2095 1479 2252 1512 Novem&

1192 1515 1309 1559 digens
1330 1513 1562 1553 Provinciam,
1589 1515 1623 1547 δε
1644 1513 1785 1548 addens:
1812 1514 1909 1547 Nihil
1926 1521 2002 1548 circa
2024 1519 2079 1548 Sa·
2094 1530 2118 1552 c.
2145 1531 2172 1550 ε..

1190 1566 1351 1597 cerdonum
1372 1575 1472 1597 earum
1493 1569 1689 1596 innovamus.
1729 1564 1767 1598 ld
1780 1564 1848 1604 est,
1875 1563 2076 1599 Amasenum

1192 1615 1225 1648 &
1261 1614 1581 1648 Neocaesareensem
1603 1613 1784 1657 Episcopos
1804 1614 1956 1649 volumus
1986 1616 2077 1658 juxta

1191 1665 1360 1708 antiquam
1375 1665 1513 1698 formam
1526 1675 1654 1697 manere
1665 1663 1915 1707 Metropolitas.
1947 1665 2077 1701 Eodem

1191 1714 1293 1748 modo
1323 1715 1468 1748 tranavit
1503 1713 1727 1758 Gangrensem
1750 1715 1783 1749 &
1815 1715 2076 1759 Claudiopolita-

1192 1775 1293 1803 num,
1319 1763 1579 1809 Paphlagoniam
1602 1765 1636 1798 δε
1657 1763 1887 1799 Honoriadem
1915 1766 2073 1800 reducens

1190 1814 1224 1847 in
1248 1815 1372 1848 avitam
1385 1815 1544 1848 unitatem
1554 1840 1561 1846 .
1589 1814 1634 1848 Et
1646 1814 1727 1849 duas
1737 1814 1912 1849 Armenias
1924 1817 2073 1850 dividens

1188 1864 1223 1897 in
1249 1875 1389 1907 quatuor
1401 1864 1567 1908 adjungit.
1594 1867 1676 1908 ,Quae
1689 1867 1734 1897 ad
1740 1867 1908 1898 sacerdotia
1915 1865 2074 1909 spellam,
2095 1861 2213 1899 N02‘2L3
2226 1872 2248 1893 ’-

1188 1926 1223 1947 ea
1245 1916 1378 1947 volumus
1404 1920 1437 1947 in
1453 1914 1580 1957 pristina
1602 1926 1724 1948 manere
1738 1914 1864 1956 forma,
1891 1922 2001 1959 negotio
2012 1917 2074 1960 ipso
2092 1910 2116 1931 ς’
2141 1914 2166 1932 ²·

1187 1975 1279 2006 neque
1290 1971 1367 1998 circa
1383 1966 1440 2005 jus
1459 1966 1696 2006 metropoliticum
1707 1988 1718 2003 ‚
1744 1976 1834 2007 neque
1854 1971 1931 1998 circa
1948 1968 2075 1999 Ordina-

1187 2021 1282 2047 tiones
1310 2016 1363 2049 vel
1378 2022 1569 2048 mutationem
1601 2017 1654 2048 vel
1670 2021 1857 2049 novationem
1876 2014 2052 2059 suscipiente
2067 2040 2078 2056 ‚

1181 2063 1240 2108 sed
1253 2066 1341 2107 prius
1362 2067 1509 2098 ordinatis
1533 2077 1609 2098 nunt·
1630 2076 1742 2108 quoque
1761 2078 1799 2098 ex
1820 2068 2002 2099 ordinatione
2023 2080 2075 2100 au-

1187 2117 1352 2148 &imitatem
1376 2114 1572 2147 obtinentibus
1586 2138 1597 2154 ,
1637 2117 1671 2147 (θ’
1689 2115 1840 2156 prioribus
1863 2122 1933 2148 item
1963 2120 2073 2149 Metro-

1184 2166 1329 2207 politanis
1351 2170 1385 2196 in
1406 2162 1460 2206 suo
1475 2165 1722 2206 permanentibus
1734 2166 1853 2206 ordine,
1879 2175 1912 2198 ut
1925 2167 2072 2208 quantum

1186 2217 1231 2248 ad
1254 2213 1320 2258 ipsa
1341 2213 1419 2247 nibil
1431 2215 1554 2255 penitus
1576 2222 1751 2248 innovetur.
1778 2215 1826 2248 At
1837 2215 1914 2248 vero
1926 2215 1966 2249 de
1980 2216 2073 2249 inno-

1187 2276 1258 2299 vata
1279 2266 1312 2298 ἀ
1337 2264 1370 2297 in
1392 2275 1454 2299 tres
1473 2263 1576 2298 divisa
1601 2276 1657 2308 per
1678 2264 1819 2299 eundem
1852 2264 2072 2309 Justinianum

1153 2334 1159 2344 .
1186 2313 1394 2358 Cappadocia
1436 2315 1520 2349 dixit
1553 2314 1594 2348 ad
1627 2317 1777 2358 quintam
1807 2314 1976 2358 Synodum
2009 2316 2073 2350 Eu-

1187 2364 1323 2408 phranta
1347 2365 1529 2408 Episcopus
1549 2364 1779 2407 Thyanenfis,
1806 2366 1954 2400 secundae
1982 2366 2072 2401 istIus

1186 2414 1367 2448 Provinciae
1403 2416 1638 2458 Metropolim.
1666 2416 1719 2448 1ll0
1747 2424 1878 2457 tempore
1899 2414 1954 2458 sub
1981 2416 2072 2456 Th„-
2086 2401 2227 2439 con-'²154

1187 2464 1269 2505 nenli‘
1289 2471 1412 2498 civitate
1436 2474 1503 2498 erat
1530 2465 1651 2497 Dohara
1674 2490 1685 2506 ,
1721 2466 1755 2498 ὦ·
1791 2471 1973 2500 Nazianzus
1988 2491 1998 2506 ,
2023 2466 2071 2510 us-

1186 2527 1243 2557 que
1269 2517 1313 2547 ad
1336 2524 1466 2556 tempora
1490 2514 1579 2555 huius
1601 2522 1648 2557 pii
1669 2519 1841 2556 Principis.
1870 2518 2011 2556 Piiffrmus
2021 2528 2070 2549 au-

1184 2573 1243 2598 tem
1269 2569 1458 2607 Imperator,
1492 2566 1557 2598 cum
1583 2567 1809 2606 Metropolitum
1838 2569 1913 2607 jura
1949 2568 2071 2609 dediffet

1184 2621 1324 2656 civitati,
1350 2627 1417 2657 quae
1444 2617 1592 2657 quondam
1616 2616 1769 2658 Muciffos,
1796 2627 1874 2648 nunc
1898 2627 1999 2649 autem
2007 2621 2071 2661 Ju-

1179 2665 1383 2706 stinianopolis
1409 2674 1618 2707 nuncupatur,
1642 2676 1707 2698 cum
1733 2666 1800 2697 alus
1835 2665 2009 2699 civitatibus
2035 2668 2070 2700 (Ὺ

1186 2714 1310 2747 Dobara
1337 2717 1371 2748 ὠ*
1396 2719 1592 2747 Nazianzum
1606 2714 1733 2759 subjecit
1758 2721 1802 2748 ei.
1833 2714 1943 2758 Atque
1967 2716 2010 2749 ita
2034 2717 2070 2751 &

1184 2766 1255 2798 suas
1278 2765 1363 2808 leges
1385 2766 1417 2798 ὃς
1442 2763 1529 2798 hunc
1556 2766 1729 2799 Canonem
1753 2766 1796 2798 est
1821 2767 2068 2808 praevaricatus,

1185 2813 1397 2858 hodiernique
1420 2815 1521 2848 Graeci
1535 2815 1739 2849 schismatici
1754 2841 1763 2856 ‚
1791 2826 1861 2850 eam
1876 2816 2069 2859 potestatem

1185 2865 1248 2898 suis
1268 2864 1349 2898 olim
1363 2865 1522 2910 Augustis
1534 2865 1745 2900 adscribentes
1758 2888 1767 2903 ,
1792 2866 1866 2898 sunt
1876 2867 2069 2900 eorumdem

1186 2915 1458 2957 praevaricatores.
1486 2916 1617 2948 Muciffi
1641 2916 1875 2949 exaltationem
1903 2917 1989 2961 large
2015 2916 2071 2949 de·
2085 2934 2114 2963 L·
2136 2941 2163 2968 ς,

1186 2963 1295 2998 scribit
1326 2965 1508 3009 Procopius
1530 2966 1565 2999 in
1606 2977 1704 3010 opere
1736 2966 1778 2999 de
1803 2966 1948 3001 aedificiis
1977 2967 2070 3010 Justi·

1187 3015 1297 3048 niani.

1235 3064 1348 3099 Altera
1363 3065 1513 3099 Canonis
1526 3078 1596 3109 pars
1609 3067 1738 3110 impetit
1757 3066 1855 3101 aliam
1866 3067 2046 3101 vanitatem
2059 3091 2069 3106 ,

1184 3126 1248 3157 qua
1272 3116 1382 3157 paffim
1408 3116 1594 3150 Graecorum
1618 3117 1770 3161 Episcopi
1792 3116 1956 3151 civitatem
1979 3118 2069 3150 suam

1185 3164 1284 3197 etiam
1304 3165 1383 3198 citra
1414 3163 1598 3199 Provinciae.
1624 3166 1818 3201 divisionem
1848 3165 2069 3209 impetrabant

1184 3214 1201 3246 a
1225 3213 1378 3257 Principe
1401 3215 1483 3258 erigi
1502 3215 1536 3248 in
1571 3216 1810 3260 Metropolim,
1838 3218 1992 3258 suamque
2019 3227 2068 3250 ca-

1185 3261 1333 3296 thedram
1355 3263 1390 3297 in
1419 3263 1525 3298 sedem
1538 3264 1857 3310 Metropolitanam.
1886 3266 1933 3299 lta
1947 3265 2068 3300 Valen-

1185 3313 1330 3348 tinianus
1357 3314 1470 3348 tertius
1492 3313 1659 3360 Augustus
1692 3317 1941 3355 Ravennatem,
1969 3315 2071 3358 Bery-

1185 3364 1307 3397 tensem
1328 3362 1402 3397 vero
1422 3363 1599 3399 Ecclefiam
1628 3363 1834 3399 Theodosius
1854 3365 1965 3408 junior
1989 3367 2067 3399 fecit

1188 3413 1476 3456 Metropolitanam
1493 3439 1503 3454 ‚
1528 3416 1556 3447 ei
1575 3415 1745 3456 subjiciens
1754 3414 1874 3449 Biblon
1889 3440 1899 3455 ,
1926 3416 2066 3458 Botryn,

1186 3463 1378 3508 Tripolim5
1404 3462 1659 3503 Orthofiadem,
1696 3466 1821 3506 Arcas,
1858 3466 1892 3499 &
1931 3465 2069 3499 Antara-

1638 3514 1667 3548 L
1719 3526 1740 3552 2
1938 3514 2019 3554 don,
