2340 3736
637 96 722 138 An
758 86 1040 136 SYNoDuM
1075 84 1689 136 Calicenosssnsmi.

291 177 566 215 orthodoxorum
590 171 951 207 Archi-Mandritarum
978 171 1116 216 postula-

242 232 291 266 tio
314 228 493 271 requirebat
516 227 642 268 largum
667 233 792 266 tempus
806 249 816 263 ,
842 222 981 266 synodo
1005 223 1123 265 impor—

244 292 362 315 tunum
376 304 385 320 ‚
411 277 549 319 ideoque
559 275 650 308 illam
666 275 881 318 neglexerunt
894 272 1028 318 gloriosi
1039 270 1122 315 judi-

243 343 315 369 ces,
342 327 547 363 interlocuti:
574 330 690 357 Intrent
713 324 942 363 reverendifflmi
964 321 1098 355 monachi
1116 346 1126 362 ,

241 387 293 424 qui
301 384 453 422 petitiones
461 383 657 418 porrexerunt
669 399 676 407 .
707 374 750 407 Et
763 375 925 408 intrarunt
936 372 1122 406 octodecim

244 429 390 474 precibus
400 426 564 469 subscripti
577 449 588 465 ‚
614 424 791 467 acinsuper
803 423 973 457 Barsumas
985 445 995 460 ,
1022 423 1127 455 famo-

243 483 295 514 sus
315 479 470 512 Dioscori
494 477 527 510 in
555 474 718 518 Ephefino
739 472 917 507 latrocinio
945 471 1067 505 satelles
1093 470 1127 504 &

243 528 339 564 turbo
349 553 359 569 ‚
386 539 444 561 nec
458 538 527 560 non
541 526 651 559 nescio
662 524 735 567 quis
746 519 916 556 eunuchus
943 522 976 556 ἀ
990 519 1125 563 Presby—

244 590 292 613 ter
311 577 510 621 Calepodius
524 600 535 616 ,
562 575 713 609 adversus
723 583 820 614 quem
845 571 1020 605 intercessit
1037 568 1127 605 Ana-

244 628 344 663 tolius
356 629 534 671 Episcopus
561 620 973 664 constantinopolitanus:
1002 622 1126 662 Calepo-

245 680 314 712 dius
326 680 361 712 (9⁶
381 678 535 710 Gerontius
549 699 560 715 ‚
586 684 671 707 unus
683 683 723 704 ex
741 671 923 706 octodecim
936 695 947 711 ‚
975 676 1027 713 qui
1046 677 1126 704 inter

245 740 292 762 eos
306 727 464 765 Presbyteri
474 723 547 769 sunt
560 747 571 763 ‚
597 723 665 755 olim
674 719 893 764 damnatisunt
905 744 917 760 ,
941 722 976 755 ό·
989 731 1046 754 non
1058 721 1126 755 licet

244 785 287 812 eis
311 784 443 811 intrare.
471 775 557 808 Eum
570 772 611 806 de
621 770 725 806 haerefi
736 769 929 806 damnatum
943 770 1126 805 adfirmavit

247 828 363 862 AEtius
388 822 675 858 Archi-Diaconus
703 820 1092 863 constantinopolitanus
1119 844 1126 852 .

250 876 363 912 Atille
374 873 506 918 negavit
518 898 528 913 ‚
554 873 588 907 &
601 872 690 905 exire
716 867 824 905 noluit
837 895 847 911 ‚
874 869 1052 911 omissaque
1066 869 1126 903 hac

247 925 414 968 questione
424 921 643 968 gloriosissimi
654 920 775 965 judices
786 921 937 965 jufferunt
948 918 1129 954 monacho-

247 986 320 1010 rum
334 974 482 1009 libellum
506 972 653 1007 recitari.

296 1024 413 1060 Fidem
426 1024 459 1058 &
472 1022 648 1057 Ecclesiam
662 1021 823 1056 turbatam
835 1020 1029 1066 querebatur
1041 1019 1130 1054 libel-

245 1075 318 1116 xus,
345 1074 519 1109 deindic‘ta
542 1072 748 1116 pacificatura
765 1072 903 1115 Synodo
930 1072 1000 1115 egit
1012 1070 1129 1114 gratias

248 1124 438 1170 Imperatori
455 1123 628 1157 Marciano
640 1146 651 1163 ‚
678 1121 880 1165 habebatque
906 1121 986 1154 duas
1000 1121 1131 1163 petitio-

248 1187 325 1209 nes.
354 1174 464 1207 Prima
487 1183 575 1207 erat:
603 1177 711 1206 Vacent
733 1171 937 1211 turbationes,
966 1167 1133 1212 &subscri-

241 1234 361 1269 ptiones
386 1236 452 1266 quae
466 1233 523 1265 per
547 1222 721 1256 violentiam
739 1222 839 1263 fiunt,
865 1223 900 1255 (a
919 1219 1130 1263 persecutiones

247 1273 435 1316 quaefhmper
459 1275 478 1304 ἃ
491 1274 619 1305 clericis
643 1283 745 1305 contra
759 1283 813 1304 nos
837 1279 1028 1310 exercentur,
1055 1280 1130 1311 quas

246 1325 281 1357 Θ
292 1322 544 1363 conanturfacere
567 1323 692 1355 latentes
703 1320 830 1359 vestram
844 1319 1011 1353 Pietatem.
1038 1318 1131 1362 Dog-

247 1374 384 1408 maticas
395 1372 504 1407 Sancti
518 1371 640 1405 Leonis
666 1371 812 1409 litteras,
838 1370 856 1404 a
869 1370 1034 1403 Dioscoro
1046 1368 1132 1412 apud

248 1422 416 1467 Ephesum
453 1424 567 1466 spretas
601 1421 635 1454 &
665 1420 844 1454 occultatas
867 1445 877 1460 ‚
917 1431 973 1463 per
998 1429 1133 1453 ornnem

250 1474 426 1508 Orientem
439 1471 653 1515 publicabant
666 1470 846 1504 orthodoxi
860 1470 1036 1513 Episcopi,
1062 1481 1132 1502 om-

249 1535 327 1557 nem
341 1523 476 1557 Clerum
500 1520 788 1556 &Monachatum
815 1530 971 1564 cogentes
983 1519 1023 1553 ad
1052 1519 1132 1561 ipsas

250 1573 450 1617 profitendas
474 1573 508 1607 &
530 1569 784 1606 subscribendas.
812 1570 912 1603 Hanc
939 1570 1132 1603 violentiam

251 1623 414 1666 compesci
437 1622 577 1666 postulat
598 1620 726 1655 libellus
742 1645 752 1660 ‚
782 1620 816 1653 δε
835 1620 962 1653 vetusto
987 1619 1132 1653 Clerico-

249 1683 326 1708 rum
343 1674 377 1706 in
400 1669 583 1707 monachos
601 1671 682 1704 odio
708 1668 878 1704 adscribit.
907 1669 1033 1703 Revera
1043 1670 1130 1703 enim

249 1723 374 1757 Clerici
389 1723 423 1756 in
439 1720 622 1756 monachos
633 1722 757 1764 semper
768 1719 910 1753 habuere
935 1719 1016 1763 quid
1026 1719 1132 1753 limul-

250 1772 349 1813 tatis,
375 1772 417 1806 de
428 1784 491 1815 qua
518 1772 664 1815 queritur
674 1771 859 1813 frequenter
886 1769 986 1803 etiarn
997 1769 1131 1803 Sanetus

251 1822 483 1864 Hieronymus
504 1846 515 1861 ‚
543 1832 602 1854 nec
627 1831 696 1853 non
718 1820 751 1852 δε
773 1819 808 1852 in
836 1819 942 1853 Santsti
965 1818 1131 1863 Fulgentii

251 1873 322 1906 vita
334 1871 515 1905 Ferrandus
526 1870 696 1905 Diaconus
722 1867 989 1912 Carthaginensis
1002 1893 1009 1900 .
1041 1868 1130 1903 Alte·

249 1933 286 1956 ra
307 1922 425 1966 petitio
448 1931 517 1956 erat
540 1935 549 1955 :
588 1922 722 1953 Petimus
745 1922 947 1953 Divinitatem
980 1918 1130 1960 vestram,

245 1974 317 2014 jam
329 1977 474 2005 neminem
488 1971 603 2013 jaffari
613 1971 633 2002 ἃ
637 1968 691 2013 suo
700 1970 867 2012 monasterio
879 1995 889 2011 ,
916 1982 967 2004 nec
977 1970 1016 2004 ab
1030 1972 1126 2005 Eccle-

248 2021 312 2062 fia,
339 2033 430 2064 neque
453 2024 473 2054 ἃ
501 2020 628 2063 Basilica
650 2026 806 2062 martyris,
831 2020 973 2063 usquead
990 2019 1128 2064 fandum

252 2072 355 2108 synodi
370 2072 540 2111 judicium.
568 2070 716 2104 Clericos
739 2082 856 2105 omnes
881 2069 1128 2111 &monachos‚

251 2120 398 2155 laudatas
419 2120 543 2155 litteras
567 2121 711 2163 profiteri
736 2121 915 2155 recusantes
936 2145 946 2161 ,
974 2121 1129 2164 Episcopi

250 2170 498 2214 degradabant‚
524 2169 760 2213 ejiciebantque
786 2171 991 2204 desEcclefiis
1016 2171 1131 2204 &mo-

251 2220 422 2254 nasteriis:
447 2220 549 2254 Hanc
559 2221 657 2254 etiam
670 2221 833 2262 compesci
848 2220 1042 2255 violentiam
1063 2221 1131 2264 sup-

252 2270 355 2313 plicat
379 2269 531 2310 libellus,
557 2269 692 2313 darique
703 2269 851 2304 inducias
862 2270 962 2313 usque
984 2269 1024 2304 ad
1047 2270 1130 2303 futu-

251 2331 322 2354 ram
343 2320 539 2362 Synodum‚
564 2320 654 2364 quod
667 2319 773 2363 ipsum
795 2331 854 2362 pro
866 2321 983 2355 Sancto
1007 2319 1133 2353 Flavia-

250 2381 302 2403 no
311 2394 322 2410 ,
347 2369 381 2402 &
393 2369 466 2404 aliis
474 2368 674 2407 orthodoxis
686 2369 853 2413 Episcopis
864 2393 875 2410 ,
894 2371 1024 2413 ipsaque
1038 2368 1132 2404 Chri·

252 2419 356 2452 stiana
377 2419 460 2460 fide,
488 2429 542 2463 per
568 2418 767 2462 Ephefinum
798 2420 1008 2454 latrocinium
1036 2420 1133 2458 ἰωῆς,

254 2467 479 2502 &Theodosio
500 2468 654 2512 Augusto
677 2468 853 2511 postularat
866 2494 875 2509 ,
901 2479 935 2503 at
951 2481 1019 2503 non
1032 2469 1132 2513 impe-

255 2526 355 2551 trarat
378 2518 511 2552 Sanctus
524 2518 595 2551 Leo
612 2518 786 2552 Pontifex:
814 2518 927 2560 Atque
939 2518 983 2552 ita
997 2519 1038 2553 ad
1050 2519 1133 2553 simi-

253 2568 300 2600 les
321 2566 549 2602 haereticorum
569 2577 680 2610 preces
702 2567 815 2603 surdus
831 2568 947 2603 merito
958 2569 1020 2603 suit
1046 2570 1131 2603 Mar-

255 2618 369 2652 cianus
381 2617 549 2662 Augustus
559 2642 567 2650 .

306 2666 400 2700 Hinc
410 2668 451 2701 ad
474 2668 600 2701 easdem
631 2667 665 2700 in
677 2668 819 2712 praesenti
843 2668 982 2712 Synodo
992 2670 1132 2712 reposuit

257 2718 430 2761 Diogenes
452 2716 671 2761 Metropolita
696 2717 884 2761 Cyzicenus
907 2732 915 2752 ε
942 2717 1132 2762 Barsumas,

257 2773 307 2810 qut
327 2767 481 2800 interillos
495 2765 651 2808 intravit,
675 2769 782 2801 occidit
790 2769 911 2802 beatum
925 2771 1111 2803 Flavianum
1126 2795 1131 2801 .

255 2815 323 2860 Ipse
345 2816 496 2857 instabat,
522 2818 557 2851 ὀ·
583 2816 719 2852 dicebat.-
746 2817 926 2853 OCCIDE
939 2844 946 2851 .
974 2823 1019 2851 Et
1029 2830 1086 2852 non
1097 2819 1133 2859 est

251 2866 361 2909 pofitus
394 2866 427 2901 iii
446 2867 636 2907 petitionibus
657 2891 664 2898 .
692 2870 798 2911 ,Quare
828 2873 966 2902 introivit
987 2869 1004 2899 ,ἓ
1039 2869 1134 2903 Solos

256 2927 399 2958 namque
419 2915 536 2950 libello
558 2916 750 2959 subscriptos
770 2918 904 2962 gloriosi
930 2917 1053 2961 judices
1067 2930 1132 2961 per-

255 2967 411 3000 miserant
434 2966 587 3000 introire.
615 2967 997 3011 Diogeniacclamarunt
1017 2969 1132 3003 Orien-

252 3016 334 3050 tales
356 3016 530 3059 Episcopi:
556 3021 681 3050 omnem
693 3019 804 3056 syriam
825 3016 993 3061 Barsumas
1003 3024 1131 3052 evertit.

256 3069 356 3099 Duxit
363 3064 453 3109 super
465 3078 518 3099 nos
533 3067 611 3099 mille
630 3066 784 3100 monachos
796 3091 803 3099 .
830 3068 914 3115 Qiae
926 3069 1039 3103 omnia
1064 3068 1134 3113 glo·

253 3115 461 3158 riofijudices
483 3114 742 3156 dissimulantes,
767 3128 824 3151 eos
834 3119 875 3151 ad
897 3117 1034 3161 Synodo
1054 3119 1132 3153 obe-

254 3164 432 3207 diendum,
459 3166 494 3199 &
515 3162 736 3199 orthodoxam
746 3164 845 3201 fidem
866 3167 985 3210 abipsa
1011 3168 1134 3202 discen-

254 3215 332 3250 dam
345 3218 434 3249 fuere
451 3213 640 3256 adhortati;
668 3223 701 3248 at
711 3215 825 3250 frustra
839 3242 846 3249 .
874 3217 1008 3251 Etenim
1023 3219 1133 3252 factio·

256 3265 309 3299 nis
328 3265 435 3309 capita
457 3265 598 3305 Carosus
618 3265 652 3298 &
674 3264 866 3301 Dorotheus
898 3267 1076 3310 produxere
1099 3268 1132 3301 ὅ(

254 3314 334 3348 alias
359 3326 486 3358 preces,
511 3323 608 3356 atque
633 3313 766 3348 dixere:
792 3318 963 3359 Rogamus,
991 3326 1025 3349 ut
1036 3322 1134 3350 recite-

256 3373 305 3398 tur
315 3364 430 3398 libellus
443 3389 454 3405 ,
480 3370 530 3407 qui
543 3363 656 3397 anobis
668 3363 807 3405 offertur.
837 3364 962 3399 Verum
977 3366 1132 3410 Episcopi

259 3415 295 3448 in
306 3413 493 3449 Barsumam
503 3423 730 3458 perrexerunt:
754 3416 941 3449 Homicidam
954 3414 1133 3459 Barsumam

354 3463 461 3505 Christ.
481 3468 561 3508 Lupi
571 3469 657 3508 Oper.
671 3467 749 3498 Tom.
761 3468 800 3497 II.

1905 101 2002 153 267

1185 177 1293 205 mittite
1308 171 1396 212 foras
1411 193 1422 208 ,
1447 173 1631 205 Homicidam
1657 180 1690 206 in
1709 182 1832 207 arenam
1856 199 1862 205 .
1892 174 2058 209 Anatbema

1186 220 1359 265 Barsumae.
1388 218 1569 262 Bar-sumam
1589 228 1621 255 in
1647 224 1789 257 exilium.
1818 224 1904 257 Eum
1914 225 2060 260 clamant

1186 272 1228 306 ad
1251 282 1382 307 arenam
1406 275 1421 311 ,‘
1443 270 1477 304 id
1499 271 1547 304 est
1570 295 1581 310 ‚
1608 272 1649 306 ad
1671 284 1822 317 campum
1849 274 2060 314 sceleratum,

1187 331 1243 357 aut
1264 321 1307 356 ad
1329 317 1601 364 amphitheatrum
1615 345 1625 360 ,
1652 322 1764 366 inquo
1783 320 1956 357 homicidae
1983 335 2063 357 con-

1188 373 1314 406 suerant
1337 371 1425 406 feriri
1445 370 1559 416 gladio
1573 394 1583 410 ,
1610 381 1666 403 aut
1688 373 1729 406 ad
1752 373 1870 407 bestias
1897 383 2039 417 pugnare
2053 398 2062 405 .

1189 421 1422 456 Nihilominus
1451 420 1581 465 gloriosi
1603 420 1725 462 judices
1746 423 1819 456 sunt
1846 422 2059 462 interlocuti:

1190 473 1319 506 Libellus
1340 476 1476 505 recitetur
1498 500 1505 506 .
1533 469 1703 505 Recitavit
1730 470 1971 507 Constantinus
1983 471 2063 507 sacri

1189 521 1380 556 Consistorii
1398 521 1589 559 Secretarius
1600 545 1607 552 .
1774 547 1783 560 ff
1797 550 1800 554 .

1236 571 1390 606 Habebat
1411 573 1520 615 capita
1546 570 1634 605 varia
1660 595 1667 602 .
1695 567 1808 605 Primo
1830 595 1841 611 ‚
1867 571 1907 605 de
1933 584 2066 616 precum

1187 622 1337 657 tarditate
1359 623 1392 658 δε
1414 622 1481 655 sero
1505 620 1546 655 ad
1568 620 1741 664 Synodum
1762 618 1904 654 adventu
1930 624 2065 657 excusat

1188 671 1403 715 supplicantes
1413 696 1423 711 ‚
1449 670 1539 715 quod
1550 681 1760 705 communem
1770 670 1924 704 omnium
1935 670 2067 706 Patrem

1189 721 1346 757 carosum
1361 746 1372 762 ‚
1397 721 1464 756 fine
1473 732 1539 764 quo
1551 721 1622 755 fieri
1633 718 1717 754 nihil
1734 720 1826 754 licuit
1841 743 1852 758 ,
1877 719 2066 754 Marcianus

1189 771 1356 817 Augustus
1370 783 1438 805 non
1462 770 1520 805 nifi
1534 771 1564 805 se
1590 769 1882 815 praesentejuffiffet
1897 768 2069 812 Synodum

1189 822 1341 857 accedere
1362 846 1369 854 .
1398 820 1548 855 Secundo
1571 822 1686 855 omnia
1714 820 1842 863 Synodi
1867 819 1950 855 Acta
1974 831 2070 866 rogat

1189 872 1422 915 consequenter
1431 872 1485 905 seu
1495 870 1674 905 secundum
1684 870 1859 905 Canonum
1870 871 2071 914 consequen-

1191 923 1272 956 tiam
1294 920 1490 965 procedere,
1516 931 1614 965 atque
1628 921 1673 955 ita
1695 920 1925 955 sanfflffimum
1953 918 2072 955 Archi-

1193 972 1391 1015 Episcopum
1412 971 1634 1010 Dioscorum‚
1659 971 1760 1014 &ipfi
1789 971 2072 1006 communicantes

1192 1021 1400 1056 sanctissimos
1425 1022 1606 1066 Episcopos
1624 1046 1635 1062 ‚
1663 1022 1829 1064 perperam
1854 1020 2072 1065 degradatos,

1194 1073 1330 1114 reparari
1341 1084 1379 1105 ac
1401 1072 1572 1108 restituiin
1594 1073 1782 1116 integrum,
1809 1071 1876 1104 fieri
1890 1081 2013 1104 novum
2035 1073 2075 1104 fi-

1193 1121 1245 1154 dei
1266 1131 1405 1156 examen
1428 1145 1439 1161 ,
1466 1122 1499 1158 &
1520 1122 1632 1156 omnia
1663 1120 1729 1155 huc
1748 1121 1846 1164 usque
1866 1120 2008 1164 judicata
2030 1121 2072 1155 ad

1194 1170 1347 1206 incudem
1370 1172 1532 1205 revocari.
1557 1172 1641 1218 Qae
1663 1171 1740 1204 cum
1762 1170 1966 1215 legerentur,
1995 1170 2074 1215 Epi-

1196 1221 1283 1264 scopi
1306 1220 1547 1255 exclamarunt:
1581 1219 1727 1263 Dioscoro.
1755 1219 1922 1264 Dioscorum
1934 1219 2070 1261 christus

1195 1269 1342 1313 deposuit.
1369 1270 1440 1311 Istos
1454 1270 1544 1312 foras
1566 1275 1669 1304 mitte.
1696 1270 1773 1304 Tolle
1785 1273 1928 1311 injuriam
1954 1273 1974 1303 ti
1987 1273 2073 1311 syno-

1194 1321 1248 1353 do.
1278 1323 1437 1353 Petitiones
1447 1320 1664 1360 istasasynodo
1672 1322 1769 1353 audiri
1781 1331 1838 1353 non
1850 1322 1932 1355 licet,
1961 1321 2046 1354 Illum
2059 1344 2070 1360 ‚

1194 1376 1244 1412 qui
1257 1371 1418 1403 damnatus
1434 1369 1473 1411 est
1482 1370 1522 1402 ab
1546 1377 1625 1403 omni
1635 1372 1764 1408 synodo,
1789 1369 1968 1413 Episcopum
1982 1377 2077 1402 nomi·

1194 1431 1267 1454 nare
1289 1420 1354 1462 ausi
1366 1417 1456 1462 sunt.
1483 1420 1606 1464 Regulae
1628 1431 1720 1463 quare
1744 1421 1895 1453 calcantur
1919 1420 1932 1453 ?
1958 1418 2074 1454 Recla-

1195 1470 1369 1504 marunt&
1390 1467 1701 1504 Archi-Mandritae.
1729 1470 1806 1503 Tolle
1818 1471 1962 1511 injuriam
1982 1470 2003 1501 ἃ
2015 1481 2074 1502 mo-

1194 1520 1328 1561 nasteriis
1349 1543 1357 1551 .
1398 1519 1531 1562 Utique
1557 1519 1710 1562 injuriam
1739 1519 1805 1562 jam
1840 1528 2071 1553 memoratam.

1195 1570 1288 1604 Hinc
1311 1569 1441 1613 gloriosi
1452 1568 1576 1611 judices
1597 1569 1858 1614 interposuerunt
1872 1583 1883 1605 .·
1908 1571 1977 1604 sine
1992 1578 2073 1613 prae·

1187 1620 1302 1662 judicio
1311 1625 1449 1653 recitetur
1460 1618 1572 1655 libellus
1586 1644 1594 1652 ,

1243 1670 1322 1713 Ejus
1332 1670 1464 1705 tertium
1476 1679 1572 1714 caput
1582 1679 1649 1705 erat
1659 1685 1670 1705 .-
1696 1672 1840 1713 Piiffimus
1852 1677 2015 1715 Imperator
2026 1684 2074 1706 no-

1187 1719 1247 1760 ster
1259 1745 1270 1761 ,
1294 1731 1331 1753 ex
1345 1732 1399 1763 quo
1407 1732 1579 1765 congregare
1588 1720 1663 1754 hanc
1672 1723 1812 1760 synodum
1824 1722 1968 1763 constituit
1979 1748 1989 1763 ,
2010 1723 2074 1765 pol-

1194 1772 1291 1803 licitus
1302 1770 1340 1810 est
1351 1770 1431 1804 nobis
1441 1772 1610 1814 confirmari
1630 1771 1709 1805 banc
1730 1782 1850 1806 tantum
1870 1772 2074 1815 expositionem

1189 1820 1263 1862 fidei
1282 1828 1475 1854 trecentorum
1495 1823 1594 1855 decem
1616 1825 1651 1855 Ca·
1669 1822 1729 1856 οᾶο
1739 1821 1912 1866 fundorum
1923 1826 2052 1857 Parrum
2065 1847 2077 1863 ,

1193 1873 1227 1905 <5
1240 1869 1316 1904 nihil
1325 1872 1411 1905 aliud
1417 1880 1489 1905 ante
1500 1870 1551 1906 hoc
1572 1878 1705 1912 moveri,
1731 1875 1784 1907 vel
1798 1873 1887 1915 fieri.
1913 1871 2080 1917 Nequissi-

1194 1922 1238 1956 mi
1253 1921 1514 1966 Eutychianistae
1525 1934 1566 1957 ex
1576 1922 1646 1956 solo
1659 1923 1800 1957 Nicaeno
1823 1920 2005 1966 symbolo,
2031 1932 2082 1957 ut-

1194 1972 1269 2016 pote
1279 1973 1320 2007 ad
1332 1974 1476 2017 ipsorum
1486 1984 1606 2008 errores
1618 1972 1747 2007 facilius
1758 1973 1896 2008 versatili
1908 1996 1919 2012 ‚
1943 1971 2083 2015 judicari

1195 2022 1310 2057 volunt
1323 2047 1335 2063 ‚
1369 2024 1449 2058 facta
1469 2034 1523 2067 per
1545 2023 1718 2067 Synodum
1740 2023 2083 2067 Constantinopolita-

1195 2084 1270 2107 nam
1293 2072 1517 2107 additamenta
1535 2072 1755 2113 detestantur,
1780 2074 1828 2107 uti
1850 2073 2006 2107 damnata
2027 2084 2084 2115 per

1195 2120 1392 2166 Ephesinum
1413 2123 1610 2163 Canonem,
1637 2122 1752 2157 libello
1774 2122 1884 2157 subtus
1894 2121 2061 2157 adnexum
2074 2148 2082 2155 .

1195 2172 1300 2215 Aiunt
1310 2172 1511 2207 Dioscorum
1524 2171 1565 2207 ad
1587 2171 1653 2206 haec
1673 2172 1786 2206 omnia
1806 2181 1954 2216 paratum
1967 2195 1977 2211 ,
1996 2171 2084 2206 ideo-

1193 2234 1257 2266 que
1279 2222 1371 2257 datas
1394 2223 1428 2256 in
1449 2222 1544 2256 illum
1565 2224 1741 2257 sententias
1761 2221 1876 2257 debere
1896 2222 2023 2261 incidi,
2048 2223 2084 2257 &

1193 2274 1322 2307 causam
1342 2272 1385 2306 de
1419 2284 1509 2306 novo
1534 2271 1702 2306 inchoari:
1728 2272 1908 2308 Concludit
1932 2272 2081 2307 libellus:

1192 2324 1223 2355 Si
1235 2331 1337 2355 contra
1359 2321 1423 2356 haec
1435 2347 1446 2364 ,
1471 2334 1539 2364 quae
1570 2332 1634 2355 tam
1653 2321 1856 2365 consequenter
1878 2327 2054 2365 requirimus
2072 2346 2085 2363 ,

1194 2371 1288 2413 vestra
1312 2378 1421 2406 nititur
1441 2377 1641 2412 Reverentia,
1669 2374 1704 2406 ὁ·
1727 2373 1802 2406 velit
1817 2373 1997 2406 auotoritate
2017 2379 2084 2412 uti,

1193 2434 1263 2465 quae
1282 2428 1432 2455 contraria
1457 2422 1496 2463 est
1519 2421 1719 2462 utilitatibus,
1754 2423 1891 2463 testamur
1923 2426 2083 2456 Dominum

1193 2472 1344 2512 christum
1357 2497 1368 2513 ,
1394 2472 1589 2514 &piiffimum
1601 2475 1812 2513 Imperatorem
1823 2495 1833 2510 ‚
1854 2473 2084 2516 &magnificen-

1193 2523 1306 2562 tiffimos
1321 2522 1441 2563 judices
1455 2547 1466 2563 ,
1493 2523 1528 2556 Θ·
1562 2523 1764 2563 ampliffimum
1784 2524 1926 2556 Senatum
1938 2546 1948 2560 ‚
1979 2524 2013 2556 <9⁴
2033 2534 2085 2555 ve-

1188 2572 1283 2613 stram
1293 2570 1517 2615 confitentium,
1544 2570 1679 2610 &vestes
1695 2570 1807 2611 nostras
1834 2576 2022 2612 excutimus,
2048 2573 2084 2607 &¹
2106 2613 2109 2614 ⁷

1195 2631 1284 2657 extra
1297 2621 1426 2663 vestram
1436 2626 1724 2655 communicationem
1736 2632 1788 2652 nos
1808 2621 1960 2662 efficiemus
1972 2645 1979 2652 .
2008 2626 2085 2655 Non
2105 2624 2112 2628 “

1199 2678 1277 2705 enim
1295 2677 1435 2713 patimur
1447 2695 1457 2711 ,
1485 2669 1609 2709 symbolo
1626 2669 1702 2711 fidei
1719 2678 1910 2703 trecentorum
1931 2672 2028 2704 decem
2048 2672 2084 2705 ὁ·

1194 2722 1253 2755 οὸἶο
1273 2719 1405 2765 recusato
1417 2744 1429 2761 ,
1467 2724 1719 2754 communicatores
1736 2718 1802 2761 fieri
1813 2731 1932 2763 eorum,
1959 2727 2011 2764 qui
2032 2720 2083 2756 hoc

1195 2770 1355 2815 respuunt.

1244 2820 1474 2856 Temerariam
1485 2833 1524 2857 ac
1543 2820 1744 2867 desperatam
1767 2819 1991 2857 haereticorum
2014 2834 2083 2858 mo-

1197 2871 1379 2907 nachorum
1389 2871 1561 2907 audaciam
1584 2871 1737 2916 Synodus
1759 2870 1949 2917 obstupuit,
1973 2873 2006 2907 &
2030 2873 2084 2908 ad-

1197 2922 1305 2956 versus
1317 2921 1407 2956 illam
1418 2922 1535 2957 AEtius
1546 2922 1696 2956 Ecclefiae
1709 2922 2087 2966 Constantinopolitanae

1201 2971 1491 3007 Archi-Diaconus
1501 2973 1657 3016 produxit
1670 2973 1705 3006 &
1718 2971 1799 3016 legit
1811 2972 1964 3015 quintum
1975 2972 2085 3007 Cano-

1195 3033 1271 3057 nem
1284 3020 1537 3056 Antiochenam
1550 3045 1561 3060 ‚
1572 3022 1783 3056 mandantem
1796 3031 1833 3056 ut
1845 3021 2016 3067 Presbyter
2027 3033 2083 3057 aut

1194 3072 1301 3116 quivis
1315 3071 1461 3105 Clericus
1472 3095 1483 3111 ,
1508 3071 1527 3104 a
1546 3072 1594 3105 sui
1606 3071 1758 3115 Episcopi
1771 3073 2007 3106 communione
2019 3074 2084 3106 sese

1196 3123 1228 3155 in
1242 3120 1521 3165 parasynagogam
1543 3122 1690 3164 separans
1706 3146 1719 3163 ‚
1745 3121 1890 3156 secunde>
1913 3131 2084 3156 revocetur

1195 3171 1235 3205 ad
1249 3170 1408 3204 unitatem
1421 3171 1455 3203 <Sc
1466 3170 1606 3214 gratiam
1617 3195 1629 3211 ,
1655 3180 1836 3207 contumax
1846 3182 1935 3206 extra
1946 3183 2084 3207 omnem

1195 3219 1406 3263 reparationis
1418 3221 1506 3262 spem
1516 3219 1729 3265 degradetur,
1756 3221 1792 3256 ὅτι
1817 3223 1983 3266 tamquam
2003 3222 2087 3256 sedi-

1195 3271 1358 3311 tiosusper
1381 3269 1473 3302 laicas
1496 3270 1653 3312 potestates
1676 3269 1886 3314 compescatur.
1916 3271 1960 3306 Et
1972 3272 2082 3306 euasti

1198 3320 1351 3363 Episcopi
1363 3319 1602 3355 acclamarunt:
1630 3325 1702 3354 Haec
1716 3320 1798 3362 justa
1810 3322 1927 3365 regula,
1955 3320 2019 3355 haec
2038 3333 2083 3356 re-

1191 3371 1263 3414 gula
1276 3372 1422 3402 Patrum.
1451 3369 1535 3405 Eam
1546 3370 1717 3404 innovavit
1728 3378 1824 3413 atque
1836 3369 2002 3414 ampliavit
2025 3372 2084 3414 Sy-

1200 3419 1305 3454 nodus
1327 3421 1439 3454 ostava
1459 3444 1467 3452 .
1510 3419 1562 3453 Ex
1583 3418 1696 3454 eadem
1718 3418 1899 3456 monachos
1923 3430 2083 3465 rogarunt

1553 3470 1582 3503 L
1605 3470 1616 3503 l
1668 3480 1690 3506 2
1901 3470 2035 3517 gloriosi
