2340 3736
672 142 739 174 De
775 140 998 186 QUINTA
1035 126 1278 187 SYNODO
1313 138 1641 172 GENERALI.

1896 146 1911 175 1
1925 145 1988 191 7⁴9

247 217 329 253 dicit
349 214 397 250 de·
410 215 481 258 ipso
505 213 699 249 Romanum
717 210 920 246 Breviarium
939 225 947 245 :
985 214 1128 256 Agnoetas
1194 208 1240 242 At
1259 208 1378 244 horum
1402 207 1484 242 nihil
1507 221 1562 253 per
1581 211 1730 247 eamdem
1752 213 1924 256 synodum
1945 215 2069 250 tractari

247 266 432 302 Alexandria
441 266 525 304 eiecit
543 287 552 296 .

295 314 486 357 Adsumptae
498 311 697 347 humanitati
712 312 937 357 ignorantiam
949 310 1127 347 adscribere

245 365 292 398 est
312 362 453 398 omnino
473 362 639 397 temeritas
659 364 799 397 nefanda
814 387 821 395 .
848 363 942 396 Hinc
969 362 1128 405 Leporius

245 412 419 457 Presbyter
448 414 640 448 Gallicanus
668 424 711 447 ex
736 413 844 448 Sanssi
880 411 1062 457 Augustini
1094 412 1128 445 δε

243 465 350 498 totius
379 463 542 498 Africanae
564 463 693 507 Synodi
717 462 875 496 mandato
895 462 1004 495 scribit
1032 462 1066 494 in
1091 461 1128 494 li-

246 513 334 548 bello
355 515 415 548 suae
433 512 691 549 emendationis.
718 516 758 544 Ut
782 513 816 545 ὁ·
828 510 896 544 binc
907 511 987 544 nihil
992 516 1126 554 cuiquam

245 569 278 596 in
283 562 445 607 suspicione
466 565 690 605 derelinquam,
714 570 785 594 tunc
807 562 875 593 dixi
899 564 1058 595 Dominum
1080 572 1126 593 no-

238 612 336 654 strum
351 613 462 659 Jesum
485 613 630 653 christum
657 610 818 653 fiecundicm
840 610 986 645 bominem
1006 617 1123 656 ignora·

245 675 302 706 υτ,-
324 662 382 706 sed
390 672 466 697 num-⁹
474 662 632 705 nonsolum
643 663 738 694 dicere
758 659 970 704 nonpraesumo
983 686 993 701 ‚
1017 662 1124 696 verum

246 721 338 746 ctiam
356 720 486 755 priorem
505 711 727 746 anathematizo
729 708 931 753 sententiam:
957 707 1124 756 ,Quia'dici

248 763 379 796 nonlicet
387 769 478 797 etiam
484 760 644 805 secundum
653 760 799 793 hominem
812 762 951 805 ignorasse
964 766 1122 795 Dominum

248 813 476 855 Prophetarum.
503 810 658 846 Ferrandi
682 811 828 845 Diadoni
856 810 1124 857 Carthaginensis

120 587 141 622 l

247 862 378 906 quaestio
399 863 462 895 fuit
489 860 529 896 ad
559 863 713 896 Sanstum
745 861 979 906 Fulgentium.
1019 863 1124 894 Utrum

246 918 350 945 anima
369 910 479 952 Christi
507 910 697 955 sufheptricis
719 914 850 944 Deitatis
866 912 987 953 plenam
1016 910 1123 944 babeat

244 964 360 995 omnino
373 967 527 1002 notitiam,
554 962 843 1004 &quemadmodum
869 967 999 995 invicem
1016 960 1051 1005 se
1076 972 1122 994 no-

244 1020 317 1044 rum
334 1014 428 1044 Pater
449 1035 459 1049 ,
494 1013 528 1045 Θ
551 1013 674 1052 Filius,
698 1011 732 1044 (5·
752 1014 882 1052 spiritus
897 1009 1024 1054 sanc‘lus
1043 1035 1053 1051 ‚
1080 1012 1124 1044 itii

244 1062 324 1095 idem
336 1063 432 1095 Filius
439 1060 565 1106 sbipsam
578 1063 699 1103 perid,
725 1063 805 1103 quod
824 1061 906 1095 homo
930 1061 969 1102 est
981 1085 991 1100 ‚
1014 1067 1047 1094 in
1072 1073 1104 1094 eo
1116 1083 1125 1099 ,

244 1113 325 1153 quod
334 1115 412 1144 Deus
422 1111 482 1152 est,
508 1117 644 1152 noverit,
672 1123 710 1145 ex
725 1120 852 1154 utraque
873 1121 964 1154 arque
987 1117 1019 1143 in
1039 1120 1123 1144 urra-

245 1173 301 1203 que
307 1159 471 1203 substantia
480 1169 572 1195 totum
580 1168 698 1204 capiens
713 1163 837 1194 Patrem
850 1176 862 1195 .·
889 1166 936 1195 An
950 1161 1041 1208 forte
1051 1160 1125 1202 sicus

243 1212 333 1244 oculis·
343 1211 540 1252 corporalibus
555 1215 651 1245 Deum
661 1214 804 1254 spiritum
815 1213 935 1245 minime?
954 1212 1060 1252 videt,
1088 1221 1124 1243 ne

245 1272 304 1293 non
315 1259 426 1293 homini
435 1262 569 1303 dignitas
578 1263 707 1302 addita,
727 1259 788 1303 sed
802 1269 909 1294 natura
929 1262 1048 1302 penitus
1069 1271 1124 1293 cre·

243 1310 336 1342 datur
344 1319 543 1352 commutata5
563 1309 605 1352 fic
613 1312 768 1343 rationalis
778 1316 891 1344 am‘mae
912 1316 1053 1354 quamvis
1074 1316 1125 1352 pio

243 1359 394 1393 intellec‘iu
411 1361 539 1394 &corde
549 1361 727 1400 mundrffimo
736 1370 794 1404 non
819 1361 920 1394 videri
936 1371 1028 1403 neque
1050 1372 1124 1394 com-

239 1408 388 1451 prehendi
406 1421 519 1443 omnem
539 1412 722 1444 Divinitatis
742 1410 892 1453 essentiam
925 1423 962 1444 ne
985 1410 1124 1454 qualibet

246 1467 382 1493 creatura
402 1465 577 1494 inveniatur
598 1468 702 1503 capere
723 1462 903 1494 creatorem?
930 1461 974 1496 Et
996 1462 1121 1504 respon-

242 1509 298 1543 det
320 1511 454 1545 Sanetus
474 1509 666 1555 Fulgentius
698 1510 859 1547 Divinam
890 1510 1058 1545 essentiam
1085 1523 1123 1545 ac

243 1559 392 1593 Sanctam
423 1561 627 1594 Trinitatem
649 1560 668 1593 ὸ,
701 1559 823 1595 Christi
852 1561 992 1595 Domini
1013 1561 1124 1595 anima

243 1609 386 1642 omnino
406 1609 664 1653 comprehendi,
688 1621 824 1654 eamque
845 1613 907 1645 esse
930 1611 1122 1645 sententiam

245 1660 436 1693 SanQorum
469 1658 638 1694 Ambrosii
667 1660 703 1694 &
737 1659 946 1706 Augustini,
969 1660 1122 1695 omniurn

243 1707 391 1749 Petrum,
423 1709 577 1752 Apostoli
599 1710 715 1750 Pauli,
742 1722 780 1745 ac
813 1711 907 1754 ipsius
931 1711 1122 1755 Evangelii:

243 1757 328 1792 Eam
340 1759 402 1793 esse
414 1759 609 1803 singularem
620 1759 758 1803 gratiam
779 1761 955 1803 adsumptae
975 1759 1123 1795 humani-

241 1808 338 1847 tatis,
366 1808 420 1841 cui
437 1808 696 1842 communicavit
716 1833 726 1848 ,
748 1809 782 1843 &
803 1810 837 1843 in
864 1821 927 1851 qua
951 1809 1124 1844 abscondit

244 1857 336 1894 Deus
355 1868 471 1892 omnes
491 1857 631 1892 scientiae
660 1859 696 1892 δε
725 1859 887 1902 sapientiae
909 1860 971 1894 suae
999 1858 1119 1894 thesau-

244 1917 313 1942 ros.
341 1906 506 1952 Adjungit
517 1917 626 1942 tamen
641 1932 648 1941 .
676 1908 923 1952 Pofficmusplane
945 1910 1039 1944 dicere
1060 1916 1125 1943 ani·

243 1969 324 1990 mam
337 1957 562 1998 Christihabere
578 1958 704 2000 plenam
726 1964 861 1992 notitiam
885 1962 1015 1992 Deitatis
1031 1958 1122 2002 suae3

245 2006 337 2049 nescio
355 2015 458 2041 tamen
479 2009 579 2040 utrum
604 2008 760 2041 debeamus
783 2011 896 2050 dicere,
921 2011 1002 2051 quod
1020 2016 1123 2043 anima

245 2055 354 2095 Christi
366 2055 407 2097 fic
424 2055 512 2100 suam
534 2061 684 2091 Deitatem
712 2065 850 2097 noverit,
878 2061 1124 2101 quemadmodum

240 2104 371 2148 seipsam
379 2107 484 2139 Deitas
497 2113 581 2140 novit
592 2120 603 2140 .-
630 2110 677 2140 An
687 2119 745 2140 non
761 2108 858 2150 potius
882 2110 1040 2142 dicendum
1061 2109 1100 2148 est
1112 2134 1122 2149 ,

244 2161 317 2197 quia
326 2161 410 2188 novit
419 2157 564 2198 quantum
573 2157 647 2198 illa,
669 2155 730 2201 sed
746 2168 801 2190 non
818 2156 892 2199 ficut
913 2159 967 2191 iiia
980 2184 987 2190 .
1012 2158 1140 2196 Solidel

244 2205 279 2239 δε
311 2205 420 2239 lucide
439 2206 525 2240 inter
557 2206 629 2240 illas
660 2207 895 2251 propositiones
926 2203 1141 2253 distinguit‚l

244 2254 454 2299 ostenditque
465 2256 605 2299 priorem
617 2267 740 2295 veram,
762 2257 970 2300 posteriorem
993 2260 1057 2292 ess'e
1067 2247 1140 2320 fal-¹

245 2306 312 2338 sam
324 2315 423 2348 atque
433 2305 652 2350 blasphemam
667 2332 674 2339 .
704 2308 747 2341 Et
759 2307 828 2350 ejus
852 2308 1033 2342 austeritati
1056 2308 1139 2341 insi--

245 2353 331 2389 stens'
341 2356 492 2398 Synodus
504 2355 690 2390 Basileensis
712 2357 828 2391 merito
848 2358 1016 2392 damnavit
1038 2356 1124 2391 hanc

244 2405 500 2448 propositionem
532 2405 710 2450 Augustini
733 2407 774 2441 de
801 2408 908 2441 Roma
934 2405 1124 2452 Archi-Epi-

243 2455 334 2498 scopi
355 2455 538 2490 Nazareni:
578 2460 684 2488 Anima
707 2456 817 2497 Christi
838 2459 925 2491 videt
944 2461 1039 2491 Deum
1061 2467 1124 2491 tam

243 2505 322 2537 clare
342 2507 378 2538 Θ
389 2515 452 2537 tam
464 2507 580 2538 intense
593 2529 604 2545 ‚
628 2508 860 2549 quantamclare*
869 2509 904 2541 <5
915 2510 1030 2541 intense
1042 2511 1124 2542 Deus

246 2555 331 2588 radet
355 2553 503 2597 seipsum.
540 2555 672 2589 Didiam
693 2556 860 2600 Fulget-itii
884 2557 1122 2592 distinctionem

93 2575 140 2613 (a)
165 2579 228 2606 Erat
301 2604 304 2605 γ
449 2605 456 2612 ,
675 2607 681 2614 .
883 2607 890 2614 .

73 2614 122 2646 hic
144 2615 228 2645 ordi·
247 2614 315 2637 non
332 2604 474 2638 attendit
486 2604 660 2639 Romanus
673 2605 732 2639 iste
749 2605 975 2650 Augustinus.
1001 2609 1054 2646 (a)

70 2419 134 2452 Sels.
145 2431 190 2450 ιι·

72 2655 116 2700 nis
131 2658 230 2700 Augu·
292 2651 344 2686 Ar
372 2652 605 2688 verosanecus
630 2653 836 2700 Augustinus
862 2655 1022 2690 famosum
1048 2659 1123 2692 San-

20 2757 22 2759 ,
72 2693 213 2772 ἑξέιῑίέἒὲῑ.
244 2702 287 2736 eti
312 2702 409 2736 Lucae
426 2703 537 2737 locum
565 2704 674 2747 paffim
707 2707 844 2749 exponit
868 2706 908 2740 de
934 2705 1066 2740 scientia
1089 2707 1123 2742 δε

74 2776 183 2803 Adnot:
245 2752 432 2796 ignorantia
469 2754 743 2789 communicativa
763 2780 773 2795 ,

73 2812 229 2850 Norifiana.
244 2802 333 2835 diem
359 2801 462 2836 Filius
486 2814 555 2838 non
582 2805 660 2838 scire
686 2816 753 2839 non
781 2806 881 2846 facit,
907 2817 1124 2849 eamquessex-

73 2871 206 2908 Capdh
246 2851 442 2895 positionem
479 2853 622 2888 laudavit
652 2855 786 2889 Sandius
822 2855 1050 2899 Hieronymus
1087 2857 1121 2889 in

244 2901 486 2937 commentariis
511 2904 616 2938 Sancti
644 2904 819 2943 Matthaei‚
843 2906 877 2940 &
900 2907 1034 2940 Sanctus
1045 2907 1122 2940 Gre-

243 2953 355 2996 gorius
376 2952 522 2997 Magnus
543 2954 576 2987 in
603 2953 739 2989 laudatis
761 2955 874 2989 litteris
898 2955 938 2989 ad
968 2958 1120 2990 Sanstum

73 2986 199 3024 c²p'¹3·
251 3001 452 3045 Eulogium.
492 3002 608 3037 Vistor
637 3004 806 3047 Presbyter
828 3004 1059 3039 Antiochenus
1086 3007 1118 3039 in

242 3052 490 3085 commentariis
512 3051 617 3086 saneti
638 3053 745 3088 Marci
771 3064 881 3099 rogat:
908 3059 972 3089 Cur
993 3057 1071 3089 diem
1088 3058 1122 3089 il-

240 3098 306 3134 lum
323 3102 451 3143 prodere
472 3112 529 3134 non
555 3102 674 3137 voluit?
702 3103 746 3138 Et
767 3105 955 3147 respondet:
984 3110 1023 3138 Ut
1044 3112 1120 3150 vlgi·

243 3151 283 3183 ies-
297 3163 311 3192 ;
328 3150 395 3183 >buc
416 3157 493 3183 enim
510 3150 629 3195 spec‘lat
650 3155 730 3195 quod
737 3165 804 3187 mox
810 3152 944 3197 sequitur
955 3181 964 3194 ‚
992 3155 1120 3190 VIDE-
1140 3162 1144 3166 ’

243 3200 311 3234 ΤΕ
336 3226 345 3240 ,
384 3199 618 3235 VIGILATE
641 3226 652 3242 ,
689 3202 881 3244 ORATE,
909 3205 1121 3239 NESCITIS

241 3249 373 3282 ‘ENIM
398 3250 618 3296 QJANDO
644 3251 846 3288 TEMPUS
883 3254 971 3288 EST
995 3280 1001 3287 .
1049 3255 1121 3288 Nec

245 3297 322 3333 inde
336 3322 347 3337 ,
370 3301 460 3342 quod
475 3299 712 3336 Theodoretus
722 3311 832 3345 putat,
858 3303 1023 3348 colligitur
1044 3305 1122 3338 veri-

244 3356 296 3380 tas
318 3348 408 3388 'mimz
437 3351 596 3385 mentita.
623 3350 788 3386 Adversus
819 3353 938 3394 Cyrilli
971 3353 1120 3396 Capitula

248 3395 393 3439 loquitur
414 3400 487 3434 lstic
514 3398 770 3441 Theodoretus,
794 3401 940 3445 adeoque
965 3402 1046 3436 liber
1068 3403 1123 3437 ille

240 3444 296 3480 est
321 3457 405 3482 unus
426 3449 444 3482 ὲ
464 3449 625 3484 damnatis
648 3462 703 3494 per
726 3452 896 3494 Synodum
922 3453 1121 3496 proesentem.

351 3495 454 3537 Christ.
467 3502 543 3542 Lupi
553 3504 635 3543 Oper.
648 3503 766 3535 Tomis.

818 2766 882 2797 qua
913 2756 1123 2790 noviffimum
1143 2791 1147 2799 ,

1191 260 1316 294 curavit
1339 259 1557 302 Justinianus:
1585 262 1748 306 Adversus
1769 264 1838 298 sola
1859 265 1920 299 tria
1936 265 2068 308 Capitu-

1192 311 1221 344 la
1246 310 1402 355 vigilabat
1428 320 1487 353 pro
1507 310 1702 352 Acephalis.
1729 313 1948 348 Postmodum
1969 317 2067 349 etiam

1189 371 1247 403 pro
1267 359 1492 394 Phantafiastis
1515 360 1569 393 seu
1591 359 1845 405 incorruptibilis
1864 364 1899 396 in
1913 365 2068 399 Domino

1190 412 1335 454 corporis
1358 409 1578 455 Dogmatistis
1601 421 1744 454 pugnare
1768 414 1889 457 coepit‚
1914 414 2068 448 Sannum

1192 459 1396 504 Eutychium
1432 459 1840 503 constantinopolitanum
1857 489 1868 505 ‚
1915 465 2069 498 Sanctum

1190 508 1397 545 Anastasium
1432 508 1654 544 patriarcham
1676 509 1950 555 Antiochenum,
1976 513 2069 548 alios-

1189 571 1251 602 que
1271 560 1305 594 id
1330 572 1434 605 genus
1443 560 1554 595 Patres
1574 559 1764 594 clarissimos
1786 561 1917 603 projecit
1941 565 1976 597 in
2001 563 2069 597 exi-

1188 609 1267 643 lium
1282 634 1291 649 ,
1317 611 1419 647 fastus
1444 610 1549 654 palam
1580 609 1747 644 haereticus
1771 612 1938 653 repentina
1965 624 2070 647 morte

1187 659 1424 703 exstinguitur,
1451 661 1508 702 &‚
1535 660 1616 695 teste
1641 660 1785 705 Evagrio
1814 657 2070 703 Epiphaniensi,

1187 709 1225 742 ad
1249 710 1375 743 inferna
1394 708 1564 745 descendit
1587 710 1726 744 luiturus
1760 721 1873 754 poenas
1909 711 2070 753 sempiter-

1191 770 1260 793 nas.
1288 758 1487 793 Prodierunt
1506 760 1619 803 &pro
1644 759 1703 798 illo
1716 759 1892 805 Apologiae
1909 773 1916 792 ε
1947 759 2070 803 Atquae
2089 769 2120 800 L.
2136 769 2163 806 ς.’
2177 777 2204 801 c.
2218 779 2243 800 ι,

1189 809 1237 842 illi
1269 810 1356 853 apud
1395 811 1580 854 supremum
1609 809 1752 852 judicem
1787 822 1858 845 non
1891 810 2071 855 patrocine-
2221 806 2235 829 *⁷

1189 869 1257 893 tur.

1270 1049 1526 1099 CAPUT
1564 1050 1986 1099 OCTAVUM.

1190 1172 1405 1237 Expoizi‘tur
1418 1173 1448 1214 S
1435 1167 1583 1232 ynodus
1597 1141 1895 1237 MOPfiffstl'Wfis
1906 1175 1943 1217 in
1956 1167 2072 1236 causti

1354 1235 1540 1286 Theodori
1555 1237 1688 1286 ibidem
1703 1238 1879 1308 Epissopl'
1892 1277 1902 1288 .

1283 1358 1417 1393 Mnium
1430 1358 1580 1393 fidelium
1594 1384 1605 1401 ,
1632 1360 1868 1403 Episcoporum
1879 1360 2047 1402 praesertim
2061 1383 2074 1399 ,

1308 1410 1342 1442 in
1360 1409 1508 1443 Ecclefiae
1517 1421 1596 1452 pace
1617 1409 1846 1444 defunstorum
1869 1410 2003 1443 nomina
2014 1407 2072 1443 ho-

1191 1460 1311 1493 noratis
1332 1459 1450 1493 tabulis
1472 1458 1643 1494 inscribere
1663 1485 1673 1500 ‚
1701 1461 1734 1493 δε
1749 1460 1785 1493 in
1800 1459 1869 1493 dies
1892 1459 2070 1494 solenniter

1188 1509 1226 1543 ad
1238 1509 1411 1543 Missarum
1433 1509 1579 1543 solennia
1599 1510 1741 1543 &altare
1755 1510 1908 1550 recitare,
1934 1508 1980 1543 est
1991 1509 2072 1542 anti-

1189 1557 1335 1602 quiffima
1353 1559 1505 1593 omnium
1527 1558 1586 1593 sub
1599 1559 1685 1593 coelo
1698 1559 1914 1593 Ecclefiarum
1940 1559 2073 1593 consue,-

1189 1609 1290 1649 tudo‚
1316 1610 1349 1643 &
1373 1608 1604 1652 Apostolicum
1626 1608 1811 1643 institutum
1839 1633 1849 1650 ,
1874 1607 1915 1642 de
1941 1620 2009 1653 quo
2034 1609 2069 1644 in

1190 1659 1357 1703 Apologia
1380 1670 1438 1702 pro
1463 1660 1581 1694 Sansto
1593 1658 1759 1701 Dionysio
1782 1657 1968 1693 patriarcha
1995 1658 2072 1692 Ale-

1188 1720 1226 1742 xa
1233 1708 1350 1742 ndi-ino
1363 1709 1470 1742 scribit
1481 1709 1652 1743 adversum
1664 1708 1731 1751 ejus
1740 1709 1963 1743 criminatores
1977 1707 2072 1742 Aria,-

1189 1770 1249 1792 nos
1269 1758 1401 1792 Sanctus
1425 1758 1623 1792 Athanasius
1640 1773 1651 1792 .-
1677 1762 1782 1802 Magni
1802 1761 1877 1792 certe
1901 1764 2069 1802 argumenti

1187 1808 1223 1848 est
1234 1807 1311 1841 nibil
1320 1820 1366 1842 eos
1387 1810 1458 1841 vere*
1467 1810 1582 1848 dicere,
1610 1811 1811 1843 &calumniis
1833 1813 1935 1842 virum
1956 1817 2074 1851 preme?

1187 1870 1233 1896 re,
1261 1859 1340 1901 quod
1360 1858 1409 1892 ille
1421 1869 1572 1900 nunquam
1593 1857 1631 1891 ab
1653 1859 1722 1891 aliis
1735 1858 1892 1902 Episcopis
1915 1859 1952 1891 de
1963 1863 2065 1899 impie·

1187 1917 1251 1941 tate
1270 1908 1423 1941 conviiius
1445 1908 1505 1948 est,
1531 1920 1623 1950 neque
1644 1906 1772 1949 baerest'm
1790 1909 2006 1951 propugnando
2027 1907 2070 1940 ab

1188 1956 1313 1999 Ecclesia
1326 1956 1430 2001 Jeceffit
1441 1982 1451 1998 ,
1473 1956 1533 2000 sed
1552 1963 1583 1990 in
1596 1970 1632 1991 ea
1654 1968 1719 1990 cum
1726 1964 1846 2000 pietate
1865 1958 2046 1991 obdormivit
2057 1982 2068 1997 ,

1186 2009 1319 2050 quodque
1351 2009 1414 2048 ejus
1435 2012 1576 2040 memoria
1595 2007 1734 2042 habitam
1754 2019 1818 2041 cum
1848 2007 1989 2040 Patribus
2015 2007 2071 2040 huc

1186 2056 1275 2100 usque
1295 2058 1437 2090 celebrata
1449 2057 1507 2097 est,
1533 2058 1609 2090 &in
1630 2057 1794 2100 catalogum
1821 2059 1915 2090 relata
1928 2082 1935 2088 .
1962 2059 2026 2100 ‚Qui
2043 2056 2074 2098 fi

1185 2119 1249 2140 cum
1258 2106 1317 2147 istis
1329 2105 1459 2149 ejusdem
1469 2105 1724 2149 opin'ionisfuiffet
1745 2131 1755 2146 ‚
1778 2108 1901 2140 minime*
1919 2107 2044 2139 dubium
2057 2131 2069 2146 ,

1185 2162 1256 2198 quin
1273 2157 1375 2197 eadem
1396 2181 1406 2196 ‚
1434 2167 1501 2198 quae
1526 2158 1570 2190 iili
1592 2180 1602 2196 ,
1623 2156 1761 2199 paffurus
1781 2157 1899 2198 fuisset.
1931 2156 2066 2200 Expun÷

1186 2209 1253 2241 &us
1273 2206 1378 2240 fuisset
1397 2205 1439 2239 de
1451 2205 1562 2240 tabula
1590 2206 1718 2250 piorum
1736 2207 1973 2250 Episcoporum
1985 2231 1992 2238 .
2021 2207 2068 2240 Et

1186 2256 1227 2290 ad
1241 2256 1436 2290 Anatolium
1447 2255 1856 2299 Constantinopolitanum
1869 2255 2067 2300 Episcopum

1186 2354 1385 2390 exstantibus
1404 2366 1518 2389 contra
1536 2355 1760 2390 Timotheum
1785 2355 1946 2392 AElurum
1970 2357 2068 2390 suum

1186 2405 1547 2441 Pseudo-Patriarcham
1574 2406 1725 2449 Synodus
1748 2405 1958 2450 AEgyptiacae
1984 2406 2069 2441 dioe-

1185 2458 1313 2491 ceseos:
1340 2460 1445 2489 Etiam
1466 2462 1497 2488 in
1517 2455 1684 2489 venerabili
1694 2456 1854 2498 Dypticbo,
1880 2462 1912 2488 in
1925 2468 1981 2498 quo
2002 2463 2067 2498 piae

1185 2512 1331 2540 memoriae
1352 2505 1507 2548 tranfitum
1517 2506 1562 2538 ad
1571 2507 1651 2540 caelos
1670 2505 1841 2543 habmium
1854 2504 2067 2548 Episcoporum
2087 2512 2132 2547 Ep.
2146 2521 2157 2539 2
2162 2519 2191 2547 3.

1184 2556 1326 2591 vocabula
1336 2561 1541 2594 continentur,
1565 2567 1631 2598 quae
1643 2554 1948 2598 temporesanc‘lorum
1973 2556 2067 2596 myste-

1184 2613 1291 2640 riorum
1309 2605 1471 2649 secundum
1484 2604 1605 2648 fundas
1616 2606 1733 2649 regulas·
1757 2606 1941 2649 releguntur,
1965 2605 2066 2648 posuit

1178 2655 1264 2700 suum
1285 2667 1387 2689 nomen
1409 2658 1444 2689 (ν’
1457 2654 1584 2698 Dioscori
1597 2681 1607 2696 ‚
1633 2662 1686 2698 qui
1700 2654 1757 2698 sub
1776 2657 1968 2690 damnatione
1991 2665 2068 2691 ana.-

1184 2702 1324 2740 thematis
1346 2708 1365 2738 ἃ
1378 2708 1439 2737 Deo
1458 2705 1492 2737 (ff
1516 2704 1681 2748 universali
1702 2704 1964 2740 chalcedonensi
1987 2708 2064 2738 Con-

1183 2758 1246 2789 cilio
1258 2755 1310 2798 effi·
1332 2757 1464 2788 decretus
1476 2754 1536 2795 est,
1562 2757 1596 2790 ὠ·
1610 2757 1723 2789 delevit
1748 2753 1940 2798 indesant‘i‘ae
1962 2766 2063 2788 memo·

1182 2812 1237 2839 riae
1257 2807 1291 2839 (5
1309 2804 1468 2847 secundum
1494 2807 1591 2838 Deum
1616 2811 1753 2839 viventis
1781 2809 1908 2839 Proterii
1935 2816 2064 2846 nomen,

1183 2857 1355 2900 regulariter
1366 2853 1606 2897 Archi-Episcopi
1628 2855 1790 2896 constituti.
1818 2855 1861 2888 Et
1875 2856 2062 2899 Apameen·

1185 2908 1221 2939 fis
1234 2917 1287 2949 per
1309 2904 1481 2940 secundam
1494 2906 1619 2947 Syriam
1632 2904 1899 2948 Metropolitanae
1910 2905 2062 2941 Ecclesiae

1184 2955 1297 2990 Clerus
1329 2957 1364 2990 in
1398 2954 1516 2988 libellis
1548 2980 1558 2995 ,
1596 2955 1970 2999 Constantinopolitanae
2004 2955 2064 2990 sub

1184 3007 1309 3039 Menna
1334 3004 1521 3038 patriarcha
1535 3004 1672 3047 synodo
1697 3005 1845 3044 insertis,
1871 3005 1955 3049 apud
1978 3017 2065 3042 eam-

1182 3056 1255 3089 dem
1269 3055 1440 3097 Synodum
1463 3055 1609 3096 queritur
1630 3054 1671 3087 de
1683 3054 1781 3088 Petro
1802 3055 1859 3088 suo
1874 3056 2039 3099 Episcopo
2057 3067 2065 3086 :

1183 3105 1426 3138 Anathemarizat
1443 3102 1564 3146 sanc‘los
1585 3105 1693 3137 Patres
1717 3104 1848 3147 nostros·²
1876 3106 1997 3139 &delet
2024 3106 2060 3139 de
2080 3113 2182 3151 Λξὶ,ς,’

1181 3154 1269 3198 sacris
1281 3153 1424 3196 dyptichis
1446 3151 1573 3195 ipsorum
1594 3154 1757 3196 vocabula,
1775 3159 1915 3188 ‘virorum
1935 3160 1988 3197 qui
2014 3153 2061 3186 bo·

1184 3204 1257 3244 nest&
1278 3206 1313 3238 (90
1328 3202 1431 3246 sandi?
1444 3209 1616 3242 vixerunt.
1646 3205 1729 3238 Eam
1749 3206 1927 3239 ¹nominum
1952 3204 2061 3243 inscri-

1186 3255 1331 3297 ptionem
1352 3253 1385 3286 δε
1401 3252 1625 3289 recitationem
1649 3254 1785 3289 inferius
1806 3251 2063 3297 vocatsalutaetio-

1186 3316 1249 3337 nem
1269 3301 1716 3346 beatissimorumvEpifcoporum
1739 3328 1749 3344 ,
1775 3303 1838 3337 hoc
1865 3303 1910 3337 est
1925 3327 1938 3344 ,
1963 3302 2060 3338 istum

1187 3355 1310 3388 cultum
1323 3377 1332 3391 ‚
1359 3363 1454 3395 quem
1477 3352 1668 3387 exhibemus
1691 3355 1812 3386 Sanctis
1831 3365 1907 3388 curn
1924 3351 2060 3389 Christo

1191 3401 1421 3448 regnantibus,
1447 3413 1625 3436 aureorum
1650 3403 1725 3437 sane
1745 3403 1963 3447 imaginibus,
1989 3414 2060 3446 qua

1191 3453 1276 3489 aliud
1291 3463 1357 3487 non
1370 3455 1463 3495 sunt,
1490 3452 1588 3497 quam
1605 3463 1719 3488 eorum
1740 3454 1875 3492 nomina
1888 3477 1898 3493 ‚
1923 3451 1976 3489 sed
1990 3453 2060 3489 scri-

1631 3503 1660 3538 Z
1712 3516 1734 3544 2,
1958 3512 2010 3547 pta
