2340 3736
96 2987 161 3018 1³0st
199 2990 251 3024 Ep.

99 3043 194 3098 iss-lat.
211 3078 233 3098 ι.

688 62 773 106 AD
808 57 1156 103 Ennestuum
1193 54 1660 101 Laraocmtun.

262 154 362 187 quam
386 142 638 178 fundamentum
650 138 792 174 habente
803 165 814 180 ,
838 139 879 172 ad
890 138 1050 182 Ioannem
1064 137 1146 172 Hie-

264 196 411 238 rapoleos
436 195 470 228 &
491 190 710 225 Theodorum
735 189 890 225 Damasei
915 188 1148 231 Metropolitas

264 245 482 279 interlocutus
494 242 549 278 ,est
573 238 692 275 Sabbas
708 240 890 283 Episcopus
909 239 1066 274 Paltenfis
1078 251 1090 271 .-
1116 239 1149 271 si

256 297 375 336 judices
385 293 449 333 estis
461 316 472 332 ‚
497 292 600 324 audite
618 295 763 334 negotium
773 303 787 332 ;
808 288 837 331 fi
846 292 918 323 vero
942 301 999 322 non
1022 286 1147 332 subscri-

262 345 355 383 bitis,
381 343 581 387 egredimini.
610 341 720 387 Qare
744 341 795 373 illi
817 340 950 374 tandem
975 338 1149 380 simpliciter

262 399 444 427 contentione
461 391 553 434 sada
570 389 747 435 subscribere
771 391 934 431 noluerunt
954 401 970 421 .·
989 388 1148 422 Attamen

263 441 402 486 Synodo
422 452 492 476 non
511 442 661 476 exierunt
688 463 698 473 .

263 491 464 528 Athanasius
476 516 487 533 ,
508 491 562 528 sed
574 503 636 526 nec
657 501 728 531 tum
740 490 845 525 adesse
859 488 966 535 voluit
977 512 988 528 ‚
1015 487 1147 523 dicens:

260 546 414 586 ‚Quoniam
435 548 572 576 inimicus
584 553 664 575 meus
685 540 723 581 eft}
742 539 826 583 ipse,
853 543 903 580 qui
917 539 1040 579 judicat
1052 561 1062 577 ,
1089 541 1147 570 An„

262 593 429 627 tiochenus.
456 593 578 633 Illum,
599 592 692 634 cujus
703 600 800 626 antea
813 589 1003 631 Patientiam
1019 613 1029 628 ,
1055 599 1149 621 man-

260 644 469 677 suetudinem
489 668 500 683 ‚
525 641 683 685 justitiam
709 639 796 682 apud
821 638 1010 682 Principem
1032 662 1043 678 ,
1070 638 1148 672 San-

259 695 393 738 stosque
413 692 580 735 Cyrillum
603 691 638 724 .&
661 689 818 724 Proclum
839 689 1023 732 praedicarat
1048 712 1059 729 ‚
1083 687 1148 731 jam

260 743 319 778 fibi
340 743 515 777 inimicum
527 741 572 775 ait
586 764 597 780 ‚
622 740 736 782 utpote
751 740 808 782 qui
831 738 899 782 ejus
911 738 1064 772 inimicos
1079 763 1089 778 ‚
1116 739 1150 772 &

261 792 397 836 quidem
409 801 466 835 per
486 793 607 824 sacram
619 789 777 824 Divalem
799 789 947 823 exclusos
958 811 969 827 ‚
993 789 1034 822 ad
1046 789 1150 830 Syno-

259 842 342 876 dum
362 851 531 884 tamquam
551 839 674 883 judices
695 839 889 875 admisisset.
919 837 1083 872 Eumdem
1104 839 1154 872 su-

261 894 316 937 pra
329 891 460 936 arguit,
486 890 577 934 quod
589 890 700 927 Sansti
712 889 833 934 Cyrilli
847 889 914 933 jam
938 888 1081 922 defuntti
1093 899 1151 932 pro

259 944 294 985 se
318 942 460 975 Decreta
482 941 724 984 contempsisset
746 951 757 972 ’.
789 938 954 973 Adversus
976 939 1152 973 Domuum

256 992 306 1027 ita
328 991 505 1030 insurrexit
526 991 561 1025 in
583 990 723 1031 Synodo
748 987 1011 1024 Chalcedonensi
1025 1013 1036 1029 ,
1062 987 1153 1031 quod

252 1042 328 1086 ejus
340 1041 382 1075 a'b
398 1039 566 1084 Ephefino
580 1040 757 1075 latrocinio
770 1041 888 1074 fastam
901 1037 1153 1074 damnationem

254 1093 478 1127 confirmasset
491 1093 627 1126 Sanstus
652 1091 722 1125 Leo
734 1090 895 1125 Pontifex
908 1114 919 1130 ,
946 1088 1096 1131 adeoque
1120 1088 1156 1122 il-

255 1143 291 1182 le
311 1142 352 1176 ab
373 1143 470 1177 omni
492 1142 706 1187 reparationis
728 1142 783 1187 spe
803 1141 932 1176 allenus
952 1138 1155 1174 Ex-Patriar·

257 1192 321 1228 cha
335 1193 417 1227 esi'et
432 1214 440 1223 .

310 1243 389 1284 Ejus
400 1243 602 1277 accusatores
620 1253 713 1276 erant
722 1242 893 1277 Tatianus
912 1239 1065 1275 Ecclefiae
1078 1239 1157 1273 Par·

254 1290 380 1325 ‹thensis
390 1291 564 1325 Diaconus
575 1316 586 1332 ‚
612 1292 798 1326 &isaacius
811 1291 1026 1325 Primicerius
1038 1289 1156 1324 Lesto-

257 1353 330 1376 rum
342 1364 355 1390 ².
377 1343 568 1376 accusantes
588 1341 630 1375 de
643 1342 781 1384 multis,
808 1341 982 1385 praesertim
1000 1340 1042 1373 de
1066 1340 1157 1373 furto

258 1402 490 1437 argentearum
508 1391 742 1429 columnarum
758 1415 766 1424 .
793 1390 842 1427 At
854 1391 1016 1434 quoniam
1043 1388 1158 1434 ageba·

257 1451 312 1476 tur
334 1442 370 1475 in
387 1453 480 1476 reum
503 1441 673 1477 absentem
694 1443 730 1476 <Sc
752 1452 1010 1480 contumacem,
1037 1439 1156 1474 Panol·

258 1492 307 1527 bii
319 1490 545 1536 Metropolitae
556 1492 591 1526 in
613 1491 720 1537 ipsum
746 1490 851 1534 Asta,
875 1490 1025 1534 Principi
1048 1490 1080 1523 ὅ(
1095 1490 1160 1523 Re-

258 1543 323 1587 giae
339 1540 482 1577 civitatis
494 1541 635 1586 Synodo
660 1542 753 1576 datas
767 1553 875 1585 preces
888 1566 898 1582 ,
924 1541 1007 1575 acin
1032 1539 1158 1573 Divali-

259 1593 323 1628 bus
346 1593 461 1627 litteris
472 1594 614 1635 expressa
637 1591 810 1627 mendacia
823 1591 933 1635 potius
956 1588 1158 1624 discucienda

261 1642 424 1687 judicavit
438 1643 595 1677 Domnus
607 1665 617 1681 ,
643 1642 683 1676 ad
697 1642 884 1676 Tatianuna
897 1641 1089 1675 Diaconum
1113 1639 1158 1679 in·

257 1693 463 1727 'terlocutuse
494 1693 597 1732 Habes
620 1693 812 1733 exemplaria·
830 1692 950 1734 repudii
976 1687 1160 1732 reverendis:

261 1741 330 1784 fimi
342 1740 497 1785 Athanasii
511 1740 674 1784 Episcopi?
704 1742 746 1775 Et
762 1742 949 1776 Tatianus:
980 1744 1051 1773 Prae
1063 1745 1160 1772 mani-

264 1792 319 1824 bus
332 1791 424 1825 habeo
444 1791 678 1832 &exemplaria
701 1791 920 1830 &authentica
938 1814 949 1830 ,
974 1801 1041 1832 quae
1063 1794 1160 1831 accepi

264 1843 286 1875 a
297 1844 354 1875 Dei
365 1842 559 1881 amantiffimo
569 1840 714 1884 Episcopo
719 1845 851 1885 Joanne
865 1841 1157 1882 Hierapolitanorum

263 1892 434 1934 metropolis
450 1916 458 1923 .
486 1891 538 1926 Ex
553 1888 626 1935 ipsis
640 1892 684 1929 ad
695 1889 1158 1932 Domni-patriarchaejuffum

262 1942 353 1976 lectis
379 1942 485 1986 patuit
498 1965 509 1981 ,
536 1942 627 1985 quod
643 1939 842 1976 Athanasius
855 1941 900 1975 Pa
908 1939 1022 1974 nolbio
1033 1939 1159 1974 Metro·

264 1993 378 2036 politae
400 1991 500 2027 tertio
512 1990 553 2024 ad
572 1990 734 2033 judicium
744 1992 900 2032 evocanti
923 1990 1032 2024 fuisset
1043 2000 1158 2024 contu·

263 2053 343 2075 max
364 2065 376 2080 ,
401 2042 438 2078 &v
456 2043 557 2074 causae
582 2042 641 2074 suae
664 2052 813 2076 metuens
843 2040 1082 2084 Episcopatum
1107 2051 1160 2083 per

267 2091 352 2125 trina
365 2091 600 2133 consequenter
609 2092 745 2135 repudia
766 2092 807 2126 ad
818 2090 887 2134 ejus
902 2100 1020 2130 manus
1032 2090 1162 2132 ‘posuis-

266 2141 313 2174 set
328 2166 340 2181 ‚
364 2139 569 2181 Panolbium
591 2141 716 2185 inipfis
726 2141 940 2184 repudiatum
962 2139 1079 2174 litteris
1091 2151 1160 2182 pro·
1183 2178 1185 2184 4

266 2190 366 2226 fessus
388 2191 446 2224 fibi
468 2191 612 2225 amicum
628 2215 639 2232 ,
666 2190 886 2235 &conjurans
911 2189 952 2224 ad
975 2189 1079 2223 alium
1094 2190 1161 2229 *suo
1184 2188 1186 2208 ²
1214 2190 1284 2226 ‘bus
1301 2189 1447 2225 liberari,

901 2241 1016 2287 Qare
1041 2238 1162 2278 Sabbas
1184 2253 1187 2277 3

269 2241 350 2274 loco
375 2240 578 2284 Episcopum
604 2239 830 2275 ordinandum
856 2267 864 2274 .

269 2290 428 2324 Paltenfis
441 2290 625 2335 Episcopus
636 2292 671 2325 in
684 2292 790 2335 ipsum
811 2290 1047 2335 pronunciavit
1060 2302 1067 2322 ι
1079 2332 1082 2335 ἱ
1095 2291 1163 2329 Ter-

268 2341 344 2375 tit'cm
357 2341 542 2382 repudiando
563 2342 815 2381 reverendiffimus
830 2339 1009 2382 Athanasius
1018 2362 1029 2379 ,
1056 2340 1163 2372 &con-

261 2392 402 2434 jurando
421 2393 579 2433 aliumpro
598 2388 631 2433 se
645 2393 782 2424 ordinari
803 2389 905 2429 debere
916 2416 927 2431 ‚
956 2401 1048 2436 quam
1066 2390 1106 2422 de
1119 2400 1163 2422 re-

267 2443 349 2483 liquo
376 2447 523 2475 rationem
549 2439 642 2475 babet
666 2443 706 2475 de
719 2439 914 2484 ⁸Episcopatu
942 2439 1162 2474 Pari-benorum

266 2490 385 2534 sancqae
397 2490 531 2532 Ecclefiae
543 2501 621 2524 nunc
631 2500 751 2525 movere
764 2514 776 2532 ,
791 2492 994 2534 &praecipue
1006 2492 1070 2522 cum
1080 2490 1164 2532 apud

269 2547 398 2573 amicum
405 2539 495 2583 suum
506 2539 601 2574 beatae
610 2547 759 2574 memor—ia:
772 2541 954 2575 Panolbium
971 2539 1090 2584 causam
1103 2552 1161 2573 non

270 2591 384 2624 dixerit
410 2593 423 2626 ?
449 2589 605 2634 Istudque
637 2591 830 2635 suffragium
861 2591 973 2624 omnis
1007 2591 1162 2633 Synodus

272 2639 502 2683 comprobavit
515 2666 522 2673 .
549 2640 599 2674 lta
612 2639 799 2675 Eustatium
819 2639 1025 2684 Pamphylia»,
1037 2641 1162 2681 Metro-

272 2690 437 2733 politam„
458 2690 516 2732 qui
537 2689 579 2724 ab
601 2690 726 2725 aemulis
747 2689 952 2730 calumniose
975 2690 1138 2725 traductus
1151 2715 1160 2730 ,

272 2750 340 2775 non
352 2739 563 2774 conscientiae
575 2764 586 2781 ,
612 2739 666 2775 sed
681 2740 781 2775 solius
794 2741 860 2775 litis
876 2750 966 2774 metu
991 2740 1162 2784 Episcopa-

271 2800 342 2823 tum
352 2787 543 2833 deposuerat
556 2814 568 2829 ‚
587 2801 733 2835 reparare
746 2790 855 2825 noluit
868 2815 879 2831 ,
906 2790 961 2825 sed
974 2801 1162 2835 promagna

271 2840 376 2884 gratia
398 2839 439 2873 ad
452 2839 578 2877 nudum
589 2838 745 2885 Episcopi
769 2851 892 2880 nornen
915 2839 1045 2875 admisit
1059 2841 1163 2884 Syno-

271 2891 333 2924 dus
356 2889 611 2932 EphesmavEt
634 2890 675 2928 de
698 2890 804 2928 Paulo
826 2890 1018 2930 Patriucha
1042 2887 1163 2925 Antio·
1184 2899 1186 2903 ’

271 2939 404 2979 cheno,
429 2939 645 2985 criminaliter
665 2941 684 2975 a
706 2942 770 2975 suis
792 2943 965 2982 accusat0,
988 2940 1099 2980 scribit
1122 2940 1164 2981 ad

272 2990 484 3024 I-Iormisdam
497 2988 696 3026 Pontificem
718 2990 864 3035 lustinus
874 2991 1066 3036 Augustus:
1095 2995 1159 3025 Ma-

268 3041 307 3073 lae
314 3037 379 3083 fitae
393 3038 574 3082 conscientiae
587 3041 684 3077 vibius
696 3042 856 3082 testimonio
867 3067 878 3084 ‚
901 3047 1020 3076 veritus
1043 3039 1162 3086 insuper

270 3101 307 3123 ne
317 3090 472 3131 quaestione
486 3089 593 3127 habita
620 3091 930 3135 graviorem-formam
938 3097 1036 3127 exitus
1063 3099 1162 3134 reipa-

265 3139 360 3184 sceret
372 3164 383 3179 ,
402 3138 580 3184 recusatores
606 3141 837 3179 libellosobaultt
852 3167 863 3183 ,
884 3152 922 3180 vut·
932 3145 1028 3176 liceret
1051 3147 1079 3178 ei
1091 3154 1162 3177 rece-

271 3192 341 3223 dere
366 3192 386 3222 ἃ
405 3188 537 3233 suscepto
556 3189 867 3235 Episcopatusvofficio
890 3220 897 3227 .
927 3193 1160 3227 Renuntiatio-

272 3251 349 3273 nem
363 3238 494 3277 admitti
506 3240 648 3283 postulat
672 3241 848 3285 PrincePS‚
875 3242 1084 3278 &Pontifex
1108 3243 1162 3277 ad»

273 3290 358 3324 misit
371 3314 378 3322 .
404 3291 536 3325 Factam
548 3302 590 3325 ex
601 3290 659 3325 tali
671 3300 762 3326 metu
773 3293 1055 3328 renuntiationem
1070 3291 1161 3328 variae

274 3337 574 3384 SynodidesinIunt
596 3352 699 3379 ratam
708 3365 725 3384 ,v
746 3351 844 3387 atque
856 3341 935 3387 hinc
962 3344 1091 3390 sumpta,
1106 3342 1158 3381 est

725 439 820 475 Hinc
839 438 936 473 tertio
962 438 1081 472 citatus
1104 437 1149 470 est
1177 475 1179 477 ,

1914 75 1940 107 2
1950 75 1974 105 2
1980 78 2011 114 9

1210 137 1372 172 recentior
1385 136 1513 180 regula:
1541 141 1742 174 Renuncianti
1750 141 1805 181 jus
1824 138 1909 186 ficum
1920 153 1978 177 non
1997 142 2088 176 datur

1210 187 1349 234 regressus
1362 187 1408 219 ad
1416 187 1507 219 illud.
1946 221 1949 223 ,

1262 236 1392 271 Exinde
1416 234 1603 271 patriarcha
1615 239 1770 272 Domnus
1781 239 1845 283 legi
1870 240 1956 283 juffit
1967 243 2102 278 sacram.

1212 287 1367 324 Divalem
1395 312 1406 327 ,
1439 285 1569 329 ejusque
1607 290 1863 329 confirmatrices
1899 293 2088 327 sanctorum

1212 338 1323 374 Procli
1344 335 1513 380 &Cyrilli
1537 336 1679 376 litteras,
1706 349 1801 382 atque
1825 339 1977 374 Valerius
2002 342 2089 376 Ana-

1211 388 1295 423 zarbi
1317 387 1497 431 Episcopus
1511 410 1521 426 ,
1549 386 1695 419 secundae
1705 387 1829 423 Ciliciae
1850 390 2090 433 Metropolita,

1215 437 1443 473 sententiavit:
1470 436 1735 476 Reverendtffimus
1750 438 1923 481 Athanasius
1942 439 2029 482 falsa
2041 443 2091 473 do-

1210 495 1268 522 cuit
1293 488 1565 527 Deiamantiffimos
1587 485 1843 529 Archi-Episcopos
1859 514 1869 529 ,
1899 492 2031 524 Proclum
2056 493 2091 525 (9⁰

1210 539 1373 578 cyrillum,
1398 539 1530 571 &territi
1551 538 1571 570 ἃ
1585 537 1678 570 beata·
1690 543 1837 570 momoriae
1861 540 2000 574 PanolbIo
2024 553 2091 574 evo-

1211 599 1297 622 catus
1319 589 1503 622 audientiam
1526 588 1690 621 declinavit
1712 611 1722 627 ‚
1749 585 1818 630 usus
1841 594 1928 622 etiam
1949 592 2092 632 repudio,

1214 640 1248 672 (τ
1263 645 1389 681 propria
1413 638 1567 671 voluntate
1586 643 1742 671 civitatem
1762 635 1890 679 deseruit
1904 663 1913 678 ,
1940 641 1974 672 ὢ*
2000 643 2090 675 nond

1207 694 1340 732 propriis
1363 690 1488 723 Clericis
1498 687 1537 727 est
1560 686 1719 730 expuffus.
1750 686 1895 720 Adsensa
1914 689 1959 720 est
1982 691 2092 724 omnis

1213 737 1365 782 synodus
1378 761 1388 778 ‚
1412 748 1511 782 atque
1526 737 1570 772 ita
1595 737 1962 779 Athanasiusjudicatus
1982 740 2026 772 est
2041 751 2096 772 cae-

1213 789 1289 823 teris
1300 788 1362 823 suis
1370 787 1564 823 criminibus
1576 788 1674 821 etiam
1687 786 1790 823 hocce
1804 787 1939 823 solenne
1962 787 2097 822 menda-

1205 836 1302 874 cium
1314 838 1485 873 addidiffe.

1264 889 1422 924 Restabat
1448 888 1517 932 ejus
1537 888 1672 931 praesens
1704 888 1912 922 contumacia
1937 911 1948 927 ‚
1974 888 2015 923 de
2035 899 2100 932 qua

1215 941 1372 975 Domnus
1386 936 1592 974 Patriarcha:
1622 937 1861 982 ,Quidpersptcit
1874 937 1969 979 vestra
1989 937 2100 982 sanoqa

1214 990 1415 1033 synodusfieri
1434 989 1591 1032 oportere?
1619 987 1779 1032 Reposuit
1799 988 2002 1025 Theodorus
2027 989 2102 1021 Me-

1217 1040 1372 1084 tropolita
1394 1040 1638 1074 Damascenus:
1671 1038 1875 1082 Ecckfiasticis
1893 1037 2101 1084 sanc‘iionibus

1212 1091 1313 1133 placet
1323 1101 1389 1123 eum
1401 1115 1412 1131 ‚
1437 1096 1550 1132 quipro
1560 1087 1736 1133 quibusdam
1748 1089 1834 1123 rebus
1853 1095 2019 1133 incongruis
2035 1100 2103 1122 evo·

1217 1150 1300 1174 catus
1313 1165 1324 1181 ‚
1350 1140 1483 1173 &tertio
1510 1147 1630 1174 vocatus
1656 1150 1716 1173 non
1734 1147 1819 1174 venit
1833 1164 1844 1180 ,
1870 1141 1971 1173 cadere
1996 1138 2104 1172 honore

1218 1202 1306 1233 quem
1327 1189 1436 1222 habet.
1465 1188 1656 1231 Manifestum
1668 1189 1705 1230 est
1716 1200 1817 1224 autem
1832 1187 2023 1233 Athanasium
2045 1200 2103 1222 non

1214 1239 1310 1284 solum
1333 1242 1441 1280 tertio,
1461 1237 1521 1284 sed
1554 1244 1645 1272 etiam
1673 1239 1851 1281 frequenter
1871 1249 2023 1273 evocatum
2045 1250 2104 1271 non

1224 1290 1394 1333 obedivisse,
1406 1300 1496 1332 neque
1508 1289 1602 1323 illatis
1613 1289 1788 1323 criminibus
1799 1288 1970 1332 respondere
1983 1289 2104 1333 voluisse.

1225 1341 1357 1374 Etenim
1384 1351 1453 1373 non
1476 1338 1571 1382 hujus
1593 1338 1804 1373 solummodo
1825 1339 1973 1382 Synodi,
2001 1338 2052 1372 sed
2070 1339 2104 1372 ὅ(

1222 1389 1376 1425 Panolbii
1397 1400 1434 1422 ac
1457 1389 1593 1433 Ioannis
1629 1388 1919 1433 Metropolitarum
1946 1391 2104 1432 spreverat

1221 1438 1430 1475 evocationes
1451 1463 1458 1471 .
1485 1438 1597 1481 Hujus
1616 1439 1831 1473 contumaciae
1855 1438 1934 1483 ergo
1960 1439 2106 1472 alienum

1224 1491 1317 1525 illurn
1328 1489 1345 1523 Ξι
1360 1488 1549 1524 Sacerdotio
1562 1487 1739 1523 secundum
1755 1490 1994 1524 Ecclefiaflicas
2020 1489 2107 1532 leges

1223 1540 1366 1576 decrevit
1393 1538 1597 1572 Theodorus
1612 1562 1623 1578 ‚
1648 1540 1681 1572 &
1693 1538 1793 1571 alium
1805 1539 1872 1581 ejus
1884 1539 1958 1573 loco
1973 1539 2108 1582 Episco-

1224 1602 1301 1634 pum
1326 1586 1572 1630 ordinandum,
1598 1597 1694 1632 atque
1707 1589 1750 1622 ita
1773 1587 1985 1622 Parrhensem
1998 1587 2110 1622 Eccle-

1224 1640 1330 1675 flama
1355 1638 1494 1673 duorum
1515 1649 1678 1672 annorum
1693 1649 1788 1673 motu
1816 1638 1949 1673 tandem
1970 1638 2108 1672 liberau-

1223 1690 1297 1724 dam
1312 1716 1319 1723 .
1347 1690 1449 1737 Qod
1459 1689 1648 1733 suffragium
1661 1689 1802 1725 firmavit
1814 1690 1925 1722 omnis
1935 1689 2086 1732 Synodus
2099 1710 2109 1727 ,

1224 1740 1492 1775 etiamDomnus
1509 1738 1698 1778 Patriarcha
1712 1764 1722 1779 ‚
1749 1738 1969 1774 concludens:
1999 1741 2110 1771 Praeci-

1219 1798 1271 1834 pio
1284 1794 1342 1824 Dei
1364 1790 1554 1829 amnntzffimo
1567 1787 1711 1833 Episcopo
1727 1793 1851 1835 Joanni
1863 1814 1873 1829 ,
1901 1791 1934 1822 (⁸2⁶
1948 1788 2031 1830 ipst‘us
2040 1796 2110 1829 pro-

1226 1846 1334 1876 vinciae
1344 1840 1549 1883 religiofiffimis
1560 1837 1716 1881 Episcopis
1729 1864 1738 1879 ,
1765 1839 1860 1872 alium
1867 1847 1923 1881 pro
1934 1851 1964 1871 co
1980 1838 2108 1871 Parrhe-

1226 1903 1326 1924 norum
1332 1888 1449 1933 sanoqae
1464 1893 1519 1922 Dei
1532 1889 1666 1931 Ecclefiae
1676 1888 1856 1932 Episcopum
1882 1891 2040 1921 ordinare.
2070 1889 2110 1921 ln

1224 1941 1423 1984 dejediorum
1435 1938 1670 1982 Episcoporum
1682 1938 1770 1973 sedes
1782 1950 1862 1972 mox
1875 1937 2018 1972 ordinari
2029 1937 2113 1971 alios

1229 1989 1408 2035 Episcopos
1431 1988 1520 2035 juffit
1539 1989 1643 2024 etiam
1671 1989 1806 2026 Sansius
1833 1989 2013 2033 Gregorius
2039 1988 2114 2035 Ma7

1224 2052 1310 2086 gnus
1333 2065 1344 2081 ,
1371 2039 1486 2076 volens
1508 2038 1575 2078 illis
1599 2039 1750 2083 adempta
1772 2038 1866 2072 omni
1899 2038 2113 2081 reparationis

1226 2091 1279 2134 spe
1305 2090 1443 2134 quietari
1466 2089 1616 2124 animum
1640 2088 1681 2122 ad
1706 2088 1926 2132 peragendam
1954 2088 2113 2130 poenitene

1226 2142 1305 2175 tiam
1317 2165 1337 2180 ‚,
1355 2139 1543 2183 &ipsorum
1569 2138 1720 2177 civitates
1732 2140 1749 2171 a
1764 2137 1866 2172 turbis
1878 2138 1911 2172 &
1932 2138 2114 2181 vexationig

1276 2241 1435 2275 Attamen
1461 2238 1591 2274 Domni
1612 2235 1808 2273 Patriarchae
1831 2248 1989 2282 praecepto
2017 2239 2114 2282 Joan7

1227 2302 1282 2325 nes
1295 2288 1513 2333 Metropolita
1540 2289 1649 2323 nescio
1660 2300 1702 2322 ex
1725 2300 1786 2334 qua
1799 2290 1892 2331 causa
1906 2300 1974 2322 non
1999 2288 2114 2323 obedi-

1226 2342 1275 2375 vit
1299 2366 1306 2374 .
1335 2340 1467 2377 Etenim
1493 2338 1661 2373 Athanasii
1682 2339 1838 2376 successor
1858 2338 2055 2373 Sabinianus
2076 2339 2113 2372 in

1213 2390 1348 2426 libellis
1369 2391 1484 2425 Sansto
1498 2390 1605 2423 Leoni
1630 2388 1834 2427 Pontifici&
1848 2387 2111 2423 Chalcedonenfi

1227 2440 1364 2485 Synodo
1376 2438 1533 2477 exhibitis
1543 2438 1694 2474 adfirmat
1708 2440 1740 2473 se
1752 2435 1938 2473 ordinatum
1952 2438 1969 2471 a
1981 2437 2112 2483 Stepha-

1226 2503 1294 2532 no,
1321 2490 1456 2535 Joannis
1482 2490 1679 2526 successore.
1709 2489 1748 2523 In
1760 2488 1908 2532 precibus
1934 2489 2112 2524 Marciano

1228 2541 1380 2587 Augusto
1391 2538 1548 2576 exhibitis
1562 2539 1607 2573 ait
1617 2540 1648 2573 se
1662 2538 1679 2572 ὲ
1692 2550 1794 2583 puero
1805 2539 1983 2573 educatum
1995 2540 2031 2572 in
2043 2549 2113 2578 mor

1225 2592 1401 2632 nasterio',
1425 2591 1468 2626 de
1490 2590 1690 2634 Episcopatu
1724 2600 1766 2624 ne
1787 2588 1840 2622 vel
1861 2589 2018 2632 cogitasse
2048 2599 2108 2623 un·

1225 2654 1322 2687 quam
1332 2667 1343 2683 ‚
1357 2641 1518 2676 violenter
1528 2638 1650 2677 exinde
1662 2640 1843 2673 extrastum
1857 2638 1875 2671 a
1888 2638 1975 2672 dicto
1986 2639 2112 2673 Metro-

1225 2692 1328 2736 polita
1354 2690 1568 2733 &Epist-opis
1589 2688 1952 2733 comprovincialibus,
1980 2689 2113 2722 acinvi·

1226 2753 1296 2776 tum
1312 2740 1501 2784 impositum
1513 2739 1670 2775 cathedrae
1683 2738 1841 2773 dostorali
1859 2764 1866 2771 .
1892 2738 2027 2773 Etenim
2038 2749 2110 2774 mo-

1227 2792 1363 2826 nasteria
1389 2792 1462 2825 sunt
1485 2791 1615 2834 propria
1637 2790 1844 2825 Clericorum
1867 2801 1905 2823 ac
1932 2789 2112 2833 Episcopo-

1225 2854 1297 2876 rum
1317 2841 1507 2876 seminaria.
1535 2840 1587 2875 Ex
1601 2840 1668 2874 illis
1691 2840 1788 2874 fausti
1802 2838 1951 2873 Ecclefiae
1978 2838 2113 2880 Patres,

1224 2894 1242 2926 a
1253 2892 1373 2926 Sansto
1388 2891 1561 2936 praesertim
1576 2889 1757 2925 Athanasio
1780 2891 1824 2923 ita
1841 2887 1927 2923 dosti
1939 2915 1949 2931 ,
1977 2888 2017 2924 ad
2029 2900 2114 2933 repa-

1226 2942 1340 2977 randas
1364 2941 1488 2977 amalis
1511 2940 1702 2975 Pastoribus
1714 2950 1768 2975 aut
1782 2939 1856 2975 aliis
1874 2939 2114 2974 calamitatibus

1227 2994 1360 3028 vastatas
1384 2991 1544 3028 Ecclefias
1568 2991 1680 3036 paffim
1715 2991 1898 3036 Episcopos
1932 2990 2112 3035 adsumpse-

1227 3054 1320 3078 runt.
1853 3074 1855 3077 .

1273 3093 1383 3135 Hujus
1404 3090 1529 3135 Synodi
1554 3101 1679 3135 tempus
1703 3089 1800 3126 docet
1824 3102 1885 3126 nos
1920 3089 2112 3136 degradatus

1226 3143 1424 3176 Athanasius
1441 3166 1451 3181 ‚
1475 3140 1585 3174 dicens
1608 3141 1648 3175 ad
1660 3137 1836 3185 'Synoffum
1862 3139 2111 3175 Chalcedonen-
2129 3146 2191 3178 Λᾶ,
2219 3158 2262 3183 14.

1226 3195 1309 3227 sem:
1340 3193 1416 3223 Cum
1434 3194 1565 3224 Domnus
1580 3190 1771 3226 patriarcha
1795 3191 1966 3236 cognovisset
1988 3199 2112 3224 mortem

1224 3244 1303 3276 beati
1325 3241 1449 3281 cyrilli,
1474 3240 1683 3282 adjudicium
1706 3253 1752 3276 me
1776 3247 1897 3275 vocavit
1922 3265 1927 3271 .
1962 3241 2008 3273 At
2033 3241 2109 3274 vero

1224 3294 1354 3326 Sanetus
1387 3289 1535 3334 Cyrillus
1556 3291 1641 3336 obiit
1672 3290 1731 3327 sub
1751 3291 1924 3327 consulatu
1963 3289 2110 3324 Faltonii

1204 3378 1206 3381 ,
1224 3341 1325 3378 Probi
1340 3339 1455 3386 Alypii
1468 3340 1623 3391 &Fjavii
1637 3339 1813 3390 Ariobindi
1829 3364 1841 3381 ,
1867 3351 1956 3375 anno
1968 3340 2109 3374 Domini

1984 3402 2063 3435 qua-
