2340 3736
654 113 972 170 semotus,
999 121 1070 158 εἰ·
1105 121 1280 157 Noris
1315 125 1698 159 uitusrRAT'I.

278 200 449 245 oportebat
470 197 620 233 exclusos
639 220 651 237 ‚
690 195 853 233 exclusere
879 193 1059 230 monachos
1080 219 1090 235 ,
1116 194 1159 239 ip-

276 251 390 294 sosque
402 243 579 292 Episcopos
589 246 794 280 orthodoxos
806 270 816 286 ,
843 245 891 280 uti
906 246 1026 279 docent
1046 256 1159 278 eorum

276 298 480 336 famosissima
506 310 543 332 ac
570 296 798 331 horendiffirna
817 296 962 332 facinora
987 296 1022 328 in
1051 294 1159 329 Eccle-

98 348 193 380 Relat.
208 361 232 379 2-
273 350 350 385 fiam
364 348 673 385 Alexandrinamac
684 337 1039 389 Hierosolymitanam.
1056 344 1158 390 Qod

97 387 158 425 ¹³⁰st
168 391 253 426 59³²
275 398 382 443 ipsum
403 398 460 432 diu
482 398 590 440 postea
612 398 646 431 in
668 396 785 431 libellis
797 396 838 429 ad
848 393 1060 430 Hormisdam
1071 393 1159 427 Pon-

272 449 395 484 tificem
416 447 515 484 rniffis
532 446 799 482 Archimandritae
810 444 959 478 secundae
978 444 1098 487 Syriae,
1124 443 1158 477 ὅ(

262 499 471 534 nominatim
491 495 533 532 de
558 499 679 532 Severo
699 492 825 531 Pseudo
839 491 1024 529 Patriarcha
1038 491 1157 527 Antio-

269 547 379 584 cheno
402 549 434 581 in
458 546 575 582 libellis
594 543 912 587 exhibitisSynodo
925 543 1159 578 Constantino*

270 599 424 641 politanae,
447 598 504 635 sub
526 598 656 630 Menna
679 591 865 630 Patriarcha
887 603 1066 637 queruntur
1088 604 1156 628 mo-

268 648 367 682 nachi
388 647 606 692 Apameenfes
629 657 636 679 :
662 644 856 690 Queruntur
881 644 1076 678 monasteria
1102 644 1155 677 sua

267 700 400 738 invasa,
427 695 583 740 spoliata,
609 693 767 729 destructa
782 719 792 733 ,
817 694 984 728 demutata
1009 693 1045 727 in
1068 693 1142 736 lupa

266 750 358 784 naria
372 749 405 782 δε
420 746 558 780 fornices
568 769 576 776 .
602 743 767 782 Adversus
778 741 898 779 horum
912 744 1153 787 sacrilegiorum

267 797 422 842 reliquias
456 794 599 831 necdum
637 794 768 838 penitus
803 794 976 829 exstinstas
1001 793 1154 828 existimo

265 848 314 881 Ca
321 856 440 881 nonem
453 846 603 881 nostrum
623 844 774 880 innovari
786 845 804 880 a
817 844 954 888 synodo
967 842 1133 877 Trullana
1146 866 1156 882 ,

265 896 478 938 mandatique
493 920 504 936 ‚
530 906 566 931 ut
588 895 701 930 omnia
724 895 760 929 in
780 895 879 929 laicos
890 895 964 929 usus
976 892 1154 937 hucusque

263 946 416 981 devoluta
438 945 632 981 monasteria
644 945 858 982 restaurentur
870 968 881 987 ,
903 956 941 980 ac
953 943 1075 981 Ordini
1086 955 1152 979 mo-

262 997 389 1031 nastico
400 995 611 1031 restituantur
619 1020 628 1031 0

314 1044 577 1089 Eutychianistis
599 1045 669 1089 post
694 1044 858 1081 laudatam
882 1043 1056 1087 synodum
1071 1055 1153 1078 mox

253 1097 482 1131 «successerunt
510 1095 766 1131 monasticorum
793 1105 949 1128 votorum
976 1093 1153 1127 exufflato-

257 1158 312 1181 res
330 1170 341 1186 ,
378 1146 509 1190 verique
530 1146 716 1180 nostrorum
736 1144 1001 1182 Lutheranorum
1023 1145 1059 1177 δε
1080 1143 1153 1177 Cal-

261 1196 452 1230 vinistarum
475 1197 680 1238 praecursores
704 1207 741 1229 ac
762 1195 908 1240 magistri
935 1217 948 1235 ‚
983 1193 1153 1229 Iconocla-

257 1246 313 1279 ssae
325 1270 336 1285 ,
361 1244 403 1279 de
416 1245 534 1288 quibus
549 1246 589 1280 ad
603 1247 772 1289 septimam
792 1243 966 1287 synodum
979 1242 1060 1287 legit
1078 1242 1152 1285 Epi-

258 1294 401 1339 phanius
429 1294 602 1330 Diaconus
637 1295 784 1329 Ecclefiae
810 1292 1153 1335 Constantinopolita-

258 1356 326 1378 nae.
353 1345 438 1379 Unde*
457 1350 599 1386 incipiam
617 1344 802 1388 fingularum
824 1353 924 1377 rerum
946 1343 1129 1375 turbationes
1142 1367 1152 1383 ,

232 1397 238 1404 ⁴
250 1394 421 1439 sanc‘lorum
443 1396 616 1436 templorum
632 1393 864 1436 profanationes
897 1418 908 1433 ,
935 1392 1152 1427 venerabilium

256 1445 492 1487 monasteriorum
513 1446 647 1487 pollutas
667 1445 885 1478 translationes
896 1450 928 1476 in
942 1442 1102 1486 saecularia
1111 1454 1153 1474 re-

250 1497 432 1537 ceptacula,
459 1496 505 1528 1ιᾶ
528 1504 563 1528 ut
584 1494 790 1528 inhabitantes
809 1501 845 1526 in
867 1500 908 1528 eis
921 1494 1076 1527 reverendi
1089 1497 1152 1526 viri

252 1545 317 1588 post
335 1552 480 1587 rapinam
492 1543 760 1587 bonorumsuorum
770 1546 815 1577 ad
824 1543 1009 1577 Barbaricas
1019 1549 1150 1586 regiones

252 1604 438 1639 pergerent,
463 1596 604 1639 eligentes
639 1596 739 1635 potius
779 1600 857 1626 inter
889 1601 995 1637 gentes
1022 1594 1150 1636 degere,

257 1648 349 1687 quum
382 1656 446 1677 cum
479 1644 690 1678 contribulibus
712 1642 873 1687 obscoenam
896 1650 995 1676 vitam
1021 1644 1124 1676 ducere
1139 1665 1150 1681 ,

257 1698 375 1728 Divino
409 1695 577 1728 obedientes
613 1693 742 1735 Apostolo
767 1706 774 1727 ε
804 1693 921 1727 CUM
949 1693 1026 1726 HIS
1052 1691 1151 1725 NEC

255 1744 420 1778 CIBUM
444 1743 648 1779 SUMERE
660 1767 667 1775 .
692 1747 739 1776 Et
759 1743 838 1785 quod
855 1742 895 1783 est
905 1749 1035 1776 omnium
1050 1742 1151 1774 horum

255 1794 477 1833 atrociffimum,
503 1798 577 1835 quia
598 1797 690 1827 etiam
710 1792 799 1835 usque
823 1797 854 1823 in
872 1790 1004 1834 praesens
1025 1791 1087 1824 baec
1098 1798 1150 1823 im-

245 1849 353 1886 pietas
386 1842 614 1885 profanationis
661 1842 880 1877 venerabilium
917 1840 1150 1880 monasteriorum

253 1895 339 1935 opud
356 1891 498 1936 quosdam
515 1893 766 1935 praevaricatorie
780 1900 941 1934 permanet
954 1915 965 1931 ‚
991 1889 1148 1933 &prosa-

253 1949 313 1976 crt‘s
334 1942 447 1982 bymms
471 1944 506 1976 (θ’
525 1954 591 1977 voce
601 1944 796 1977 exultationis
809 1965 820 1981 ,
843 1953 912 1984 quae
927 1947 960 1973 in
974 1941 1148 1974 tabernacu-

253 1994 291 2026 lis
305 1992 449 2035 justorum
467 1990 540 2035 sunt
562 2017 574 2034 ,
598 1998 717 2027 cantica
739 1998 905 2026 meretricia
929 1992 963 2024 (θ’
979 1989 1148 2034 sathanicae

255 2043 467 2075 modulationes
496 2066 506 2080 ‚
544 2045 577 2075 (θ’
608 2051 665 2087 pro
689 2042 873 2076 creberrimis
893 2041 1147 2085 genuflexionibus

251 2091 421 2137 saltatoriae
447 2091 618 2132 inflexiones
641 2116 648 2123 .
677 2092 780 2124 Hunc
806 2092 979 2125 Canonem
1001 2090 1146 2124 nostrum

254 2141 366 2175 denuo
385 2143 523 2175 innovat
545 2141 679 2184 septima
701 2140 856 2184 Synodus
869 2164 879 2180 ,
906 2140 1046 2183 istosque
1060 2152 1146 2174 ever-

254 2192 361 2231 sores,
388 2191 446 2224 nifi
469 2190 582 2224 omnia
605 2190 802 2224 restituerint
824 2191 859 2223 ὃς
881 2190 1085 2223 restaurarint
1110 2191 1144 2223 in

254 2242 395 2275 sormam
422 2241 592 2281 antiquam
618 2264 628 2279 ,
654 2239 907 2274 anathematizat
926 2250 1101 2281 vtamquam
1125 2240 1144 2274 ὲ

255 2292 332 2325 Deo
355 2291 389 2324 in
415 2290 529 2335 ignem
554 2289 782 2333 sempiternum
807 2289 979 2332 deputatos
1001 2314 1011 2330 ‚
1037 2289 1147 2323 adver-

253 2342 404 2384 satosque
426 2340 558 2375 Divinae
578 2340 643 2384 legi
659 2352 666 2372 :
694 2344 767 2372 Non
771 2339 897 2381 facietis
910 2341 1028 2372 domum
1039 2342 1145 2372 Patris

254 2397 312 2425 mei
330 2393 448 2424 domum
470 2395 676 2434 negotiationis
690 2414 698 2422 .
725 2389 829 2437 Qod
853 2388 940 2423 idem
963 2389 1096 2423 inseruit
1108 2389 1143 2423 in

254 2442 356 2484 ipsam
377 2441 454 2475 fidei
481 2439 712 2474 definitionem
738 2464 746 2471 .
783 2440 828 2473 Et
852 2441 962 2473 oetava
988 2439 1142 2482 Synodus

255 2490 446 2530 Generalis,
473 2489 642 2532 Apostolicos
663 2491 698 2523 Θ
727 2491 874 2522 Paternos
898 2494 1037 2522 Canones
1059 2495 1139 2522 inno-

254 2553 336 2575 vans
353 2566 364 2581 ,
389 2540 519 2574 statuit.
547 2542 578 2573 Si
600 2537 765 2582 Episcopus
788 2539 937 2572 convic‘lus
955 2539 1054 2581 fuerit
1075 2550 1140 2572 con-

247 2591 383 2633 struxtffi’
408 2589 611 2630 monasterium
635 2590 672 2622 de
709 2590 876 2623 redditibus
911 2588 1115 2630 Ecclefiasticis
1129 2614 1139 2630 ,

254 2642 363 2674 tradat
384 2638 482 2682 ipsum
499 2640 595 2672 eidem
605 2638 738 2681 Eccltfiae
751 2651 761 2682 ;
786 2637 816 2682 fi
823 2641 892 2672 ver&
904 2640 941 2672 de
950 2644 1083 2681 propriis
1095 2651 1138 2672 re-

254 2690 309 2724 bus
323 2714 333 2729 ‚
358 2699 411 2723 aut
429 2690 467 2723 de
477 2690 544 2722 aliis
554 2687 733 2732 quibusdam
740 2688 984 2723 conventionibus
995 2713 1005 2729 ,
1026 2687 1136 2722 babeat

253 2740 455 2783 idsecundt'tm
468 2745 626 2782 propriam
642 2738 815 2781 potestatem
835 2741 870 2772 (9*
883 2738 1068 2772 voluntatem
1080 2751 1138 2771 om-

253 2796 286 2823 m'
306 2795 373 2823 vita
390 2787 470 2832 sua,
496 2791 530 2823 (θ’
547 2788 609 2831 post
620 2789 714 2831 finem
725 2794 801 2822 vitae
812 2788 1137 2829 dimittat&conferat

254 2839 304 2873 hoc
323 2837 545 2882 quibuscumque
555 2840 692 2880 voluerit,
702 2851 762 2872 non
775 2849 877 2873 tamen
884 2839 1025 2882 fieculare
1035 2840 1139 2872 diver-

247 2888 359 2933 sorium
375 2889 433 2931 fiat
457 2913 464 2921 .
501 2889 665 2933 Praecipua
690 2890 891 2934 sempiternae
913 2889 1137 2923 damnationis

251 2940 347 2974 causa
369 2938 493 2973 Carolo
511 2938 667 2973 Martello
679 2940 763 2981 fuit,
790 2939 880 2981 quod
891 2940 1086 2973 monasteria
1098 2950 1136 2972 ac

95 501 160 532 Λξί.
170 511 196 538 ς.

81 1373 177 1412 Ait-6.
185 1373 229 1412 Μ»

250 2987 492 3023 monachorum
514 2989 669 3024 alimenta
690 2990 725 3023 in
750 2990 894 3023 militum
916 2989 1136 3023 diversoria&

250 3039 411 3082 stipendia
431 3038 607 3073 demutari:
634 3063 642 3071 .
678 3039 771 3073 Hinc
798 3039 864 3082 ejus
887 3040 974 3072 filius
997 3039 1135 3073 Carolo-

247 3100 388 3125 mannus
400 3113 411 3129 ‚
437 3099 573 3132 paternae
591 3089 787 3124 calamitatis
798 3088 930 3124 horrore
943 3089 1115 3123 concussus
1125 3112 1135 3128 ,

248 3140 314 3175 sese
331 3140 368 3174 in
389 3138 585 3175 monasterio
606 3148 775 3182 tamquam
788 3139 850 3174 vile
870 3139 1070 3184 mancipium
1082 3139 1136 3174 ab·

533 3298 538 3303 -
594 3235 787 3350 ᾆξῶἳ

1940 130 2034 172 2103

1220 192 1325 234 didit,
1350 193 1383 226 δε
1422 203 1522 233 nepos
1558 193 1695 228 Carolus
1732 195 1875 239 Magnus
1894 220 1903 235 ,
1929 198 2103 242 collapsam

1221 241 1305 286 apud
1329 253 1389 277 nos
1411 240 1692 278 Christianitatem
1712 255 1858 288 reparans
1877 272 1888 287 ,
1926 246 2014 281 hunc
2047 259 2105 281 no·
2120 232 2209 269 C'3¹‘

1220 292 1320 326 strum
1343 292 1517 326 Canonem
1539 291 1670 327 inseruit
1691 296 1751 329 suo
1773 296 1954 338 Capitulari
1987 299 2104 341 Aquis-

1219 342 1367 387 granenfi
1388 360 1396 375 >.
1439 342 1484 375 Et
1505 340 1672 375 adversum
1696 344 1875 389 Episcopos
1901 370 1912 386 ‚
1938 346 1979 379 de
2000 347 2104 381 nimia

1223 403 1386 427 novorum
1412 392 1447 425 in
1476 390 1639 433 Hispania
1677 392 1795 428 Baetica
1832 396 2103 431 monasteriorum

1220 442 1430 477 multitudine
1451 450 1692 482 murmurantes
1715 466 1726 481 ‚
1751 444 1862 479 statuit
1885 443 2023 480 secunda
2044 447 2103 490 Sy-

1222 493 1327 526 nodus
1350 491 1546 535 Hispalensis
1559 515 1570 530 ‚
1597 499 1632 523 ut
1654 492 1710 524 illa
1723 515 1733 530 ,
1754 491 1824 533 ficut
1834 502 1980 538 antiqua,
2002 502 2103 530 immo-
2119 496 2154 526 C.
2169 501 2213 527 ια’

1219 543 1271 576 bili
1296 544 1331 577 Θ
1363 542 1522 584 inconcuffa
1539 540 1707 581 stabilitate
1731 550 1928 583 permaneant
1947 544 2101 589 solidata;

1221 593 1420 636 Episcopum
1443 591 1603 636 spoliare,
1628 591 1834 631 convellere,
1858 594 2026 630 diffolvere
2048 608 2104 630 au-

1218 643 1287 677 sum
1308 641 1442 676 damnat
1464 639 1693 684 anathemate,
1719 651 1885 686 tamquam
1905 645 1983 678 sacri
2006 658 2103 680 caetus

1215 693 1396 726 eversorem
1408 714 1420 733 ‚
1445 701 1663 726 attentantem
1685 692 1844 726 destruere
1861 693 2023 729 tramitem
2035 704 2105 733 tan-

1214 751 1255 776 tae
1277 743 1311 776 &
1331 752 1401 776 tam
1422 742 1568 776 salutaris
1591 742 1665 776 vitae
1683 767 1691 776 .
1721 742 1925 777 Convulsum
1947 746 2104 781 monaste-

1217 793 1299 826 rium
1318 790 1454 831 mandat
1470 803 1525 835 per
1538 790 1719 826 Provinciae
1729 792 1902 836 Synodum
1915 794 2103 836 restaurari,

1214 852 1247 876 ut
1268 843 1349 885 quod
1370 853 1447 875 unus
1468 843 1560 884 impie*
1575 839 1726 884 fitbvertit
1752 867 1763 883 ,
1799 855 1898 876 omnes
1923 843 2101 885 reforment.

1218 891 1389 929 Videndus
1409 893 1442 927 dc
1462 893 1574 927 tertius
1596 890 1716 928 Canon
1735 893 1837 929 tertiae
1848 894 2103 940 SynodiCaesar-

1217 942 1415 988 Augustanae
1428 968 1436 975 .

1264 993 1357 1039 Qin
1382 992 1487 1028 immo
1509 992 1727 1033 monasteria,
1754 993 1830 1029 licet
1851 1005 1892 1028 ex
1912 995 2011 1029 caufis
2032 1005 2104 1039 gra-

1218 1042 1349 1076 viffimis
1376 1067 1388 1083 ,
1426 1042 1466 1089 ad
1490 1043 1652 1077 saeculares
1675 1044 1822 1078 Clericos
1842 1046 2010 1079 transferre
2038 1045 2103 1079 fuit

1216 1094 1337 1135 semper
1362 1103 1409 1126 res
1432 1091 1625 1128 difficillima
1639 1118 1646 1125 .
1674 1094 1810 1128 Etenim
1823 1093 2104 1138 Archi-Episcopo

1217 1142 1474 1186 Salisburgenfi‚
1501 1142 1627 1176 volenti
1654 1143 1688 1175 in
1710 1144 1814 1177 insula
1825 1142 1958 1178 Chienfi
1971 1145 2106 1188 Episco-

1218 1201 1328 1235 patum
1355 1192 1502 1235 erigere,
1527 1202 1565 1224 ac
1587 1202 1628 1224 ex
1652 1193 1866 1234 quarumdam
1877 1191 2105 1235 Monialium,

1216 1253 1286 1285 quae
1297 1241 1529 1276 monasterium
1541 1241 1634 1275 suum
1647 1243 1682 1275 in
1695 1241 1832 1285 lupanar
1843 1253 2023 1284 verterant,
2048 1245 2105 1279 eii·

1217 1291 1407 1326 ciendarum
1430 1290 1525 1325 bonis
1545 1291 1680 1333 dotare,
1706 1292 1817 1326 noluit
1840 1294 2040 1337 acquiescere
2052 1294 2106 1329 In-

1217 1341 1390 1378 nocentius
1410 1341 1543 1380 tertius,
1574 1340 1631 1374 nisi
1654 1350 1760 1376 certus
1778 1343 1819 1377 de
1832 1342 1927 1387 plene
1938 1343 2104 1386 desperata

1217 1392 1369 1425 omnium
1396 1392 1527 1435 penitus
1552 1389 1757 1425 Monialium
1798 1391 2102 1437 incorrigibilitate.

1217 1442 1259 1477 Et
1279 1451 1380 1484 captae
1401 1442 1420 1475 a
1451 1440 1600 1476 Flandris
1625 1442 1743 1476 nostris
1763 1441 2104 1486 Constantinopoleos

1216 1490 1408 1525 Patriarchae
1432 1491 1535 1524 latino
1549 1514 1558 1529 ,
1585 1492 1710 1533 paranti
1723 1492 1909 1526 Graecorum
1924 1492 2106 1527 monacho-

1216 1552 1286 1574 rum
1307 1540 1451 1575 caenobia
1475 1540 1510 1573 in
1529 1539 1709 1575 latinorum
1721 1541 1926 1576 Clericorum
1941 1544 2104 1578 saecularia

1217 1590 1369 1634 Capitula
1396 1600 1607 1630 convertere,
1633 1601 1732 1636 atque
1753 1592 1797 1626 ita
1819 1591 1928 1626 latinae
1951 1593 2102 1627 Ecclefiae

1215 1642 1315 1677 ritum
1332 1641 1405 1675 istic
1425 1640 1567 1675 stabilire
1581 1664 1591 1679 ,
1617 1641 1785 1684 respondit
1797 1642 1885 1676 idem
1896 1642 2052 1677 Pontifex
2065 1644 2101 1676 in

1213 1689 1280 1726 haec
1305 1691 1400 1725 verba
1413 1716 1420 1724 .
1447 1693 1494 1724 De
1516 1690 1695 1731 monasteriis
1716 1694 1884 1725 Graecorum
1905 1699 1938 1725 in
1942 1691 2102 1736 saeculares

1214 1746 1376 1774 canonicos
1395 1741 1603 1775 convertendis
1634 1746 1840 1774 fraternitati
1867 1746 1940 1776 Tuae
1969 1744 2101 1776 breviter

1212 1790 1442 1834 respondemus,
1468 1792 1548 1833 quod
1567 1792 1710 1832 quamdiu
1730 1800 1786 1834 per
1808 1793 1952 1835 regularis
1974 1795 2101 1826 Ordinis

1213 1847 1315 1881 viros,
1338 1839 1399 1883 five
1421 1844 1536 1875 Graecos
1539 1839 1604 1881 five
1623 1844 1747 1875 Latinos
1759 1866 1770 1881 ‚
1795 1853 1947 1876 remanere
1955 1851 2101 1885 poterunt

2123 1181 2277 1217 L.4·Ep.66

1211 1892 1377 1930 ordinata,
1404 1902 1462 1923 non
1480 1889 1554 1934 sunt
1577 1892 1623 1923 ad
1632 1890 1795 1933 saeculares
1817 1894 1945 1927 clericos
1970 1892 2102 1934 transfe-

1210 1943 1326 1979 renda,
1348 1939 1409 1983 sed
1423 1938 1454 1982 fi
1471 1941 1637 1984 Regulares
1660 1940 1834 1982 defuerint,
1856 1950 1980 1983 propter
2000 1954 2101 1976 eorum

1210 1990 1358 2032 dese-:qum
1378 1989 1536 2033 saeculares
1558 1989 1663 2023 Clerici
1682 1998 1823 2032 poterunt
1843 1992 1978 2025 ordinari
1999 2017 2005 2023 .
2034 1993 2101 2026 Ex-

1213 2041 1273 2075 stat
1286 2040 1432 2083 Epistola
1442 2041 1477 2074 in
1490 2041 1555 2074 vita
1566 2039 1634 2082 ejus
1647 2041 1761 2083 scripta
1774 2052 1829 2084 per
1850 2043 2013 2075 auc'lorem
2024 2066 2034 2081 ‚
2064 2042 2102 2075 li-

1210 2089 1260 2124 cet
1285 2090 1494 2134 incognitum
1521 2114 1532 2129 ‚
1574 2090 1743 2132 antiquum
1767 2101 1804 2123 ac
1826 2091 2100 2135 irrefragabilem,

1211 2139 1373 2182 publicata
1397 2139 1471 2173 vero
1493 2151 1548 2182 per
1567 2139 1772 2173 Franciscum
1792 2140 2009 2183 Bosquettum
2024 2141 2100 2185 Epi-
2119 2129 2145 2157 F·
2164 2140 2226 2160 ¹¹0·

1210 2190 1343 2232 scopum
1363 2188 1494 2224 Montis
1513 2188 1696 2223 Peffulani.
1725 2189 1768 2223 Et
1786 2191 1948 2224 Ottonem
1965 2191 2098 2226 tertium

1212 2238 1399 2283 Augustum
1425 2263 1436 2279 ,
1471 2250 1512 2271 ex
1536 2238 1689 2272 Romana
1712 2240 1819 2274 Sansti
1842 2239 1938 2274 Pauli
1961 2241 2098 2275 Basilica

1208 2289 1404 2322 deformatos
1426 2286 1607 2322 monachos
1627 2288 1764 2331 eiicere,
1791 2290 1824 2324 &
1847 2290 2007 2325 saeculares
2025 2291 2099 2326 Cle-

1183 2352 1187 2355 ·
1209 2339 1293 2372 ticos
1315 2338 1467 2372 inducere
1489 2338 1692 2384 cogitantem
1719 2363 1729 2379 ‚
1767 2340 1860 2374 fuisse
1892 2339 2097 2384 prohibitum

1206 2389 1247 2423 ab
1258 2399 1432 2432 apparente
1450 2389 1521 2432 ipso
1543 2389 1648 2422 Paulo
1661 2387 1824 2432 Apostolo
1836 2414 1847 2431 ,
1873 2390 2009 2424 testatur
2020 2391 2096 2426 Gla-

1207 2438 1261 2472 ber
1284 2438 1468 2473 Rudolfus.
1496 2437 1641 2472 Plurima
1663 2440 1738 2472 sunt
1750 2439 1907 2482 ejusmodi
1927 2441 2074 2484 exempla
2087 2467 2094 2474 .
2111 2434 2140 2462 L·
2155 2443 2177 2462 ¹·
2193 2442 2248 2470 c·4·

1204 2489 1294 2523 Nam
1319 2490 1353 2523 in
1378 2488 1444 2522 sola
1461 2488 1586 2533 Anglia
1598 2489 2022 2535 plusquamequadraginta
2046 2492 2095 2525 in-

1203 2540 1283 2572 vasis
1307 2538 1512 2573 monasteriis
1533 2538 1680 2572 Clericos
1704 2539 1866 2572 saeculares
1879 2539 1973 2579 ejecit
1988 2565 1998 2580 ,
2024 2553 2095 2574 mo-

1205 2588 1391 2632 nachosque
1429 2589 1558 2623 reduxit
1591 2590 1725 2623 SanOtus
1752 2589 1944 2624 Dunstanus
1976 2590 2094 2624 Archi-

1204 2640 1382 2683 Episcopus
1409 2638 1652 2672 cantuarienfis
1678 2663 1685 2670 .
1720 2638 1904 2687 Qomodo
1945 2640 2094 2674 Ecclefiae

1202 2689 1455 2724 Conventrenfis
1473 2687 1683 2722 Cathedrales
1694 2688 1876 2722 monachos
1886 2714 1895 2729 ,
1923 2688 1963 2722 ab
1974 2690 2093 2736 Hugo·

1205 2751 1245 2773 ne
1266 2739 1433 2782 Episcopo
1452 2738 1569 2781 ejeetos
1585 2763 1596 2779 ,
1622 2739 1709 2782 quafi
1732 2738 1861 2773 Divino
1887 2738 2011 2774 lumine
2023 2751 2093 2775 mo-

1201 2800 1252 2823 tus
1275 2789 1474 2827 restituerit,
1499 2788 1711 2832 Clericosque
1732 2788 1860 2831 ejecerit
1880 2788 2028 2825 laudatus
2038 2791 2092 2825 ln·
2106 2814 2132 2843 Α
2154 2823 2185 2843 H
2209 2822 2226 2848 ⁷

1202 2839 1395 2879 nocentius,
1424 2840 1520 2872 refert
1533 2837 1827 2873 MatthaeusParis.
2135 2834 2141 2842 '
2188 2823 2206 2851 9
2228 2834 2236 2842 ’

1250 2890 1432 2934 Resttingit
1457 2889 1488 2922 se
1512 2889 1632 2923 Canon
1648 2890 1756 2923 noster
1767 2889 1806 2922 ad
1819 2889 1997 2929 Monasteria
2008 2892 2091 2925 dedi-

1199 2949 1267 2973 cata
1290 2952 1328 2974 ex
1348 2941 1504 2973 voluntate
1523 2937 1683 2982 Episcopi.
1708 2939 1934 2974 conformiter
1946 2940 1987 2974 ad
1998 2952 2089 2982 quar-

1200 3001 1270 3024 tum
1294 2991 1469 3024 Canonem
1490 2998 1653 3023 vetantem
1669 2990 1733 3023 fine
1755 2989 1907 3032 Episcopi
1921 2990 2089 3024 voluntate

1198 3040 1279 3085 erigi
1300 3039 1552 3073 monasterium.
1581 3038 1689 3072 Aliter
1711 3041 1812 3074 eresta
1828 3050 1897 3073 non
1916 3039 2013 3074 habet
2032 3051 2087 3083 pro

1200 3091 1280 3123 veris
1301 3089 1505 3124 monasteriis
1531 3113 1542 3128 ‚
1558 3087 1721 3133 ‚ideoque
1744 3089 1938 3126 eorumdem
1964 3090 2088 3136 privile-

1197 3140 1262 3187 giis
1272 3138 1423 3184 prohibet
1438 3138 1579 3184 gaudere
1589 3163 1597 3172 .

1958 3485 2036 3521 CA-
