2340 3736
119 2428 265 2474 Epist-29.

848 84 881 93 x-

366 99 480 143 252⁴

301 184 370 207 nem
383 198 390 206 .
419 172 484 208 Eas
498 170 586 209 enim
599 199 608 214 ‚
621 172 669 207 uti
683 171 826 218 graviter
836 173 1018 219 Origenem
1031 175 1190 211 saetentes‚

301 223 446 267 culpavit
456 224 557 259 etiam
571 224 603 257 in
618 222 815 269 dogmaticis
827 224 868 259 ad
889 226 1043 259 Sanctum
1062 223 1190 258 Flavia-

303 286 383 309 num
397 274 514 309 litteris
525 275 658 309 Sanetus
673 274 829 310 Pontifex
841 276 913 311 Leo
923 274 1085 319 Magnus.
1108 272 1190 308 Ptae-

302 324 406 361 dicari
417 324 623 359 voluntduas
645 325 682 359 in
702 325 855 360 Domino
878 334 1031 364 naturas,
1056 323 1098 356 de
1122 323 1188 366 qui-

303 375 366 411 bus
403 386 514 409 tamen
543 374 625 411 reete
667 377 800 411 monuit
838 373 1004 409 Eustatius
1035 373 1192 415 Beryten-

304 426 366 462 fisz
392 428 438 460 Er
459 431 586 459 intentio
612 426 726 468 piissimi
756 429 945 467 Imperatoris
958 449 968 465 ‚
1006 425 1041 458 (3
1062 428 1194 457 'intentio

299 477 433 521 piissima
445 475 600 520 Augustae,
625 478 797 510 &intentio
820 474 918 515 vestra
941 476 1011 510 vult
1029 479 1113 508 unire
1135 477 1191 507 Ee-

303 526 416 567 clefias.
443 528 546 573 Ergo,
570 537 607 561 ne
625 525 777 569 postquam
799 524 867 559 hinc
879 525 1030 567 fherimus
1054 524 1190 568 augusti,

303 582 454 619 incipiam
462 578 555 620 aliqui
565 578 678 617 dicere,
706 578 856 619 ,Quoniam
874 575 1032 609 docuerunt
1043 576 1121 608 duat
1141 586 1192 607 na·

303 634 392 662 iuras
404 628 499 663 dicere
510 626 573 669 post
584 629 791 660 adunationem
814 623 931 670 divisas
943 650 950 657 .
981 624 1058 662 Ubi
1079 624 1192 660 Eusta-

302 677 370 713 tius
380 677 521 711 omnino
534 676 751 722 prophetavit.
781 675 916 711 Etenim
939 675 1078 712 duarum
1099 684 1194 723 natu-

301 739 408 762 rarum
423 727 564 761 adsertio
586 727 649 760 fuit
668 725 818 770 palmaris
838 724 985 762 adversus
1005 726 1191 772 praesentem

301 778 475 821 Synodum
494 778 660 812 calumnIa
678 775 1005 820 Eutychianistarum
1019 801 1030 817 ,
1055 774 1193 810 deliran-

300 828 386 863 tium
399 828 477 862 duas
488 837 618 864 naturas
627 827 710 862 stare
722 838 791 862 non
804 828 891 870 poffe
911 828 977 861 fine
988 826 1115 863 duabus
1126 836 1193 869 per-

301 879 413 920 sonis,
439 877 473 913 &
498 877 637 916 natui‘ali
656 877 834 913 secundum
860 876 1047 922 hypostafin
1075 876 1192 911 unioni

300 939 500 973 repugnare.
529 927 577 965 At
590 923 672 963 reste
688 927 828 971 reposuit
849 927 986 961 Bafilius
1012 926 1194 971 Episcopus

301 978 528 1014 seleuciensis:
555 976 757 1022 cognoscimus
770 978 848 1010 duas
860 985 988 1012 naturas
1004 1002 1014 1018 ,
1042 988 1102 1013 non
1112 978 1193 1012 dlvi·

299 1031 423 1073 dimus3
450 1037 542 1072 neque
571 1026 712 1071 divisas,
751 1031 845 1070 neque
873 1026 1010 1071 confusas
1047 1029 1190 1062 dicimus.

300 1077 435 1113 Etenim
447 1087 516 1111 non
529 1086 718 1113 naturatum
728 1076 911 1119 diversitas,
939 1078 993 1115 sed
1003 1077 1122 1114 divifio
1147 1078 1196 1113 in-

299 1127 393 1162 ducit
415 1127 636 1171 pluralitatem
646 1127 856 1172 personarum
867 1154 874 1162 .

300 1222 303 1228 Ι
349 1178 467 1213 Lectus
478 1177 524 1214 est
534 1176 676 1221 ejusdem
689 1177 796 1213 Basilii
825 1179 911 1222 apud
935 1177 1105 1223 Ephesum
1129 1178 1193 1222 lap-

297 1228 372 1267 suS,
398 1229 433 1263 ὅς
454 1227 637 1265 orthodoxi
658 1228 742 1274 apud
766 1227 1095 1273 Constantinopolim
1122 1227 1191 1263 dati

295 1278 439 1324 suffragii
450 1279 618 1324 palinodia
632 1303 643 1320 ,
670 1279 727 1315 ubi
738 1278 906 1316 aliud'ille
928 1280 1067 1320 nesciit,
1093 1290 1191 1325 quam

294 1329 437 1374 allegare
449 1339 576 1365 metum
587 1333 627 1366 ex
640 1329 792 1365 Dioscori
804 1330 977 1365 violentiis
991 1355 1003 1372 ‚
1016 1331 1050 1365 δε
1062 1330 1193 1365 veniam

295 1379 417 1423 precari
429 1393 442 1413 .·
465 1380 510 1414 Et
519 1380 649 1425 roganti
662 1380 847 1421 Di0st010‚
871 1384 939 1425 Ego
966 1390 996 1415 te
1006 1385 1080 1427 coegi
1094 1405 1105 1421 ‚
1126 1380 1195 1414 red·

295 1428 402 1464 didit:
429 1434 467 1463 In
477 1431 538 1464 tale
550 1443 603 1464 nos
614 1429 804 1465 homicidium
822 1440 857 1464 tu
879 1430 1037 1474 compulisti·
1056 1439 1112 1472 per
1133 1442 1195 1462 ma·

296 1484 354 1513 ‘nus
388 1481 590 1514 multitudinis
608 1480 672 1523 post
691 1482 914 1514 damnationem
935 1481 1097 1520 Beattffimi
1120 1482 1194 1515 Fla-

295 1531 406 1563 biam.
435 1532 603 1573 Consti-ite,
629 1540 775 1572 quantam
794 1538 865 1564 tunc
875 1532 980 1564 intulit
1000 1530 1192 1569 violentiam,

296 1586 427 1612 omnium
447 1592 545 1614 rerum
563 1580 740 1622 potestatem
761 1582 888 1622 adeptus
909 1582 944 1615 (θ’
960 1581 1071 1622 iudicii
1091 1604 1103 1620 ,
1127 1581 1193 1614 cuim

296 1635 388 1663 etiam
399 1630 435 1664 (θ’
445 1641 524 1664 nunc
535 1630 692 1672 perturbet
702 1632 867 1665 Concilium
879 1655 887 1663 .
915 1632 975 1665 Sex
997 1631 1042 1664 illi
1067 1631 1192 1674 conspi-

294 1689 418 1713 ratores
429 1679 583 1726 Episcopi
593 1682 714 1715 tantam
731 1679 909 1724 relifflficnt
921 1706 932 1722 ,
958 1683 994 1715 ἐκ
1017 1692 1117 1714 omnes
1140 1692 1192 1715 nos

293 1728 469 1764 ronturbat.
500 1731 553 1764 Ex
566 1742 634 1777 quo
657 1730 762 1777 liquet
779 1731 985 1768 Dioscorum
1005 1732 1101 1767 fuisse
1122 1732 1193 1767 infi-

294 1780 406 1825 gniter
416 1779 644 1818 turbulentum
655 1806 663 1816 .

289 1847 295 1851 ·
343 1830 530 1865 subnectis
551 1831 687 1867 tandem
706 1831 885 1867 exordium
907 1830 1049 1867 accensis
1069 1832 1190 1873 cereis,

293 1879 378 1915 lecta
392 1881 455 1915 fuit
468 1880 670 1918 latrocinalis
681 1883 715 1917 in
729 1883 883 1918 Sanstum
904 1883 1102 1917 Flavianum
1124 1883 1190 1917 serr

293 1932 424 1971 tentia,
448 1931 482 1964 in
510 1932 787 1977 quam'Episcopi
812 1933 1001 1969 orientales
1030 1930 1191 1967 exclama-

293 1983 392 2014 runt:
431 1980 600 2021 Anathma
635 1980 786 2027 Dioscoro.
835 1987 903 2017 Hac
926 1981 997 2015 bora
1023 1982 1188 2015 damnavit

292 2031 448 2071 sanetum
464 2030 687 2074 Flavianum,
711 2032 768 2066 bac
778 2030 854 2077 borae
872 2030 1032 2066 dmnetui·
1046 2056 1053 2064 .
1079 2031 1188 2066 sanee

293 2083 421 2114 Domine
436 2088 471 2114 tu
482 2078 566 2115 illurn
577 2081 703 2116 vindica
715 2107 722 2115 .
749 2081 901 2116 Catholice
920 2086 1089 2123 Imperator
1109 2089 1144 2115 tu
1154 2082 1187 2114 il-

292 2131 354 2164 lum
365 2132 506 2164 vindica.
534 2134 625 2166 Leoni
637 2133 744 2165 multos
756 2143 872 2165 annos.
901 2131 1095 2166 Patrlarchae
1116 2132 1187 2165 mul-

292 2188 337 2214 tos
348 2190 459 2214 annos.
481 2182 564 2216 Haec
573 2182 619 2216 est
628 2181 735 2225 prima
748 2180 833 2226 apud
844 2181 1013 2227 generales
1032 2180 1187 2226 synodos

292 2232 454 2266 memoria
468 2233 559 2266 vocis
570 2255 582 2271 ,
604 2231 816 2275 =Patr1arcba3
842 2231 946 2276 prima
953 2231 1026 2275 ejus
1037 2232 1186 2276 acceptio

295 2292 355 2324 pro
368 2281 434 2315 illis
450 2281 690 2326 Episcoporum
699 2281 902 2317 Primatibus
912 2305 924 2323 ,
950 2293 1034 2326 quos
1043 2282 1111 2326 jam
1121 2283 1185 2326 pas-

291 2331 352 2365 {im
367 2343 522 2366 vocamus
533 2331 736 2368 Patriarchas
746 2357 754 2364 .
781 2331 871 2367 Dico
882 2358 894 2374 ‚
919 2336 958 2366 ln
969 2333 1088 2373 synodis
1100 2342 1186 2376 gene—

292 2381 407 2415 ralibus
422 2395 435 2415 .-
459 2381 631 2417 Falluntur
643 2407 654 2423 ,
680 2383 737 2426 qui
749 2393 821 2418 eam
831 2391 949 2427 putant
960 2394 1030 2418 non
1052 2384 1116 2418 effe
1129 2393 1185 2416 an-

289 2431 488 2476 tiquiorem.
515 2432 651 2467 Etenim
663 2432 824 2467 inlitteris
835 2442 911 2467 ante
929 2430 1105 2476 Synodum
1125 2443 1185 2467 no-

119 2468 204 2508 Epist.
227 2479 389 2516 50⁶—ssram
402 2482 607 2517 exstantibus
628 2481 738 2516 scribit
757 2480 798 2516 ad
821 2482 1099 2518 Valentinianum
1125 2491 1185 2516 ter-

106 2783 196 2818 scap.
211 2782 238 2809 8.

141 3242 212 3279 Cap.
230 3249 257 3275 3.

287 2533 379 2567 tium
390 2531 562 2578 Augustus
587 2530 818 2567 Theodofius:
843 2535 907 2566 Leo
931 2532 1182 2572 reverendiffimus

293 2582 497 2625 Patriarchq.
535 2582 641 2630 Quod
666 2582 774 2627 ipsum
799 2582 919 2627 repetit
945 2582 982 2617 in
1004 2581 1121 2616 litteris
1142 2581 1184 2617 ad

290 2628 433 2667 Gallam·
458 2632 644 2667 Placidiam
664 2632 866 2678 nAugustam
879 2655 889 2665 .
928 2631 1060 2667 Eodem
1082 2631 1185 2667 titulo

293 2684 436 2720 Xixtum
448 2681 629 2718 secundum
645 2682 848 2718 Pontificem
867 2681 1005 2727 insignit
1018 2682 1054 2716 in
1066 2682 1186 2717 sermo-

292 2747 335 2769 ne
345 2735 386 2768 de
398 2734 514 2768 SanEto
527 2732 706 2768 Laurentio
719 2732 1043 2768 SanetusMaximus
1054 2732 1185 2776 Episco-

293 2796 354 2828 pus
379 2783 616 2818 Taurinenfis.
640 2781 685 2816 Et
713 2783 750 2816 in
779 2782 897 2818 litteris
929 2782 972 2817 ad
991 2782 1186 2817 Servianum

293 2834 474 2869 Consulem
487 2856 499 2873 ,
523 2831 726 2868 exstantibus
733 2831 822 2876 apud
833 2832 989 2869 Flavium
1001 2831 1191 2876 Vopiscum.

293 2884 330 2918 in
340 2885 409 2918 vita
431 2882 599 2919 Saturnini
620 2881 807 2926 Tyranni,
827 2880 996 2918 Adrianus
1017 2880 1188 2927 Augustus

295 2944 457 2968 memorat
467 2932 732 2969 Christianorum
745 2931 780 2966 in
793 2932 951 2977 AEgypto
960 2931 1189 2975 Presbyteros,

296 2984 503 3028 Episcopos,
527 2983 562 3017 δε
584 2979 966 3026 Ρεεῐίατοῑιετη,-ιιῑ’ἱςιιε
993 2980 1189 3017 Alexandri-

287 3044 401 3068 num.
437 3034 518 3067 Non
560 3031 658 3069 video
676 3057 687 3073 ‚
712 3043 770 3067 cur
798 3032 818 3066 a
841 3032 998 3068 Domino
1023 3030 1122 3067 Petro
1147 3029 1189 3066 de

299 3084 416 3118 Marca
429 3083 615 3126 persuadear
629 3082 814 3118 Adrianum
825 3082 920 3127 loqui
941 3082 983 3117 de
992 3079 1191 3116 Patriarchis

302 3132 499 3177 Judaeotum.
530 3132 689 3169 Attamen
716 3133 843 3168 videtur
870 3143 935 3167 vox
960 3132 979 3167 a
1008 3133 1188 3177 synagoga

303 3184 424 3218 venisse
435 3184 475 3218 ad
488 3181 667 3217 Ecclefiam
680 3209 687 3215 .
715 3183 850 3219 Etenim
864 3182 899 3218 in
912 3183 1021 3226 primo
1032 3183 1074 3217 ad
1086 3182 1191 3217 Ruffi-

303 3246 383 3268 num
398 3233 481 3268 libro
491 3231 746 3267 scribitSanctus
771 3234 1020 3277 Hieronymus:
1046 3237 1198 3278 Origenes‘

285 3295 290 3299 ·
304 3283 521 3319 Hebraeorum
536 3281 745 3323 Patriarcham
760 3284 890 3316 Huillum
901 3307 912 3324 ‚
938 3287 990 3326 qui
1011 3283 1190 3327 temporibus

285 3333 462 3374 *ejusfuiss
488 3338 620 3367 nominat
633 3357 640 3364 .
668 3331 712 3366 Et
725 3332 759 3365 in
773 3331 888 3366 litteris
910 3333 952 3366 ad
974 3332 1188 3368 pamachium

130 3396 213 3436 Epist,
222 3394 291 3428 ior-³
302 3382 372 3427 agit
383 3382 424 3416 de
436 3383 618 3418 Gamaliele'
631 3380 836 3423 Patriarcha,
863 3381 1000 3418 homine
1022 3391 1118 3418 tantae
1135 3395 1190 3418 au-

285 3432 484 3474 «ctoritatis,
518 3443 554 3468 ut
588 3441 700 3469 contra
720 3429 968 3477 -Hesychium,
994 3435 1102 3470 virum
1129 3434 1189 3469 sub

954 89 1416 135 Arreunrx

1257 171 1454 208 Theodofio
1489 172 1643 221 Augusto
1679 176 1916 221 Consularem,
1931 179 2142 226 *gravissimas*

1255 223 1656 261 exercueritinimici-tias-.
1687 228 1731 262 Et
1753 227 1822 264 hacc
1842 229 1943 273 Esajae
1967 230 2149 274 Prophetae¹

1257 271 1371 307 verba.
1399 272 1591 314 Effaeminati
1624 277 1853 313 dominabuntur
1880 287 1942 323 eis,
1986 278 2076 315 hunc
2103 282 2140 316 in

1255 322 1394 358 modum
1417 323 1663 365 interpretatur:
1699 328 1917 370 confideremus
1943 330 2139 366 patriarchas

1255 372 1468 415 Hebraeorum,
1494 372 1690 414 effaemt'natos
1707 388 1742 410 ac
1758 378 1875 413 ,deliciis
1899 381 2059 425 affhtentes
2070 369 2149 424 s&-

1254 424 1407 466 impletam
1432 424 1484 467 effe
1515 423 1706 468 prophetiam
1731 437 1897 463 cernemus.
1936 431 2142 467 patriarchas

1254 472 1334 508 istos
1356 475 1449 510 fuisse
1462 476 1628 519 supremos
1649 476 1862 519 spe&antium
1878 479 1920 514 ad
1942 483 2142 528 religionem

1255 524 1608 568 quaestionumjudices
1622 549 1632 566 ,
1659 527 1762 568 liquet
1783 539 1827 562 ex
1847 527 1920 572 lege
1945 531 2079 567 Arcadii
2105 533 2141 568 ἀ

1259 574 1404 609 Honorii
1418 574 1643 621 Augustorum
1655 576 1697 611 ad
1717 575 1967 621 Eutychianum
1989 581 2143 618 Praetorio

1256 623 1465 666 Praefeetum,
1492 626 1642 661 exstante
1663 628 1698 661 in
1728 626 1855 663 Codice
1877 628 2114 666 Theodofiano
2128 658 2138 666 .

1256 674 1460 710 Eorumdem
1473 674 1671 721 dignitatem
1693 677 1726 712 ἀ
1747 679 1940 723 potestatem
1964 680 2060 715 variIs
2083 682 2145 716 ibi·

1254 724 1330 758 dem
1343 724 1468 770 legibus
1496 726 1627 763 firmant
1647 727 1745 763 etiam
1766 729 2030 772 Constantinus,
2055 731 2145 766 Con-¹

1255 775 1415 816 stantius,
1442 775 1722 819 Valentinianus,
1747 790 1785 813 ac
1797 778 2010 816 Theodosius
2026 781 2129 827 Augu

2168 695 2227 725 La.
2242 694 2318 725 rita.

2167 744 2190 765 c.
2202 746 2246 766 10.

2130 797 2145 808 .
2162 774 2318 807 L.16.tit.8.

1256 824 1310 858 sti·
1341 825 1443 862 Erant
1457 826 1541 871 ἐιΡῑῑᾶ
1553 828 1626 863 suos
1638 830 1777 872 personae
1795 830 1977 874 spectabiles
1997 842 2095 875 atque
2107 832 2144 866 il·
2160 826 2250 847 ⁰⁴⁴·
2274 825 2318 847 ¹¹·

1255 874 1383 911 lustres.
1413 875 1541 912 Verum
1552 878 1587 912 in
1608 880 1670 913 suo
1690 879 1818 914 Codice
1838 881 2038 925 Justinianus
2059 883 2147 926 ipso-

1256 936 1327 961 rum
1339 938 1407 961 non
1418 927 1571 963 meminit
1582 952 1594 970 ,
1619 928 1711 973 quod
1721 941 1840 974 nempe
1862 932 1979 976 grandi
1993 932 2052 966 illo
2064 932 2155 967 tim·-

1255 976 1312 1018 lo,
1336 975 1378 1011 ad
1398 979 1565 1022 supremos
1588 978 1854 1015 Christianorum
1881 982 2060 1026 Episcopos
2081 982 2144 1026 pri-

1255 1027 1363 1063 vative
1375 1027 1552 1071 translato,
1577 1031 1680 1065 effent
1690 1030 1820 1075 penitus
1840 1032 1950 1066 exuti.
1976 1031 2142 1069 Paulatim

1255 1078 1289 1112 &
1301 1078 1471 1114 successive
1482 1078 1516 1113 id
1527 1079 1592 1114 fuit
1604 1081 1727 1115 fastum
1745 1105 1752 1114 .

1307 1127 1492 1164 Posteriora
1515 1129 1626 1165 saecula
1647 1131 1786 1165 titulum
1797 1131 1895 1166 istum
1916 1132 1958 1167 ad
1978 1129 2143 1178 quosdam

1255 1178 1355 1214 etiam
1381 1179 1615 1224 Metropolitas
1644 1181 1680 1216 ὅς
1706 1180 1866 1218 Pri'mates
1889 1182 2110 1219 extenderunt
2127 1208 2142 1216 ..

1259 1229 1391 1264 Etenim
1416 1231 1503 1266 circa
1531 1230 1640 1266 Sancti
1661 1232 1817 1277 Gregorii
1844 1233 1968 1278 Magni
1992 1244 2144 1277 temporo

1255 1280 1536 1324 Metropolitanus
1548 1279 1766 1325 Aquileiensis
1774 1306 1786 1323 ,
1809 1281 1899 1327 quod
1911 1283 2032 1317 Histrii
2044 1282 2144 1318 schis-

1255 1330 1351 1365 matis
1362 1354 1373 1370 ,
1401 1331 1462 1365 tria
1472 1330 1625 1375 Capitula
1637 1330 1790 1370 adversus
1801 1334 1952 1377 quintam
1962 1333 2140 1378 Synodum

1254 1381 1288 1415 ὅτ.
1312 1379 1502 1416 Romanam
1525 1380 1704 1416 Ecciefiam
1723 1382 1932 1418 defendentis
1948 1408 1958 1424 ‚
1985 1394 2085 1427 caput
2095 1384 2142 1417 es-

1255 1432 1302 1464 set
1318 1454 1330 1471 ,
1355 1431 1450 1465 asuis
1475 1431 1600 1468 asseclis
1611 1432 1724 1467 vocari
1735 1433 1834 1477 coepic
1855 1432 2063 1468 Patriarcha.
2092 1433 2139 1468 Et

1255 1479 1292 1517 hi
1303 1480 1379 1515 sunt
1389 1481 1455 1515 veri
1484 1482 1609 1517 natalae
1619 1481 1710 1516 istius
1736 1482 1996 1518 Patriarchatus.
2023 1481 2081 1517 Ad
2091 1494 2142 1518 ea·

1254 1529 1331 1565 dem
1342 1539 1488 1574 tempora
1499 1530 1656 1575 Synodus
1675 1532 1815 1567 secunda
1826 1533 2076 1568 Matisconenfis
2101 1533 2138 1567 in

1257 1581 1310 1615 sua
1332 1581 1522 1624 praefatione
1544 1580 1692 1616 Priscum
1717 1581 1990 1627 Lugduneufium
2013 1583 2142 1618 Metro-

1256 1630 1395 1674 politam
1412 1640 1512 1666 vocat
1531 1630 1736 1675 Episcopum
1755 1632 1990 1667 Patriarcham.
2022 1632 2139 1667 Etiam

1254 1681 1410 1716 SauCium
1433 1680 1608 1717 Nicetium
1627 1705 1639 1722 ,
1665 1681 1810 1725 ejusdem
1832 1683 1976 1718 civitatis
2001 1683 2140 1727 Episco-

1254 1742 1354 1775 pum,
1381 1731 1426 1765 ita
1446 1740 1545 1767 vocat
1578 1731 1715 1766 Sanetus
1745 1733 1927 1778 Gregorius
1960 1733 2140 1769 Turonen-

2165 865 2256 896 ¹3·15·
2270 865 2317 895 ²9·

1254 1781 1310 1815 fis.
1338 1781 1382 1815 Et
1392 1780 1434 1816 ad
1460 1780 1648 1816 Rudolfum
1661 1797 1663 1800 ·
1674 1780 1926 1817 Bituricenfium
1940 1781 2138 1826 Metropoli·
2156 1794 2213 1830 L5·
2229 1801 2256 1824 c.
2268 1802 2313 1824 21.

1252 1841 1320 1867 tam
1340 1831 1451 1866 scribit
1472 1830 1636 1867 Nicolaus
1656 1832 1784 1874 primus
1809 1832 1969 1867 Pontifex
1981 1846 1992 1866 .·
2017 1834 2084 1876 ..Qui
2093 1831 2140 1865 ad

1251 1890 1282 1915 te
1302 1905 1314 1921 ‚
1340 1879 1427 1923 quast
1442 1881 1487 1913 ad
1510 1879 1724 1914 Patrtarcbam
1738 1879 1826 1925 ficum
1844 1907 1856 1924 ,
1877 1887 2113 1925 provocaverint
2125 1904 2135 1915 .
2154 1873 2208 1911 ΕΡ·
2244 1881 2292 1911 39·

1253 1931 1378 1966 Rerum
1389 1929 1612 1976 Anglicarum
1622 1929 1843 1966 Ecclefiasticiv
1850 1931 2033 1976 Scriptores
2043 1942 2136 1967 eum-

1249 1981 1326 2016 dem
1347 1981 1482 2015 titulum
1506 1980 1693 2024 frequenter
1712 1981 1900 2016 attribuunt
1908 1983 1972 2017 suo
1992 1981 2133 2016 Pritnati

1226 2047 1230 2057 ··
1249 2030 1479 2066 Cantuari‘enfi
1501 2056 1510 2063 .
1539 2029 1653 2064 Etiam
1676 2029 1765 2074 apud
1783 2030 1922 2072 Petrum
1944 2030 2134 2066 merentem

1250 2081 1398 2126 legimus
1413 2104 1426 2121 ‚
1452 2079 1544 2124 quod
1564 2079 1734 2115 Heuricus
1755 2081 1918 2117 secundus
1942 2079 2135 2127 Anglorum

1250 2130 1324 2166 Rex
1345 2127 1688 2167 sanstumrrhomam
1714 2131 1986 2167 Cantuariensem
2000 2155 2011 2172 ,
2037 2131 2136 2167 dum-

1248 2180 1352 2216 modo
1365 2180 1406 2216 ad
1426 2180 1822 2227 pacificandumregnum
1846 2182 1900 2216 isti
1912 2181 2130 2226 Episcopatui

1246 2230 1376 2266 cedei-et
1396 2255 1410 2272 ,
1427 2231 1661 2275 sparatus-effer
1683 2233 1856 2267 transferre
1876 2232 1922 2265 ad
1940 2237 2132 2266 mittentium

1245 2283 1371 2324 majoris
1389 2280 1644 2321 Patiar-charus,
1671 2281 1707 2315 id
1727 2281 1774 2315 est
1784 2306 1797 2323 ,
1815 2279 2065 2326 addigniorem
2086 2281 2132 2315 se-

1245 2332 1324 2366 dem
1335 2330 1637 2375 Metropolitanam
1646 2330 1795 2366 ...Etiam
1811 2332 1847 2365 in
1869 2330 1933 2366 hae
1941 2330 2051 2365 nostra
2070 2331 2133 2373 Sy-

1246 2381 1337 2416 nodo
1358 2381 1493 2426 gloriosi
1505 2380 1639 2424 judices·
1655 2391 1792 2414 omnem
1805 2380 2059 2424 Metropolitam
2084 2380 2132 2414 di-

1222 2437 1225 2442 '
1245 2430 1325 2467 serre
1344 2440 1470 2466 vocant
1488 2428 1714 2464 patriarcham
1735 2454 1741 2462 .
1769 2429 1814 2463 Et
1826 2428 1969 2464 secundo
1989 2429 2131 2464 Canone

1245 2479 1621 2524 Constantinopolitano
1634 2502 1644 2520 ‚
1671 2478 1916 2513 patriarchis&
1933 2479 2131 2523 autocepha-

1245 2531 1284 2565 lis
1303 2529 1504 2564 Primatibus
1523 2531 1594 2567 suas
1615 2529 1771 2563 dioeceses
1779 2527 1993 2564 distribuente
2005 2552 2017 2569 ,
2043 2529 2129 2565 dicit

1221 2591 1223 2595 ¹
1243 2580 1435 2626 generaliter
1454 2580 1603 2614 Socrates
1624 2590 1633 2611 x
1660 2578 1860 2613 patriarchas
1886 2577 2049 2619 constituit.
2077 2579 2129 2614 At

1246 2629 1421 2675 improprIa
1431 2628 1478 2664 est
1498 2628 1557 2663 ista
1576 2628 1671 2664 vocis
1683 2629 1853 2673 acceptio.
1881 2628 2017 2664 Etenim
2040 2628 2130 2664 soloe

1245 2690 1308 2716 tres
1328 2704 1340 2722 ,
1365 2679 1565 2715 Romanum
1581 2703 1594 2720 ,
1618 2678 1887 2714 Alexandrinum
1908 2702 1920 2720 ,
1947 2679 1990 2726 δε-
2006 2678 2130 2714 Antio-

1245 2730 1388 2766 chenum
1411 2754 1422 2771 ‚
1449 2741 1508 2774 pro
1529 2729 1612 2764 veris
1631 2727 1828 2764 patriarchis
1852 2731 1977 2773 semper
2009 2727 2128 2764 habuit

1247 2780 1390 2816 Ecclesia
1404 2804 1416 2820 ,
1443 2778 1561 2824 quibus
1586 2777 1802 2824 postmodum⁴
1821 2777 2134 2822 Constantinopoli*

1234 2838 1342 2866 ‘tanus
1351 2830 1386 2865 ὅ(
1400 2829 1727 2873 Hierosolymitanus
1747 2841 1805 2874 per
1815 2830 1961 2874 rapinam
1981 2828 2017 2865 dc
2026 2828 2130 2865 malas

1247 2891 1330 2916 artes
1341 2880 1555 2915 accesserunt.
1583 2879 1744 2923 Reliquos
1764 2891 1882 2916 omnes
1893 2879 2030 2923 maiores
2050 2877 2130 2924 Epir

1238 2934 1364 2975 scopos
1386 2929 1458 2964 solo
1476 2929 1724 2974 Metropolitae,
1750 2928 2045 2974 Archi-Episcopi,
2070 2936 2128 2965 aut

1249 2979 1401 3017 primatis
1412 2975 1510 3014 titulo
1533 2979 1597 3023 jam
1606 2978 1733 3024 pridem
1754 2980 1950 3025 insignimus
1971 3004 1979 3013 .
2005 2979 2130 3015 Romu

1248 3043 1308 3066 nus
1318 3041 1452 3070 tamen,
1475 3029 1571 3064 uti&
1593 3029 1860 3072 Alexandrinus,
1884 3029 1972 3074 Papa
1982 3027 2128 3072 intitule-

1247 3084 1274 3116 ri
1287 3083 1410 3125 semper
1430 3080 1550 3114 maluit
1561 3090 1661 3125 quam
1682 3079 1893 3119 Patriarcha,
1917 3079 1959 3115 de
1969 3079 2125 3123 cujusne-

1248 3132 1349 3167 minis
1370 3130 1500 3176 origine
1519 3130 1555 3164 ὃς
1575 3130 1745 3176 dignitate>
1761 3130 1808 3166 est
1832 3130 1927 3166 alibi.
1942 3125 2127 3174 opportune

1247 3180 1443 3218 dicendum.
1664 3208 1666 3210 .
1860 3222 1862 3224 v
1908 3206 1917 3213 ,‚

1299 3231 1377 3266 Post
1400 3231 1480 3266 lecta
1492 3231 1556 3266 alia
1576 3230 1780 3266 latrocinalia
1802 3228 1885 3265 Asta
1906 3224 2125 3274 gloriofiffimi

1248 3283 1370 3326 judices
1382 3283 1457 3316 sunt
1470 3280 1603 3316 tandem
1616 3281 1803 3317 interlocuti
1816 3294 1829 3314 ι
1843 3282 1902 3312 :De
1911 3277 1992 3313 reela
2004 3278 2125 3319 quidem

1249 3335 1284 3369 ὦ·
1304 3331 1446 3367 catholica
1451 3332 1515 3375 fide
1520 3332 1688 3375 perfec-‘liar
1694 3330 1909 3375 sequentium,
1933 3332 2124 3361 conveniente

1251 3385 1399 3424 Concilio,
1425 3384 1639 3427 diligentiorem
1649 3383 1898 3416 examinationem
1920 3377 1989 3420 fieri
1999 3384 2129 3419 oportere

1247 3433 1440 3479 perspicimus
1464 3458 1471 3467 .
1499 3435 1652 3477 ,Quoniam
1674 3432 1746 3465 vero
1779 3429 1954 3463 Flavianus
1986 3423 2131 3473 religiosae

1937 3504 1941 3509 .
2001 3488 2082 3512 ,ηκ-

2153 1921 2180 1945 C·
2195 1923 2228 1945 δι’
