2340 3736
694 98 782 155 ‘DE
817 95 1058 152 SYNODO
1105 107 1662 152 CHALCE‘DONENSI.
1924 114 2021 167 v123

1207 193 1285 221 tuit:
1311 190 1398 220 Etitr
1405 183 1544 228 summa',
1563 186 1640 228 ²Jt‘cut
1648 180 1899 232 fingularisferus
1922 196 1955 223 in
1970 177 2094 225 vini-am

1208 244 1325 272 irruens
1339 262 1349 276 ,
1375 247 1463 279 quam
1474 240 1614 277 optimam
1625 245 1734 280 reperit
1740 240 1963 280 plantationem
1975 266 1985 281 ‚
2007 254 2095 275 ever-

1208 294 1245 321 tit
1257 301 1271 329 ;
1296 299 1387 329 quam
1399 289 1471 320 vero
1483 294 1517 319 ut
1530 286 1743 330 infr-ulluosam
1757 281 1942 322 eradicatam
1951 313 1962 329 ,
1988 294 2092 324 rur-siti

1207 340 1350 379 induxit,
1375 339 1409 371 61
1419 349 1465 369 eos
1479 338 1597 378 quidem
1609 361 1619 376 ‚
1646 344 1740 378 quiea
1754 365 1763 379 ,
1790 352 1857 381 quae
1863 338 1938 383 sunt
1952 342 2092 382 Parrum,

1203 387 1348 431 sapiunt,
1387 386 1532 429 abscidit,
1557 398 1605 419 eos
1626 389 1696 419 ver&
1710 409 1719 424 2
1741 395 1792 429 qui
1815 393 1878 433 lupi
1901 391 2091 434 demonstra-ti

1199 437 1296 481 sunt,
1317 436 1407 481 sicper
1431 449 1499 469 oves
1522 435 1676 478 imposuit.
1704 435 1748 470 Et
1769 439 1902 475 Relatio
1923 440 2090 483 synodalis

1205 489 1246 523 ad
1258 487 1531 523 Valentinianum
1550 487 1584 522 ὃς
1597 486 1801 520 Martianum
1814 489 1998 533 Augustos.
2028 494 2091 523 Eu-

1204 538 1277 577 tychi
1289 543 1446 582 aegrotanti
1459 543 1612 579 impietate
1624 536 1808 576 Manichaei,
1834 540 1866 571 (9·
1889 542 2015 583 legitime*
2037 541 2092 573 ab.

1202 590 1319 629 dicato,
1345 598 1411 621 tam
1420 589 1621 620 Sacerdotium
1645 598 1734 629 quam
1747 587 1952 621 Monachorum
1977 593 2091 623 Princi-

1197 632 1317 679 patum¹
1327 647 1398 671 ante
1409 639 1554 671 decretum
1568 638 1706 676 synodale
1721 638 1923 680 irregulariter
1934 641 2066 675 reddidit
2080 667 2088 674 .

1202 691 1248 722 Et
1258 687 1310 722 boc
1321 711 1332 727 ,
1358 688 1422 720 oum
1435 686 1638 730 Beatissimus
1650 689 1684 721 ἐν
1693 686 1885 727 samwffimus
1900 699 2022 732 magnus
2034 694 2090 723 Ro-

1198 750 1257 773 mae
1268 735 1528 779 Archi-Episcopus*
1542 741 1601 771 Leo
1610 745 1664 778 per
1682 739 1798 770 litteras
1820 743 2020 771 convenientia
2043 742 2092 772 de-

1197 788 1347 831 crevisset,
1370 788 1406 821 Θ
1422 785 1570 830 scelestam
1593 787 1734 827 Eutychis
1743 793 1776 818 in
1793 785 1911 830 scriptis
1930 789 2093 831 damnajset

1195 839 1356 881 perfidiam
1371 863 1380 877 ‚
1394 839 1519 870 dicentis
1535 850 1542 870 :
1571 837 1860 871 CONFITEOR
1886 838 2093 885 QUIDEM.

1199 888 1339 922 ANTE
1366 886 1436 920 AD
1445 885 1760 922 UNATIONEM
1790 887 1855 920 EX
1881 887 2093 923 DUABUS

1198 937 1428 973 NATURIS
1458 937 1711 973 DOMINUM
1738 937 1994 972 NOSTRUM
2032 938 2093 981 JE-

1154 988 1156 990 ’
1200 988 1306 1023 SUM
1332 987 1598 1022 CHRISTUM
1611 1011 1621 1027 ‚
1648 988 1773 1022 POST
1797 988 2095 1024 UNITIONEM

1200 1038 1337 1072 VERO
1366 1037 1522 1072 UNAM
1550 1038 1656 1072 ESSE
1683 1038 1951 1072 NATURAM
1965 1064 1972 1071 .
2000 1042 2046 1071 Et
2059 1044 2093 1071 in

1201 1091 1258 1121 Dei
1271 1088 1496 1127 amannffimum
1506 1089 1686 1131 Episcopum
1711 1087 1874 1132 Eusebium
1897 1095 2002 1131 iniqua
2020 1100 2093 1121 com-

1198 1136 1290 1180 mt'fit·
1318 1136 1420 1170 Adhuc
1431 1145 1528 1171 autem
1550 1140 1584 1171 (ν
1597 1137 1737 1182 quosdam
1759 1141 1780 1172 ἃ
1806 1138 1930 1181 diversis
1951 1140 2092 1172 Conciliis

1198 1190 1257 1222 rite
1271 1189 1427 1221 damnatos
1440 1194 1471 1220 in
1484 1195 1710 1222 communionem
1727 1195 1852 1231 propria
1863 1189 2033 1223 auc‘loritate
2041 1189 2092 1233 su-

1194 1236 1287 1281 scepit
1299 1263 1306 1270 .
1334 1236 1533 1280 Eutychetis
1549 1237 1797 1273 damnationem
1810 1239 1828 1271 ὲ
1847 1240 1928 1274 Sede
1940 1240 2092 1273 Romana

1198 1289 1428 1322 confirmatam
1439 1288 1595 1321 exufflare
1606 1288 1669 1322 fuit
1680 1300 1747 1323 non
1764 1288 1974 1323 solummodo
1998 1290 2092 1333 quinss

1199 1349 1269 1372 tum
1282 1337 1455 1372 Nicaenum
1469 1362 1479 1378 ,
1507 1337 1562 1372 sed
1588 1339 1622 1372 ὅς
1643 1339 1810 1372 Divinum
1834 1340 2005 1384 Evangelii
2028 1340 2092 1373 Ca-

1198 1399 1320 1424 nonem
1332 1387 1550 1431 praevaricari.
1579 1388 1622 1422 Et
1634 1386 1699 1422 haec
1719 1389 1833 1422 omnia
1856 1389 1933 1423 fecit
1952 1391 2090 1432 irregula-

1196 1445 1271 1473 riter
1283 1463 1293 1479 ,
1318 1445 1442 1481 propria
1453 1438 1626 1472 auuornate
1636 1462 1646 1477 ,
1670 1448 1740 1473 ante
1760 1438 1897 1482 synodale
1923 1440 2067 1473 decretum
2077 1464 2092 1480 ,

1194 1488 1367 1532 priusquam
1378 1500 1443 1522 cum
1456 1486 1598 1531 Episcopo
1608 1494 1640 1521 in
1653 1488 1772 1532 Epheso
1781 1489 1935 1532 confideret
1950 1516 1957 1522 .
1983 1491 2091 1524 Num-

1196 1551 1294 1583 quam
1303 1540 1394 1573 enim
1408 1564 1418 1578 ,
1432 1539 1480 1573 uti
1494 1539 1827 1583 frequenterinculcat
1842 1539 2091 1582 Theodoretus,

1196 1589 1214 1623 ὲ,
1229 1589 1368 1624 scabiosa
1388 1587 1532 1623 damnati
1559 1588 1758 1633 Eutychetis
1778 1592 2014 1624 communione
2035 1589 2089 1624 ab·

1196 1639 1299 1678 stitit,
1323 1636 1452 1674 &hanc
1470 1640 1558 1672 suam
1568 1639 1860 1681 praevaricationem
1888 1651 1942 1684 per
1966 1640 2090 1675 violen-

1196 1701 1264 1724 tam
1284 1689 1318 1722 in
1331 1688 1494 1732 Ephelino
1519 1689 1693 1723 latrocinio
1715 1688 1926 1734 tyrannidem
1947 1690 2088 1726 firmavit

1184 1740 1323 1787 ,decreto
1338 1739 1486 1782 synodali
1499 1764 1505 1771 .
1527 1740 1668 1775 Facinus
1677 1739 1760 1774 adeo
1770 1741 1897 1775 foedum
1909 1766 1920 1782 ,
1942 1750 1980 1775 ut
1989 1742 2089 1776 etiam

1195 1790 1357 1824 Severiani
1371 1789 1526 1833 Episcopi
1536 1790 1577 1824 de
1588 1789 1646 1824 illo
1656 1790 1843 1825 erubuerint
1854 1814 1864 1830 ‚
1890 1791 2038 1826 dicentes
2053 1793 2091 1833 iu

1195 1840 1385 1876 Collatione
1403 1840 1775 1883 Constantinopolitana
1790 1854 1798 1875 :
1834 1841 1983 1881 Eutychen
2010 1851 2088 1875 tam-

1194 1903 1286 1934 quam
1308 1890 1377 1923 ac‘la
1392 1889 1516 1932 forfitan
1542 1896 1722 1932 poenitentia
1743 1889 1873 1933 Dioscoro
1889 1891 2087 1934 justificavit.

1194 1940 1242 1975 At
1255 1939 1364 1976 fabula
1375 1939 1421 1975 est
1434 1963 1445 1979 ‚
1470 1939 1573 1975 solide
1584 1941 1721 1976 refutata
1735 1951 1791 1986 per
1800 1942 1990 1986 Hypatium
2012 1942 2087 1985 Epi-

1195 1992 1329 2035 scopum
1343 1988 1555 2035 Ephesiorum
1567 2020 1574 2026 .

1241 2041 1431 2077 Secundum
1453 2041 1522 2084 ejus
1554 2042 1678 2076 crimen
1701 2042 1746 2077 ita
1770 2045 1943 2086 exposuere
1968 2043 2085 2088 Legati

1193 2091 1224 2126 A
1230 2092 1379 2136 postolici
1396 2116 1404 2124 .
1429 2093 1521 2133 Super
1549 2091 1612 2126 baec
1622 2103 1712 2135 neque
1723 2092 1892 2135 Epistulam
1902 2096 1962 2137 legi
1977 2100 2087 2135 permt-
2103 2103 2165 2135 Λᾶ,
2186 2114 2217 2141 3·

1186 2141 1225 2184 fit
1238 2143 1396 2182 Beatiffimi
1410 2144 1506 2183 Papae
1520 2144 1631 2175 Leonis
1642 2167 1654 2183 ‚
1675 2141 1820 2185 scriptam
1843 2145 1886 2175 ad
1902 2143 2018 2187 sancqae
2027 2156 2086 2178 me-

1190 2199 1292 2225 moriae
1318 2191 1506 2226 Flavianum
1515 2214 1528 2230 ,
1552 2194 1587 2226 (τ’
1600 2191 1651 2225 hoc
1655 2193 1834 2234 frequenter
1856 2203 1976 2237 rogatus
1988 2197 2007 2227 ἃ
2018 2203 2088 2236 por·

1191 2241 1326 2276 titoribus
1339 2246 1457 2275 recitari
1469 2254 1537 2276 eam
1548 2265 1558 2281 ,
1584 2243 1618 2275 (7
1632 2254 1695 2275 cum
1707 2244 1883 2284 juramento
1900 2245 1966 2286 fieri
1991 2245 2085 2278 Iet‘lio-

1189 2303 1256 2326 nem
1276 2296 1452 2335 promittens
1470 2304 1478 2324 z
1506 2293 1578 2336 ‚Qua
1600 2303 1657 2324 non
1677 2293 1754 2326 lena
1775 2292 1952 2336 fiandalum
1973 2295 2008 2328 δ’
2031 2295 2083 2328 Iae-

1182 2341 1294 2384 fionem
1306 2340 1423 2386 sanllae
1445 2344 1502 2377 Dei
1526 2342 1661 2385 Ecclefiae
1676 2351 1734 2385 per
1754 2351 1847 2377 toturn
1867 2343 1963 2378 orbem
1980 2353 2083 2386 pertu-

1187 2393 1299 2426 lerunt.
1327 2391 1422 2437 Lapfi
1433 2392 1571 2427 enimin
1585 2390 1748 2436 Ephefino
1760 2393 1935 2429 latrocinio
1949 2394 2081 2438 Episco-

1187 2442 1219 2486 pi
1230 2442 1301 2486 post
1317 2443 1463 2477 auditam
1476 2442 1513 2476 in
1534 2441 1596 2477 hac
1622 2443 1760 2487 Synodo
1773 2443 1954 2488 Epistolam
1977 2446 2082 2480 excla-

1185 2503 1334 2527 marunt:
1361 2496 1430 2526 Haec
1447 2496 1574 2527 Parrum
1580 2493 1657 2535 fides
1667 2516 1677 2532 ,
1701 2493 1766 2527 baec
1780 2495 1975 2536 Apostolorum
1982 2495 2057 2536 fides
2068 2518 2079 2534 ,

1185 2545 1293 2577 Petrus
1303 2551 1358 2585 per
1372 2547 1499 2577 Leonem
1509 2545 1553 2576 ita
1566 2545 1672 2577 locutus
1686 2543 1725 2583 est
1732 2566 1745 2583 ‚
1770 2543 1834 2577 haec
1849 2550 1882 2577 in
1900 2544 2018 2588 Epheso
2029 2557 2080 2579 cur

1182 2593 1258 2627 ledia
1269 2605 1326 2627 non
1334 2592 1432 2637 sunt?
1459 2593 1593 2627 Relatio
1618 2592 1784 2637 synodalis
1806 2593 1848 2628 ad
1874 2593 2080 2630 Valentinia-

1184 2654 1264 2678 num
1278 2644 1312 2678 &
1325 2643 1529 2678 Mattianum
1542 2642 1708 2688 Augustos
1724 2668 1736 2684 ‚
1758 2643 1777 2678 a
1801 2643 1946 2678 Nicolao
1968 2645 2078 2688 primo

1183 2693 1348 2728 Pontifice
1359 2693 1392 2727 in
1405 2693 1522 2728 litteris
1533 2693 1575 2728 ad
1587 2691 1787 2729 Michaelem
1797 2693 1986 2739 Augustum
2007 2694 2075 2730 lau-

1180 2742 1267 2783 data,
1277 2743 1420 2788 primum
1435 2744 1468 2777 ὅ(
1481 2743 1659 2788 principale
1671 2745 1828 2779 Dioscori
1841 2746 1967 2780 crimen
1977 2746 2073 2780 fuisse
2095 2751 2184 2792 Epist.
2199 2767 2227 2793 9·

1182 2794 1321 2829 affirmat
1335 2818 1346 2834 ,
1368 2795 1447 2837 quod
1461 2793 1626 2838 Epistolam
1637 2795 1657 2827 ἃ
1669 2795 1842 2835 S‘anc‘ltffimo
1854 2794 2077 2839 Archi-Episco-

1176 2853 1217 2886 po
1223 2842 1349 2888 senioris
1364 2848 1468 2878 Romae
1486 2849 1585 2880 Leone
1594 2846 1740 2879 direttam
1749 2844 1914 2888 adsandae
1925 2852 2075 2881 memoria·

1181 2894 1367 2929 Flavianum
1389 2901 1509 2929 recitari
1524 2895 1675 2938 probibuit
1696 2895 1853 2939 Episcopis
1879 2897 1993 2940 prefi
2008 2909 2079 2931 con-

1174 2950 1307 2989 gregatis
1320 2970 1331 2987 ,
1354 2946 1389 2979 cb·
1401 2944 1449 2978 boc
1459 2945 1523 2988 post
1534 2947 1726 2988 promiffiones
1743 2944 1817 2989 suas
1838 2948 1873 2981 6·
1892 2949 2074 2988 J’uramenta

1173 2997 1325 3037 plurima.
1354 2995 1514 3030 Criminis
1524 2994 1665 3031 radicem
1684 2997 1786 3040 aperit
1800 2996 1947 3032 laudatus
1970 2998 2075 3032 Nico-

1178 3044 1247 3079 laus
1260 3069 1271 3085 ,
1296 3044 1405 3078 dicens
1419 3045 1635 3089 Apostolicas
1644 3047 1686 3081 de
1699 3046 1764 3081 fide
1779 3045 1899 3082 litteras
1919 3047 1956 3082 in
1975 3059 2073 3093 gene-

1175 3094 1297 3129 ralibus
1314 3095 1459 3138 Synodis
1469 3096 1636 3130 consuesse
1663 3108 1730 3130 non
1755 3098 1884 3131 tantum
1906 3097 1992 3143 legi,
2018 3095 2072 3131 fied

1174 3144 1208 3178 &
1229 3144 1359 3188 publice
1381 3144 1499 3189 adfigi,
1527 3156 1694 3190 tamquam
1722 3147 1891 3191 Episcopis
1922 3148 2070 3191 regulam

1175 3194 1374 3229 credendi&
1386 3195 1579 3240 suffragandi
1590 3221 1597 3228 .
1620 3197 1664 3230 Et
1677 3194 1754 3231 hinc
1764 3196 1985 3231 Hincmarum
2001 3197 2066 3231 Re-

1176 3245 1318 3278 mensem
1330 3243 1529 3289 Episcopum
1542 3269 1553 3285 ,
1582 3245 1705 3281 litteras
1718 3248 1787 3282 suas
1798 3246 1986 3281 auctoritate
2002 3247 2066 3282 Re-

1174 3295 1229 3340 gia
1241 3280 1485 3339 suspendentem
1496 3320 1507 3337 ‚
1522 3296 1610 3331 idem
1625 3297 1780 3331 Pontifex
1792 3294 1968 3330 secundum
1980 3296 2065 3332 Dio-

1177 3346 1303 3379 scotum
1315 3344 1506 3388 appellavit.
1543 3347 1637 3394 Qin
1659 3347 1694 3380 &
1705 3347 1734 3379 S.
1748 3346 1915 3391 ignatium
1926 3346 2065 3381 Patriar-

1174 3393 1270 3429 cham
1280 3393 1324 3429 ob
1334 3394 1472 3430 fimilem
1485 3421 1495 3436 ,
1510 3396 1616 3431 fidiam
1626 3406 1735 3430 tamen
1746 3419 1756 3435 ,
1778 3398 1812 3430 in
1826 3396 1990 3432 Benedicti
2002 3407 2063 3431 ter-

1170 3445 1210 3480 tii
1235 3445 1357 3483 litteras
1378 3445 1532 3491 injuriam
1552 3447 1596 3482 ito.
1620 3446 1794 3490 appellavit
1816 3447 1883 3493 ipse
1900 3446 2060 3482 Photius.

1599 3496 1650 3543 Q
1691 3509 1712 3534 2
1940 3495 2016 3530 Per-

238 188 727 236 *nitJoannoeGermanicienlis
749 188 931 232 Episcopus
952 188 1065 222 dicens
1087 187 1128 222 ad

69 251 137 293 ³⁵³²·
156 268 188 300 ³·
243 237 1133 328 Elifii’ffin{tilii}Jtzffi'sswlfisszizffi'ssffss

241 342 389 385 mulgavit
407 339 605 385 sententiam,
634 339 665 382 fi
692 339 743 372 boc
762 337 916 382 placuisset
948 338 1132 382 sanlliffimis

242 388 417 434 Episcopis‚
442 390 546 434 quibus
559 390 635 423 hanc
645 390 758 432 inferre
780 392 801 422 ἃ
814 393 939 422 Domino
963 392 1027 421 Deo
1043 388 1134 420 credi-

241 441 368 481 tumest.
397 439 495 475 Adeo
505 440 589 475 olim
607 442 640 474 in
662 439 866 485 generalibus
889 438 1034 481 Synodis
1060 437 1135 472 laici

241 485 422 535 Episcopos
434 503 501 525 non
514 490 722 532 judicabant.
751 488 966 537 Qinimmo
993 488 1135 521 Diosco-

240 552 300 581 ro,
336 541 592 575 Gloriofiffimos
616 539 744 584 Judices
763 538 909 572 examini
947 538 1009 571 suae
1034 537 1135 571 causa:

235 590 343 625 adesse
367 590 567 635 postulanti,
591 588 757 633 respondit
780 587 963 633 Cecropius
986 587 1134 622 Sebasto-

240 640 407 684 politanus
421 641 619 684 Episcopus,-
645 638 779 682 ,Quando
790 639 976 681 Regularia‚
1005 638 1040 672 id
1064 637 1109 671 est
1123 662 1133 678 ,

240 691 480 736 Episcoporurn
497 691 532 724 in
556 687 790 723 Eccleliasticas
819 688 964 733 Regulas
990 687 1132 728 delista,

239 747 471 779 examinantur,
495 749 584 781 neque
605 739 748 779 judices,
784 748 876 780 neque
897 739 1010 780 aliquos
1044 739 1132 771 laicos

240 792 371 835 interesse
382 798 510 832 oportet.
536 788 622 822 Solis
634 788 711 822 fidei
740 788 995 832 quaestionibus,
1020 788 1134 831 &qui-

240 839 318 875 dem
328 839 414 875 mere
431 836 623 878 audiendis,
650 847 802 882 poterant
833 837 952 872 adesse.
994 838 1130 883 Legatis

241 890 350 936 itaque
361 887 564 933 Apostolicis
582 887 761 932 fimplicem
785 886 965 923 damnandi
991 887 1024 921 &
1052 887 1133 926 iudi-

238 940 337 974 candi
358 939 512 974 Dioscori
547 938 717 974 licentiam
749 937 869 972 dedere
902 937 1131 973 Gloriofiffimi

238 988 392 1035 Judicess
430 989 671 1035 Neceffariam,
697 988 788 1032 quod
810 989 875 1023 sese
903 988 960 1022 ille
979 986 1132 1022 adversus

238 1039 415 1083 Synodum
424 1038 585 1083 Principis
594 1038 798 1083 protectione
823 1039 993 1073 muniisset
1006 1062 1014 1071 .

291 1090 436 1135 Suscepit
459 1089 570 1135 itaque
594 1087 747 1134 synodus
785 1089 1002 1124 accusatorios
1028 1086 1135 1122 adver-

238 1140 294 1175 sus
313 1139 407 1175 illum
417 1139 571 1182 libellos,
597 1151 664 1174 non
681 1139 811 1174 tantum
837 1139 879 1174 ab
907 1138 1049 1173 Eusebio
1062 1139 1132 1172 Do-

241 1189 377 1234 ryleenfi
400 1190 591 1234 Episcopo,
626 1190 680 1224 sed
701 1190 804 1224 etiam
837 1189 856 1222 a
885 1186 1071 1223 Theodoro
1097 1189 1132 1222 δε

241 1239 434 1283 Ischyrione
444 1240 606 1274 Diaconis
620 1264 632 1280 ‚
659 1239 844 1275 Athanasio
855 1238 1049 1280 Presbytero
1065 1262 1076 1278 ,
1097 1249 1135 1271 ac

240 1289 430 1334 Sophronia
449 1288 539 1323 fideli
569 1289 657 1323 laico
688 1288 840 1323 Eccleliae
876 1287 1132 1329 Alexandrinae,

241 1339 352 1374 Sancti
363 1338 484 1383 Cyrilli
495 1338 749 1384 consanguineis
761 1362 774 1379 ‚
800 1349 856 1382 per
868 1338 1072 1373 Dioscorum
1084 1349 1134 1371 va·

239 1389 286 1424 rie
306 1390 487 1435 &graviter
497 1387 653 1431 adflictis,
681 1398 850 1433 tamquam
871 1388 907 1421 in
931 1399 1015 1432 quos
1027 1388 1135 1430 Cyril-

239 1439 294 1474 lus
314 1439 551 1475 Ecclesiasticas
572 1451 650 1484 opes
672 1440 758 1474 male
779 1438 985 1474 contulisset.
1014 1437 1133 1472 Tertio

240 1499 297 1532 pet
305 1489 448 1536 Legatos
460 1490 642 1535 Episcopus
653 1489 670 1523 a
682 1489 820 1533 synodo
841 1489 933 1532 juxta
958 1488 1132 1531 antiquum

239 1539 415 1576 Canonem
438 1539 480 1576 ad
510 1541 774 1575 satisfaciendum
797 1538 919 1574 citatus
953 1540 1132 1574 Dioscorus

239 1589 287 1623 est
315 1590 402 1625 varie
424 1591 671 1635 tergiversatus,
700 1587 840 1631 ideoque
865 1589 970 1623 coasti
998 1589 1131 1623 tandem

239 1639 356 1684 Legati
369 1639 555 1683 Apostolici
565 1639 715 1675 adversus
728 1639 825 1673 illum
848 1640 1108 1683 pronunciarunt
1121 1665 1128 1672 .

239 1688 449 1733 Sanc‘lissimus
472 1702 507 1724 ac
518 1688 721 1733 Beatissimus
734 1688 998 1733 Archi-Episcopus
1009 1701 1128 1735 magnae

58 1731 128 1766 Aa·
149 1742 179 1771 3·
237 1740 273 1773 (ν
286 1737 413 1782 senioris
435 1743 540 1773 Romae
564 1744 647 1781 Leo,
668 1748 727 1781 per
762 1750 815 1773 nos
835 1740 869 1773 Θ
887 1748 944 1780 per
952 1738 1130 1781 praesentem

235 1787 373 1833 scindam
393 1789 558 1829 synodum,
583 1791 646 1822 una
662 1800 726 1822 cum
736 1798 782 1822 ter
793 1787 972 1829 Beatissimo
993 1791 1028 1823 ὁ·
1050 1795 1128 1822 omni

237 1839 327 1873 laude
350 1839 440 1883 digno
458 1841 553 1872 Beato
575 1842 665 1873 Petro
687 1838 816 1881 Apostolo
828 1863 839 1879 ‚
866 1844 915 1881 qui
926 1838 964 1879 est
980 1841 1074 1872 Petra
1094 1841 1129 1874 6-

236 1890 355 1931 crepido
366 1888 514 1923 catholicae
524 1888 682 1931 Ecclefiae,
708 1891 743 1924 (θ’
760 1889 850 1923 rettae
866 1887 1130 1931 fideifundamen-

236 1948 303 1973 tum
317 1964 328 1981 ,
351 1941 482 1972 nudavit
495 1937 664 1984 Dioscorum
691 1947 754 1972 tam
775 1937 979 1982 Episcopatus
999 1940 1126 1983 dignita-

235 1998 268 2023 te
283 2015 293 2030 ‚
317 1991 406 2032 quam
417 1995 507 2023 etiam
518 1989 557 2022 ab
575 1995 653 2023 omni
670 1988 850 2032 sacerdotali
872 1991 1020 2024 alienavit
1041 1995 1126 2023 mini-

230 2039 338 2081 sterio.
378 2039 525 2079 Eamque
554 2040 749 2074 sententiam
768 2051 886 2075 omnes
905 2039 1048 2074 omnino
1068 2039 1127 2073 Pa-

236 2087 385 2123 triarchae
406 2113 419 2130 ‚
455 2088 615 2124 Primates
637 2111 649 2128 ‚
683 2088 908 2132 Metropolitae
925 2114 936 2130 ,
971 2089 1125 2134 Episcopi

235 2138 492 2183 confirmarunt,
518 2138 673 2173 addentes
686 2141 744 2173 suo
756 2139 927 2183 suffragio:
954 2141 1033 2173 sicut
1047 2142 1126 2174 Bea-

234 2187 367 2231 tisiimus
381 2191 475 2222 Pater
501 2188 593 2229 noster
617 2192 676 2222 Leo
694 2197 750 2230 per
773 2193 904 2224 Vicarios
917 2187 988 2233 suos
1007 2191 1126 2223 interlo-

235 2246 319 2272 cutus
343 2237 403 2280 est,
428 2237 478 2271 his
489 2249 538 2283 ego
548 2250 660 2273 concors
671 2238 812 2280 effeblus,
835 2240 891 2273 &a
918 2240 972 2273 Ex
993 2250 1060 2283 quo
1079 2239 1126 2273 vi-

234 2287 293 2323 des
303 2289 505 2333 generalium
516 2287 727 2332 Synodorum
741 2288 869 2323 decreta
882 2290 915 2322 in
938 2287 1043 2323 solum
1057 2289 1125 2323 Ro-

235 2337 327 2372 mani
338 2338 495 2383 Episcopi
510 2349 635 2373 nomen
649 2337 749 2373 condi
770 2339 804 2373 &
817 2339 871 2373 edi
887 2351 955 2373 non
967 2340 1048 2380 effe,
1075 2339 1123 2372 uti

233 2388 367 2432 quidam
379 2390 527 2434 garriunt
538 2413 549 2430 ‚
573 2399 684 2424 recens
692 2388 908 2432 posteriorum
920 2389 1123 2424 Pontificum

235 2449 464 2473 commentum
474 2439 507 2474 ἀ
517 2439 762 2483 usurpationem
775 2463 786 2480 ‚
796 2437 849 2474 sed
863 2439 1121 2484 antiquiffimum

234 2487 384 2523 Ecclesiae
396 2489 572 2524 Canonem
595 2490 629 2523 ἀ
639 2490 913 2525 consuetudinem
927 2516 934 2522 .

285 2538 390 2573 Porro
408 2538 547 2573 crimina
560 2563 572 2579 ‚
596 2538 643 2574 ob
667 2551 737 2583 quae
756 2538 895 2583 dejectus
921 2540 1120 2582 Dioscorus,

232 2587 324 2623 suere
335 2589 420 2623 varia
430 2614 437 2622 .
463 2589 614 2623 Primum
625 2588 670 2623 est
683 2614 695 2630 ,
721 2590 811 2633 quod
824 2588 1003 2633 Eutychen
1014 2590 1070 2625 fibi
1084 2591 1121 2624 si-

231 2637 324 2672 milia
336 2639 532 2681 sapientem,
558 2638 793 2684 &regulariter
815 2640 848 2673 in
871 2640 1009 2683 synodo
1030 2641 1120 2675 Con-

230 2687 526 2732 stantinopolitana
545 2688 564 2722 a
575 2690 708 2733 proprio
722 2689 886 2734 Episcopo
906 2691 1025 2725 Sansto
1046 2688 1119 2725 Fla-

232 2738 331 2772 viano
342 2738 554 2778 damnatum,
573 2740 765 2784 praesumens
776 2739 833 2773 fibi
850 2740 886 2774 in
898 2739 1064 2784 Ephefino
1077 2740 1119 2775 la-

230 2789 374 2822 trocinio
384 2787 566 2824 Primatum
577 2814 589 2831 ,
616 2789 834 2835 irregulariter
852 2791 889 2824 in
911 2791 1119 2826 communio-

230 2849 307 2871 nem
318 2839 504 2882 recepisset,
529 2839 563 2874 &
575 2838 709 2883 quidem
730 2840 916 2885 priusquam
936 2839 1117 2876 confideret

229 2888 433 2930 synodaliter
446 2899 522 2923 cum
534 2889 596 2933 Epi
603 2891 706 2934 scopis
717 2915 728 2932 ,
758 2901 855 2934 atque
879 2891 923 2925 ita
935 2892 1118 2936 praevarica·

229 2949 281 2972 tus
292 2939 370 2973 ess'et
390 2938 426 2973 &
436 2937 536 2974 fidem
548 2939 770 2975 orthodoxam
791 2941 824 2975 δε
835 2942 989 2985 quintum
1007 2941 1117 2976 Cano-

227 2999 305 3023 nem
334 2988 528 3023 Nicaenum.
557 2988 690 3025 Relatio
709 2990 875 3034 synodalis
897 2992 938 3026 ad
965 2992 1116 3026 Leonem

227 3039 426 3073 Pontificem
439 3039 484 3075 ita
503 3041 660 3083 exponit.
689 3042 787 3076 Multa
803 3042 891 3084 prius
908 3040 1034 3085 pesiime‘
1053 3050 1116 3085 ope-

227 3098 314 3122 ratus
326 3087 478 3130 Dioscorus
496 3095 601 3130 priora
618 3088 807 3133 sequentibus
822 3090 997 3136 ficperavit.
1023 3097 1113 3126 Nam

226 3141 360 3173 Beatum
380 3139 464 3172 illum
485 3144 564 3173 inter
584 3139 704 3174 sanctos
726 3140 991 3185 Constantinopolis
1016 3143 1114 3185 Pasto-

226 3200 289 3223 rem
301 3190 489 3223 Flavianum
501 3213 513 3230 ,
539 3188 725 3231 apostolicam
731 3190 933 3234 proferentem
943 3192 1035 3234 fidem
1046 3218 1057 3234 ,
1079 3195 1113 3227 Θ·

227 3241 286 3272 Dei
317 3237 554 3283 amantissimum
576 3237 753 3282 Episcopum
780 3241 964 3286 Eusebium,
996 3251 1111 3286 praeter

226 3299 340 3322 omnem
368 3293 526 3323 Canonum
559 3287 796 3332 consequentiam
809 3316 821 3332 ,
856 3291 990 3336 deposuit
1018 3303 1110 3336 atque

227 3338 388 3372 damnavit
400 3364 411 3381 ,
421 3340 455 3374 i&
465 3338 617 3379 Eutychen
631 3348 688 3382 pro
698 3345 847 3382 impietate
856 3343 1034 3377 damnatum
1041 3342 1108 3386 suae

227 3389 391 3424 tyrannidis
401 3389 526 3423 decretis
537 3394 690 3423 innoxium
706 3390 834 3431 statuit,
859 3392 1081 3436 &dignitatem
1096 3418 1106 3434 ‚

223 3438 429 3481 quad-vestra
438 3440 482 3472 uit
500 3440 604 3474 ablata
616 3440 724 3483 fuerat
745 3441 911 3480 „funditate
922 3466 934 3485 ,
961 3443 1006 3478 illi
1025 3442 1103 3485 resti·

320 3486 428 3528 Christ.
442 3492 523 3535 Lupi
532 3494 619 3533 oper.
633 3494 710 3527 Tom.
724 3496 763 3528 Π.
