2340 3736
630 48 714 91 AD
750 44 1097 87 Epnnsmum
1134 40 1607 88 LAruocmmM.

240 130 418 177 impietatis
429 131 511 165 statu
531 127 594 164 eise
614 128 801 162 defunnos.
830 126 905 163 Sese
927 128 1125 172 praedicant,

239 184 330 227 quod
347 181 565 217 nihilominus
587 189 722 214 omnem
746 177 964 213 monasticam
986 178 1129 224 regulam

238 235 273 268 ἃ
286 233 496 276 disciplinam
505 241 545 265 ex
558 230 688 274 integro
700 230 856 263 servarint
869 255 875 262 .
904 229 999 265 Hinc
1012 229 1128 274 suppli-

239 294 316 318 cant
326 281 387 317 fibi
409 278 498 316 reddi
519 278 812 319 communionem,
838 281 872 315 ὅ(
896 279 1017 324 justum
1038 281 1130 314 talio-

239 342 317 368 nem
328 331 488 367 Flaviano
504 356 512 364 .
543 329 594 364 Ex
607 329 659 365 his
677 331 762 366 disce
784 329 921 365 modum
938 355 949 372 ,
973 342 1041 375 quo
1061 332 1131 365 suas

239 383 277 418 in
300 379 480 425 Eutychen
504 383 681 417 sententias
705 382 845 416 Sanetus
866 381 1043 432 Flavianus
1067 381 1129 416 fuit

237 436 415 468 executus,

287 483 392 517 Leito
404 481 516 517 libello
529 507 540 523 ‚
567 481 804 517 Dioscorusest
825 480 865 515 ad
887 479 1070 515 monachos
1083 482 1130 514 in-

235 532 442 569 terlocutus:
471 535 622 576 ,Quoniam
645 538 908 567 excommunicatos
929 543 985 565 vos
1013 530 1129 572 dixistis

229 582 334 627 fados
346 584 397 626 effi·
406 607 417 624 ,
446 588 591 628 ignoratis
605 585 677 616 vero
686 583 802 624 culpam
813 606 823 622 ,
848 583 883 615 (rt
893 585 1064 623 conjicimus
1077 594 1128 615 nos

232 642 291 676 pro
302 641 404 676 quare
413 656 426 672 ‚
451 634 539 666 dieite
548 631 701 673 manifeste
707 637 865 673 propriam
872 632 967 673 fidem
989 635 1128 674 quomodo

237 682 393 716 habeatis.
419 684 579 716 Haec'em’m
598 681 638 722 est
653 680 753 722 vestra
761 680 921 724 absolutio,
948 680 1074 724 confefflo
1094 682 1129 725 fi·

236 734 284 766 det
297 758 304 765 .
333 732 493 775 Reposuit
505 731 689 765 Eleufinius
700 731 882 766 monachus
892 733 926 767 ὃς
943 732 1129 772 Diaconus,

235 781 433 826 Eutychetis
445 792 548 823 nuper
560 781 594 813 in
604 780 712 814 Sancti
724 781 876 816 Flaviani
890 781 1028 826 Synodo
1041 782 1127 826 Apo-

234 833 397 867 crifiirius:
429 832 510 863 Sicut
514 838 574 872 per
585 830 717 864 libellum
734 835 795 865 Deo
813 834 923 876 dignus
938 831 1130 865 Archi-Man-

177 900 182 904 ·
233 883 320 916 dritae
329 880 421 922 noster
432 880 544 914 edocuit
558 879 686 921 vestram
696 882 897 916 Sanffltatem
909 906 919 922 ,
939 881 979 924 fic
985 882 1128 925 sapimus

228 930 305 972 ficut
313 935 436 964 trecenti
456 931 555 964 decem
578 932 614 964 (τ
639 931 700 964 odio
716 930 817 974 santii
839 935 948 965 Patres
969 939 1003 965 in
1022 936 1131 965 Nicaea

226 979 424 1026 sanxerunt,
452 982 486 1015 &-
503 979 579 1021 ficut
603 980 652 1013 hic
677 990 855 1025 congregata
872 980 981 1025 sande
1002 983 1131 1022 synodus

228 1030 439 1074 eonfimmvit.
469 1033 638 1072 Etpraeter
649 1029 733 1071 istam
756 1032 850 1074 fidem
865 1042 1020 1075 nunquam
1042 1034 1119 1065 intel
1124 1051 1131 1057 ·

233 1082 364 1115 Iextmus
375 1090 468 1122 neque
475 1078 633 1123 sapuimus
653 1082 790 1124 aliquid.
817 1081 864 1116 Et
887 1082 1014 1118 rursum
1049 1083 1132 1116 Dio-

234 1131 367 1165 scorus.
395 1134 440 1163 De
452 1136 604 1164 incarnati
614 1133 783 1165 Salvatoris
806 1131 894 1171 nostri
909 1131 1076 1176 praesentia
1094 1131 1133 1174 fic

234 1178 427 1225 [apitisficut
448 1182 566 1214 Beatus
579 1180 759 1224 Athanafius
774 1206 786 1223 ,
811 1183 847 1217 6
858 1183 977 1216 Beatus
990 1182 1128 1222 cyrillus,

228 1233 267 1265 θ
278 1233 393 1264 Beatus
407 1233 567 1273 Gregorius
580 1255 590 1271 ‚
611 1232 648 1265 o·
673 1242 772 1265 omnes
795 1231 945 1266 catholici
968 1230 1131 1275 Episcopi?

230 1279 276 1313 Et
288 1279 499 1314 Eleufinius:
527 1285 637 1314 Omnes
653 1279 691 1322 fic
696 1281 858 1324 sapimus,
871 1279 946 1322 ficut
967 1283 1002 1316 &
1022 1287 1075 1324 qui
1098 1286 1131 1313 in

187 1356 189 1359 -
220 1334 343 1364 ·N1caea
354 1339 560 1363 convenerunt
570 1353 581 1370 ,
608 1332 644 1364 (ν
655 1337 707 1372 qui
720 1331 767 1364 bic
779 1337 946 1374 congregati
952 1329 1025 1374 sunt
1030 1330 1130 1374 sanlli

230 1382 343 1414 Patres
356 1404 364 1411 .
391 1379 436 1413 Et
461 1379 628 1422 Juvenalis
660 1379 907 1423 Hierosolymae
927 1381 1108 1424 Episcopus
1121 1394 1131 1413 .-

226 1428 421 1473 Consequens
433 1429 471 1470 est
478 1428 519 1471 fic
528 1441 574 1463 eos
585 1429 696 1462 nesam
701 1429 797 1473 fidem
807 1430 979 1473 confitentes
989 1436 1022 1464 in
1033 1435 1069 1463 N
1071 1436 1131 1471 icea

225 1477 391 1522 vxpofitaem
410 1503 421 1520 ,
453 1481 488 1514 &⁸
508 1485 543 1512 in
563 1479 683 1522 Epheso
705 1480 913 1523 confirmatam
925 1503 935 1519 ,
962 1485 1130 1522 participes

229 1529 351 1571 existere
362 1531 397 1564 &³
406 1527 525 1573 santqae
543 1535 752 1563 communionis
763 1552 774 1569 ,
790 1530 831 1564 Θ
848 1535 1036 1572 propriorum
1057 1543 1130 1574 gra·

227 1580 342 1613 duum.
370 1580 414 1613 Et
438 1580 483 1612 ita
497 1578 538 1613 ad
558 1580 743 1624 generalem
769 1579 866 1615 istam
888 1580 1032 1615 Nicaenae
1053 1580 1128 1614 fidei

226 1630 464 1673 professionem
477 1630 551 1662 sunt
565 1630 599 1664 ὅτ.
612 1630 646 1663 in
657 1630 933 1665 communionem
959 1631 992 1664 δι
1006 1633 1039 1664 in
1060 1641 1129 1674 gra-

231 1678 314 1714 dum
324 1679 484 1713 restituti.
512 1678 625 1714 Palim
637 1689 752 1714 contra
765 1679 938 1715 Canones.
967 1681 1017 1714 Hi
1038 1691 1129 1714 nam-

229 1737 298 1770 que
309 1727 351 1763 de
363 1728 431 1762 fide
450 1730 616 1763 accusatos
628 1731 755 1774 purgari
778 1740 890 1765 vetant
902 1754 913 1771 ,
939 1730 997 1764 nifi
1011 1733 1128 1775 profes-

231 1778 272 1814 srs
281 1786 380 1821 atque
391 1777 522 1820 ejuratis
544 1778 678 1822 singulis
700 1781 869 1824 speciatim
890 1781 1036 1815 articulis
1049 1805 1061 1823 ‚
1086 1781 1127 1815 de

232 1826 352 1873 quibus
361 1827 494 1863 fuerunt
514 1827 650 1871 suspecti
664 1854 672 1862 .

328 2060 548 2126 Exponitur
575 2056 810 2107 latrocinalis
835 2061 1029 2109 damnatio

480 2125 613 2173 Santi}
636 2130 680 2173 F
686 2127 839 2176 [aviani
852 2166 866 2179 .

335 2269 412 2306 Um
428 2269 488 2303 ista
510 2278 653 2314 aguntur
667 2293 679 2311 ,
703 2270 745 2306 ad
760 2271 988 2307 Marinianum
1002 2274 1069 2316 Syn
1077 2286 1128 2307 na-

359 2320 493 2354 densem
516 2319 670 2364 Phrygiae
701 2320 904 2363 Pacatianae,
930 2325 964 2357 δε
989 2323 1129 2367 Epipha-

235 2371 330 2406 nium
340 2369 536 2414 Pergensem
561 2369 769 2413 Pamphyliae
790 2373 1043 2416 Metropolitam
1070 2374 1126 2408 fibi

237 2421 427 2455 adsistentes
451 2419 538 2453 dixit
548 2418 772 2463 Onesiphorus
792 2421 970 2456 iconiensis
995 2424 1138 2467 Episco-

237 2482 320 2516 pus,
355 2469 573 2515 Metropolita
594 2468 792 2512 Lycaoniae:
824 2472 883 2512 Ista
905 2472 1067 2516 Ephefina
1089 2474 1129 2508 de

237 2533 310 2555 non
323 2516 475 2554 addendo
485 2518 525 2552 ad
540 2517 713 2552 Nicaenum
725 2520 919 2563 Symbolum
945 2525 1045 2561 regula
1060 2532 1128 2566 pro-

237 2580 306 2613 pter
320 2569 398 2602 nibil
406 2569 491 2601 aliud
498 2571 604 2612 legitur
617 2591 627 2608 ‚
653 2567 711 2610 nifi
721 2579 753 2602 ut
768 2572 936 2605 Flavianus
962 2572 1127 2617 Episcopus

242 2622 420 2654 damnetur.
447 2615 630 2660 Respondit
642 2618 869 2662 Epiphanius:
898 2621 974 2663 Absit
996 2647 1004 2655 .
1030 2625 1089 2657 sed
1104 2624 1134 2666 fi

243 2672 348 2711 aliqua
365 2667 449 2710 forte
473 2668 640 2711 indignatio
654 2669 817 2711 procedat,
843 2681 945 2704 contra
968 2671 1128 2715 Eusebium

243 2717 395 2762 Dorylaei
407 2717 608 2761 Episcopum
617 2716 728 2759 futura
739 2718 794 2759 est.
823 2724 909 2753 Nam
928 2731 1029 2754 contra
1052 2724 1127 2755 Fla·

244 2776 372 2803 vianum
384 2779 467 2802 nemo
489 2773 547 2801 erit
564 2765 686 2810 insanus
700 2793 710 2810 ,
735 2778 768 2801 ut
783 2769 904 2812 frustm?
935 2773 994 2805 tale
1017 2774 1131 2815 aliquid

238 2819 342 2864 faciat
364 2841 372 2851 .
410 2816 621 2861 Loquebatur
641 2829 682 2852 ex
702 2817 833 2854 decimo
854 2821 993 2856 Canone
1023 2826 1128 2866 quarti

245 2866 693 2913 ConciliiCarthaginenfis:
722 2869 1017 2914 Siaquibuscumque
1032 2875 1133 2918 Judi-

243 2919 323 2953 cibus
336 2916 538 2960 Ecclefiastlcis
551 2919 596 2951 ad
604 2919 678 2951 alios
683 2922 715 2964 J
719 2921 815 2953 udices
826 2921 1025 2962 Ecclefiasticos
1039 2948 1049 2964 ,
1079 2924 1130 2956 ubi

243 2968 280 3008 est
290 2970 386 3009 major
400 2967 560 3000 afflaritas
572 2991 583 3007 ,
606 2976 802 3010 provocatum
806 2969 905 3012 suerit
920 2997 931 3012 ,
956 2984 1014 3005 non
1024 2978 1067 3006 eis
1082 2973 1129 3006 ob-

238 3019 299 3061 sit,
326 3015 652 3060 quorumfueritsbluta
672 3016 843 3061 sententia,
861 3020 892 3063 fi
913 3028 1050 3056 convinci
1072 3034 1129 3057 non

239 3073 392 3113 potuerint
419 3069 471 3101 vel
499 3072 616 3100 inimico
636 3075 737 3102 animo
750 3071 894 3113 judicasse
917 3095 927 3111 ,
953 3074 1004 3106 vel
1026 3073 1130 3117 aliqua

244 3120 409 3160 cupiditate
430 3125 481 3150 aut
497 3122 601 3161 gratia
621 3118 784 3160 depravati
804 3145 811 3152 .
850 3120 904 3154 Ex
925 3133 988 3166 qua
1019 3124 1129 3168 regula

244 3168 344 3202 etiam
356 3168 439 3208 sese,
465 3169 521 3211 qui
544 3164 748 3201 Rothaldum
770 3171 1024 3206 Sueffionensem
1053 3173 1129 3217 Epi-

245 3220 401 3262 scopum,
423 3217 441 3250 ὲ
455 3217 601 3251 Nicolao
621 3218 727 3260 primo
748 3218 911 3255 Pontifice
934 3223 967 3255 in
995 3224 1129 3266 appella-

244 3268 348 3302 tionis
359 3267 468 3311 postea
481 3267 603 3310 judicio
615 3267 798 3302 absolutum
812 3294 821 3309 ,
850 3271 1040 3311 damnarat,
1066 3274 1129 3308 esse

246 3317 428 3353 immunem
439 3318 578 3354 adseruit
602 3318 805 3354 Hincmarus
832 3321 1050 3366 Metropolita
1064 3322 1126 3359 Re-

244 3368 381 3403 mensis.

1895 62 1992 107 239

1241 127 1367 162 Verum
1378 127 1573 170 Onefiphori
1596 129 1776 172 conjeetura
1790 141 1856 165 non
1884 133 1947 166 fuit
1959 144 2041 167 vana
2053 158 2062 168 .

1195 178 1325 213 Etenim
1333 177 1397 221 post
1408 178 1514 211 ledam
1522 182 1670 222 regulam,
1698 191 1943 225 reparatumque
1961 183 2062 226 Euty-

1194 226 1322 262 chetem
1343 239 1380 261 ac
1393 228 1460 271 ejus
1472 228 1721 269 monasterium,
1746 230 1893 271 confestim
1913 233 2008 267 allata
2026 246 2062 267 ac

1192 277 1369 320 relec‘iafutt
1390 280 1541 311 damnatio
1552 278 1699 318 beatissimi
1720 281 1887 314 Flaviani.
1917 282 1960 314 Et
1974 283 2060 317 idem

1192 328 1434 372 Onesiphorus,
1459 326 1560 361 didius
1569 328 1734 363 Marianus
1747 355 1756 369 ,
1778 329 2065 367 NunechiusLao-

1192 378 1329 414 dicensis
1350 380 1385 413 in
1408 377 1555 422 Phrygia
1577 377 1770 413 Trimitaria
1792 380 1972 424 Episcopus
1992 382 2065 416 Me-

1195 430 1349 473 tropolita
1372 455 1383 470 ,
1411 430 1445 463 &
1466 427 1612 473 Collegae
1630 426 1686 461 alii
1708 437 1881 465 tenuerunt
1908 431 2062 465 Dioscori

1193 481 1310 524 pedes,
1335 480 1369 514 &2
1391 479 1548 523 supplices
1569 487 1715 512 oravere:
1743 480 1869 520 Quia&
1889 488 1923 513 tu
1942 482 2063 520 Presby-

1192 540 1268 563 teros
1282 530 1375 563 habes
1386 554 1395 570 ‚
1409 541 1466 563 non
1478 527 1562 562 debet
1566 536 1691 570 propter
1705 529 1909 566 Presbyterum
1921 532 2062 564 damnari

1194 584 1326 613 Domnus
1346 578 1532 623 Episcopus,
1558 578 1613 622 qui
1635 577 1708 612 licet
1731 578 1896 620 perperam
1917 602 1927 617 ,
1952 591 2060 615 tamen

1192 641 1247 674 per
1259 641 1399 664 errorem
1411 630 1476 662 fine
1486 628 1565 663 odio
1578 639 1632 662 aut
1643 626 1745 673 gratia
1756 626 1850 661 ilium
1863 628 2060 671 degradarit.

1194 680 1237 714 Et
1250 679 1398 723 pertinax
1422 680 1620 713 Dioscorus:
1646 676 1779 720 Etiamsi
1783 679 1884 722 lingua
1904 677 2064 721 mihiprae-

1191 730 1308 763 cidatur
1330 754 1340 769 ,
1366 730 1459 762 aliam
1479 740 1577 763 vocem
1602 739 1660 762 non
1685 733 1821 762 emittam
1847 753 1854 760 .
1890 728 2066 773 Tragaediae

1194 779 1368 815 successum
1379 779 1483 813 edixit
1505 779 1614 822 postea
1625 777 1666 813 ad
1687 777 1991 812 chalcedonensem
2011 780 2067 822 Sy-

1194 830 1318 865 nodum
1331 830 1538 874 Marinianus
1549 828 1766 872 Synnadenfis
1779 842 1790 862 .·
1816 830 1861 862 sic
1871 833 1957 862 irruit
1972 829 2068 862 multi-

1191 881 1285 921 tudo,
1313 882 1348 914 Θ
1365 879 1615 923 permanebamus
1641 891 1694 912 nos
1714 886 1848 912 tenentes
1855 890 1955 922 genua
1977 882 2066 920 eius,

1193 933 1227 965 δ’
1237 940 1373 975 rogantes
1386 942 1467 964 eum.
1497 934 1542 963 Et
1554 937 1624 963 tunc
1635 927 1726 970 emisit
1736 928 1812 962 hanc
1833 940 1930 962 vocem
1943 942 1953 962 .-
1982 929 2068 963 UBI

1193 980 1333 1015 SUNT
1366 980 1582 1014 COMITES
1603 980 1616 1013 ?
1653 982 1768 1012 Amans
1795 985 1956 1012 veritatem
1988 981 2069 1019 dico,

1193 1031 1303 1075 ingr-effi
1318 1028 1391 1073 sunt
1410 1034 1540 1064 Comites
1562 1054 1574 1071 ‚
1610 1032 1842 1064 introduxerunt
1866 1028 2068 1072 Proconfiilem

1193 1091 1258 1114 cum
1270 1082 1462 1114 multitudine
1471 1092 1582 1124 magna
1593 1104 1603 1120 ,
1631 1082 1665 1114 (5
1675 1085 1786 1114 catenis
1800 1104 1808 1112 .
1835 1078 1900 1119 Post
1910 1079 1962 1112 hoc
1982 1079 2069 1123 unus:

1193 1128 1310 1173 quisque
1320 1130 1435 1170 nostran
1451 1128 1618 1173 subscripfit
1632 1155 1640 1162 .
1666 1131 1711 1164 Et
1725 1130 1927 1164 Dioscorum
1955 1129 1989 1163 in
2003 1130 2069 1164 lau·

1194 1181 1270 1215 data
1291 1179 1430 1222 synodo
1441 1189 1532 1213 reum
1552 1179 1720 1223 alloquens
1733 1179 1865 1214 Basilius
1886 1179 2069 1214 seleucien-

1193 1230 1250 1264 fis:
1278 1233 1422 1273 Magnam
1434 1229 1517 1262 nobis
1529 1228 1879 1273 neceffitatemz‘mposuisti
1892 1238 1978 1270 tunc,
2005 1239 2069 1263 tum

1187 1279 1287 1322 feris,
1316 1287 1379 1313 tum
1398 1280 1499 1318 inuis,
1528 1288 1591 1312 tum
1613 1291 1650 1313 ex
1674 1280 1775 1324 lingua
1796 1288 1848 1312 tua
1877 1305 1884 1312 .
1910 1280 2069 1313 Irruebant

1194 1335 1315 1363 enimin
1337 1328 1493 1370 Ecclesiam
1504 1330 1611 1362 milites
1634 1340 1698 1362 cum
1720 1334 1813 1362 armis
1826 1353 1836 1369 ,
1862 1330 1897 1363 (π’
1921 1329 2069 1369 instabant

1195 1378 1329 1412 monachi
1353 1385 1486 1421 quicum
1517 1377 1670 1421 Barsuma
1691 1403 1702 1419 ,
1728 1381 1764 1412 (9⁶
1791 1379 1975 1412 Parabalam‘
2000 1404 2010 1419 ,
2037 1382 2071 1413 &⁵

1197 1431 1355 1464 multitudo
1376 1429 1438 1461 alia
1454 1430 1603 1473 grandis.
1633 1428 1677 1462 Et
1689 1428 1730 1463 ad
1751 1428 1995 1473 gloriosissimos
2018 1429 2071 1472 Ju-

1193 1480 1281 1514 dices
1306 1493 1317 1512 .·
1344 1481 1449 1512 Precor
1470 1480 1721 1522 magnificentiam
1748 1478 1877 1519 vestram
1898 1505 1907 1520 ‚
1937 1477 2071 1522 singulos

1194 1531 1436 1570 Metropolitanos
1458 1527 1619 1571 Episcopos
1633 1553 1643 1568 ,
1669 1531 1704 1563 (0’
1731 1532 1901 1569 Lycaoniis,
1928 1532 1962 1562 ὡ·
1986 1529 2071 1567 th-

1188 1586 1250 1623 giae
1272 1604 1282 1619 ,
1309 1581 1343 1612 (ν
1365 1577 1539 1621 Pergensem
1563 1602 1572 1617 ,
1598 1580 1633 1612 (vt
1654 1587 1772 1611 caeteros
1800 1586 1903 1612 venire
1925 1578 1979 1611 buc
2003 1602 2012 1617 ‚
2037 1581 2073 1612 ζῇ·

1188 1627 1388 1672 praesentibus
1398 1627 1592 1671 sacrosanc‘lis
1604 1631 1634 1660 E
1637 1629 1785 1672 vangeliis
1796 1630 1903 1669 dicere,
1907 1628 1937 1670 fi
1944 1641 2001 1661 non
2008 1629 2071 1670 post

1193 1681 1415 1713 damnationem
1436 1678 1514 1711 beati
1526 1679 1675 1712 Flaviani
1700 1679 1834 1711 omnibus
1847 1679 1929 1711 nobis
1942 1678 2071 1718 tristibus

1192 1729 1302 1770 effbcqt‘s
1312 1753 1322 1770 ‚
1348 1730 1383 1763 C?
1395 1729 1557 1771 aliquantis
1570 1729 1688 1771 quidem
1698 1729 1860 1762 nolentibus
1874 1734 2004 1762 emittere
2021 1741 2071 1762 vo-

1192 1791 1276 1819 cem,
1304 1780 1467 1821 aliquantis
1481 1788 1580 1813 autem
1596 1777 1785 1823 fugientibus
1800 1804 1808 1817 ,
1835 1790 1982 1822 exurgens
2008 1778 2070 1822 ipse

1193 1829 1318 1871 &stans
1331 1834 1363 1862 in
1373 1830 1437 1862 alto
1458 1828 1674 1872 designabat&
1696 1829 1811 1862 dicebat
1828 1844 1838 1863 :
1866 1830 1971 1862 Videte
1984 1852 1994 1867 ‚
2021 1837 2072 1871 qui

1193 1890 1249 1912 non
1262 1880 1330 1913 vult
1337 1878 1515 1922 subscribere
1525 1902 1535 1917 ,
1559 1880 1604 1910 ad
1612 1890 1658 1912 me
1669 1902 1680 1918 ‚
1707 1880 1761 1912 seu
1773 1890 1887 1913 contra
1898 1889 1950 1912 me
1964 1877 2053 1912 babet
2066 1905 2072 1910 .

1193 1931 1370 1971 Conjuretur
1393 1933 1525 1962 Domnus
1543 1926 1690 1970 Eusebius
1712 1927 1855 1972 Ancyrae
1878 1929 2074 1972 Metropoli-

1192 1990 1245 2019 ta,
1273 1978 1329 2020 nist
1330 1979 1520 2020 periclitatus
1539 1977 1578 2020 sit
1593 1976 1652 2022 ipse
1678 1979 1844 2019 damnari,
1870 1984 1940 2021 quia
1961 1987 2073 2020 parum

1192 2029 1304 2068 distulit
1316 2039 1435 2062 vocem.
1466 2029 1510 2061 Et
1524 2027 1678 2071 Episcopi
1700 2028 1886 2062 orientales
1901 2042 1911 2061 :
1939 2033 1975 2060 In
1986 2031 2072 2062 dam-

1194 2084 1344 2111 nationem
1355 2078 1436 2111 beati
1458 2079 1632 2118 Flaviani,
1658 2077 1827 2120 &Eusebit
1849 2076 1988 2120 Episcopi
2011 2079 2074 2111 nul-

1192 2130 1240 2162 lus
1264 2128 1436 2161 voluntarie
1462 2125 1596 2170 consenfit
1617 2152 1623 2157 .
1651 2128 1799 2160 Violentia
1821 2126 1907 2168 falla
1934 2127 1993 2169 est,
2021 2135 2071 2162 ‘cis

1192 2190 1258 2211 cum
1277 2179 1400 2221 plagis:
1428 2181 1464 2209 In
1483 2185 1565 2218 pura
1586 2176 1691 2210 charta
1707 2175 1945 2220 subscripfimus.
1973 2182 2073 2211 Mina·

1192 2228 1281 2260 batur
1303 2227 1387 2260 nobis
1411 2229 1568 2260 damnatio
1587 2251 1598 2266 ,
1627 2234 1719 2260 minae
1743 2229 1825 2261 exilii
1850 2228 2072 2267 tendebantur,

1192 2278 1301 2310 milites
1314 2289 1379 2310 cum
1382 2276 1513 2319 fustibus
1526 2277 1682 2321 &gladiis
1693 2277 1844 2316 instabant
1858 2289 1866 2319 3
1894 2279 2071 2311 timebamus

1192 2329 1226 2362 (θ’
1240 2326 1336 2368 fustes
1360 2329 1395 2361 (θ’
1412 2328 1550 2371 gladios.
1578 2327 1633 2360 Ubi
1653 2329 1751 2371 gladii
1775 2329 1809 2361 6·
1826 2326 1921 2369 fustes
1936 2353 1946 2368 ‚
1971 2329 2070 2370 qualis

1191 2379 1321 2416 synodus
1345 2377 1383 2418 est
1397 2378 1409 2410 ἓ
1435 2379 1549 2410 Milites
1557 2385 1679 2419 propter
1701 2376 1751 2410 hoc
1762 2384 1873 2419 accepit
1895 2376 2047 2421 Dioscorus
2060 2404 2070 2419 ‚

1190 2437 1223 2461 ut
1245 2436 1369 2461 terreret
1389 2438 1441 2460 nos
1462 2453 1469 2459 .
1509 2429 1621 2461 Milites
1648 2439 1694 2461 eos
1729 2432 1823 2471 magis
1858 2426 2070 2471 deposuerunt,

1191 2489 1281 2520 quam
1301 2489 1354 2510 nos
1367 2501 1374 2508 .
1403 2479 1491 2520 ‚Quia
1501 2478 1651 2520 quidquid
1672 2484 1781 2521 egimus
1795 2503 1805 2518 ,
1832 2483 1933 2510 timore
1941 2478 2077 2521 compulsi

1184 2529 1314 2569 fecimus
1327 2551 1335 2559 .
1366 2526 1408 2561 Et
1429 2525 1613 2569 Stephanus
1636 2525 1848 2571 Ephesiorum
1871 2528 2046 2572 Episcopus
2059 2544 2070 2563 .-

1193 2581 1251 2612 Per
1263 2577 1394 2611 homines
1421 2576 1550 2620 Dioscori
1561 2579 1596 2611 Θ·
1615 2581 1743 2610 Comites
1757 2589 1814 2609 non
1836 2574 1905 2628 sup
1915 2579 2069 2621 permissus

1191 2630 1289 2672 egredi
1311 2629 1348 2660 de
1371 2626 1507 2667 Ecclefiae
1531 2629 1693 2661 secretario
1716 2651 1726 2667 ,
1750 2625 1894 2670 usquequo
1915 2625 2074 2670 subscripfi

1186 2678 1346 2721 sententiae
1370 2676 1518 2719 DIoscori,
1545 2678 1580 2711 (θ’
1583 2678 1770 2722 juvenalis,
1800 2679 1834 2710 <J
1859 2680 1966 2710 Domni
1987 2679 2068 2710 Tha-

1190 2729 1282 2768 laffii,
1310 2727 1479 2760 &aliorum
1504 2726 1686 2761 Primatum
1708 2726 1916 2770 Episcoporum
1929 2752 1940 2768 ,
1965 2729 2069 2770 quibus

1189 2779 1207 2811 ὸ,
1231 2777 1383 2819 Principe
1391 2775 1538 2820 scriptum
1553 2775 1686 2819 fuerat,
1712 2777 1745 2810 δε
1769 2776 1896 2819 Synodi
1922 2780 2068 2822 regimen

1190 2827 1392 2871 delegatum.
1420 2827 1464 2860 Et
1485 2826 1610 2861 rursum
1624 2827 1705 2861 infr&
1718 2852 1725 2859 .
1752 2830 1788 2860 In
1808 2828 1911 2859 eadem
1932 2829 1981 2861 die
1998 2852 2009 2869 ‚
2036 2835 2069 2862 in

1190 2889 1249 2920 qua
1256 2876 1343 2918 fat‘la
1367 2874 1404 2916 est
1424 2882 1626 2917 examinatio,
1648 2875 1865 2920 subsertpsimus
1886 2881 1918 2909 in
1939 2878 2066 2911 charta.

1192 2931 1220 2959 E
1225 2936 1238 2960 t
1240 2927 1272 2969 fi
1280 2933 1333 2969 qut
1346 2930 1409 2969 Epi
1408 2924 1557 2970 scoparum
1571 2939 1626 2961 non
1633 2925 1855 2971 subscripfiffent
1867 2949 1877 2966 ,
1902 2938 1951 2971 ego
1975 2935 2066 2962 cosin

1190 2989 1256 3010 mea
1276 2976 1333 3019 fide
1350 2975 1486 3020 suscepi,
1512 2979 1546 3012 (θ’
1571 2978 1628 3010 alio
1650 2979 1697 3010 die
1718 2974 1970 3019 subscripserunt.
1998 2979 2066 3012 Pro

1192 3028 1264 3070 ipsis
1277 3052 1287 3068 ,
1314 3026 1403 3071 quod
1417 3039 1485 3061 non
1496 3027 1644 3071 fugerent
1658 3052 1667 3066 ,
1695 3025 1807 3060 debuit
1818 3027 1972 3070 spondere
1986 3054 1993 3061 .
2021 3029 2066 3062 Et

1191 3078 1209 3111 ὲ
1231 3077 1379 3121 gloriofis
1400 3075 1565 3118 Judicibus
1586 3086 1717 3121 rogatus
1740 3101 1750 3116 ,
1777 3076 1810 3110 in
1833 3077 1922 3121 quali
1954 3077 2064 3112 charta

1194 3126 1418 3169 subscripsisset
1442 3149 1453 3165 ,
1482 3127 1647 3169 respondit
1668 3140 1674 3159 ε
1702 3130 1738 3157 In
1757 3134 1836 3168 pura
1861 3126 1968 3161 charta
1993 3153 1999 3160 .
2026 3131 2067 3159 ln

1191 3178 1294 3210 eadem
1305 3181 1383 3209 enim
1405 3174 1476 3208 hora
1490 3200 1500 3216 ,
1528 3180 1560 3208 in
1573 3188 1632 3219 qua
1644 3178 1797 3209 damnatio
1800 3176 1888 3222 fac‘la
1909 3177 1946 3217 est
1958 3202 1968 3217 ,
1994 3189 2063 3209 mox

1190 3224 1561 3269 &subscriptiosubsecuta
1573 3226 1611 3267 est
1625 3251 1631 3257 .
1661 3227 1703 3259 Et
1716 3225 1856 3260 Aeacius
1871 3225 2063 3260 Ariarathis:

1192 3277 1226 3309 in
1250 3274 1389 3309 secunda
1413 3274 1571 3310 Armenia
1597 3276 1780 3320 Episcopus
1801 3289 1808 3308 :
1836 3280 1927 3310 Purae
1948 3275 2062 3310 cbartae

1189 3324 1404 3369 ficbscripfimus
1417 3324 1567 3368 compulsi,
1594 3328 1628 3360 (¹20
1639 3327 1779 3359 violenter
1792 3325 1888 3360 habiti
1901 3350 1912 3366 ,
1939 3328 1973 3361 et
1984 3328 2064 3360 mala

1191 3377 1283 3409 multa
1287 3376 1427 3418 perpeffi‚
1456 3379 1607 3415 nolentes,
1626 3374 1684 3419 sed
1699 3382 1924 3417 perpotentiam
1949 3378 2066 3419 oppreffi

1952 3425 2020 3470 sub·
