2340 3736
491 174 599 218 Da

242 258 335 299 nodo
354 255 519 302 Ephesina
537 258 719 298 accusator.
756 254 905 291 Eandem
928 255 1043 299 praxin
1071 254 1116 288 vi-

243 309 347 354 guiffe
357 308 392 342 in
402 308 556 342 Roman·
566 307 708 342 Ecclesia
719 308 837 341 fatetur
849 306 980 340 Sanstus
992 305 1116 349 Grego-

74 380 97 414 ι
109 390 125 415 4
137 381 178 417 Ep
189 386 225 413 44
241 359 309 398 rius
319 358 481 404 Magnus.
508 356 630 402 Viguit
648 358 727 391 item
747 357 783 390 in
795 357 888 391 omni
898 355 1014 397 ltalia,
1040 354 1116 387 Sici-

99 400 105 408 *
128 402 132 407 ’
179 399 185 407 ’
241 408 287 449 lia
308 432 322 450 ,
356 407 504 443 Sardinia
523 430 535 447 ‚
569 407 724 450 Illyrico,
760 407 874 441 Africa
886 428 898 444 ,
933 404 1095 446 Hispania
1106 428 1117 443 ‚

241 458 351 495 ‚Gallia
368 482 381 499 ,
419 457 597 493 Germania
612 483 624 499 ,
651 457 734 493 adeo
756 465 793 490 ut
813 453 982 492 Arnoldus
1005 453 1117 487 Abbas

241 507 480 544 Lubecensisin
497 507 670 543 Chronico
688 506 859 544 slavorum
882 503 1015 538 testetur
1034 504 1118 536 Har-

77 570 107 603 1..
117 579 142 604 4·
152 577 223 599 021.
239 559 367 594 tuicum
398 557 713 603 Archi-Episcopum
743 555 952 589 Bremensem
967 579 979 595 ,
1018 552 1115 592 dedu·

239 610 327 645 ,stum
336 608 378 644 ad
398 609 547 653 inopiam
567 606 682 640 vixisse
700 615 741 638 ex
762 604 834 643 solo
857 603 1114 643 cathedratico,

240 659 275 693 id
285 659 331 694 est
342 683 353 700 ‚
378 657 500 703 juribus
509 657 546 691 &
556 655 673 696 Xeniis
683 655 928 699 Episcopalium
940 654 1118 689 Consecra-

240 719 372 744 tionum
383 733 391 742 .

290 759 371 794 Haec
380 755 475 801 porro
486 755 596 796 Xenia
607 754 806 799 Justinianus
816 754 986 802 Augustus
996 779 1006 796 ‚
1020 765 1118 798 quem

239 810 374 846 Sanaus
383 805 562 851 Gregorius
571 805 719 851 Magnus
735 807 770 840 ὅ(
780 806 838 841 alii
858 807 1035 849 Scriptores
1047 806 1118 839 imi-

240 868 360 902 tantur,
370 857 406 890 in
416 856 490 901 lege
498 856 540 890 ad
551 854 686 891 Petrum
696 857 894 892 Officiorum
904 855 1114 900 Magistrum,

69 917 224 956 uoniffi,
237 910 273 945 &-
285 908 320 941 in
332 907 407 953 lege
430 905 472 940 ad
489 905 657 941 Meunam
677 905 901 942 patriarcham
920 905 1002 941 reste
1021 915 1116 939 vocat

71 954 74 955 ⁷
90 952 94 956 ⁵
111 953 113 956 ¹
151 952 160 972 ³
236 955 476 1000 consuetudines:
513 955 650 1000 Utpote
669 956 763 992 nullo
783 958 926 992 Canone
944 964 1002 990 aut
1023 955 1115 999 lege,

237 1005 294 1042 sed
303 1006 375 1041 solo
386 1014 503 1042 contra
513 1006 670 1042 Canones
679 1007 810 1052 &leges
822 1008 881 1042 usu
891 1006 927 1041 in
938 1006 1117 1040 Eeclefiam

238 1058 398 1092 intrusas.
438 1056 504 1091 Eas
524 1055 644 1091 dividit
664 1057 700 1091 in
722 1067 803 1092 tres:
830 1055 1118 1095 Cathedraticam‚

70 759 204 798 Novelnz
208 770 222 798 3

238 1105 545 1147 Enthronisticam,
569 1105 869 1144 &Insinuativam.
896 1107 1035 1147 Errant,
1061 1105 1116 1149 qui

235 1167 291 1193 eas
311 1166 429 1201 putant
448 1157 511 1192 esst
529 1166 629 1191 unam
649 1168 689 1191 ac
708 1156 868 1192 eandem.
889 1156 1119 1192 Cathedratica

237 1206 470 1249 consuetudo,
495 1217 596 1250 quam
623 1206 804 1253 Gregorius
832 1208 980 1253 Magnus
1000 1204 1119 1246 Pastellz·

237 1258 295 1293 seu
306 1256 527 1298 pastellaticum
537 1280 548 1296 ‚
559 1257 774 1293 Innocentius
784 1257 898 1293 tertius
907 1255 1117 1291 Eleduariam

236 1314 359 1349 vocat,
385 1305 431 1341 est
450 1307 561 1350 penfio
582 1307 767 1352 Episcopo,
792 1307 1035 1351 Metropolitae,
1062 1315 1119 1341 aut

235 1353 431 1391 Patriarchae
440 1356 526 1391 solvi
537 1358 692 1392 consueta
708 1358 745 1392 in
764 1357 892 1402 signum
914 1355 1120 1399 subjectionis

234 1405 444 1441 &honorem
451 1405 644 1449 Gathedrae,
665 1407 707 1442 ad
718 1406 860 1452 ejusdem
873 1405 1062 1448 Cathedrae,
1083 1406 1116 1441 id

234 1456 307 1498 est,
332 1456 832 1502 Episcopatus,Metropolitici,
853 1468 910 1493 aut
920 1455 1119 1492 Patriarcha-

236 1506 280 1540 lis
302 1507 408 1541 officii
422 1518 523 1542 onera
544 1507 769 1543 sustentanda.
797 1508 898 1551 Apud
917 1507 1024 1542 varios
1037 1506 1118 1542 solvi

235 1557 406 1591 consuevit
415 1565 564 1601 tempore
574 1558 665 1593 vario
678 1571 686 1590 ι
701 1558 739 1592 In
752 1558 1008 1593 confirmatione
1020 1581 1031 1597 ‚
1042 1568 1119 1591 con-

235 1607 442 1647 secratione,
468 1607 569 1642 Pallii
578 1607 759 1643 donatione
771 1607 952 1654 ‚Synodo,
980 1605 1118 1650 ideoque

236 1656 324 1700 apud
335 1656 494 1701 quosdam
504 1657 589 1692 dieta
598 1658 645 1691 est
653 1658 754 1692 etiarn
766 1659 968 1695 synodaticum
979 1682 987 1690 .
1007 1657 1039 1690 A
1053 1657 1120 1691 Ro·

236 1705 345 1743 manis
364 1707 466 1751 usque
486 1706 528 1740 ad
549 1705 617 1749 ejus
642 1708 890 1750 proscriptorem
907 1707 1120 1752 ''Gregorium

236 1755 405 1798 Magnum
434 1754 603 1789 dicebatur
622 1756 799 1790 Pastellum
812 1781 823 1796 ,
848 1757 938 1800 quod
958 1757 1000 1796 ad
1021 1757 1120 1790 instar

232 1803 363 1841 ,modici
382 1805 490 1847 pastus
501 1804 579 1839 efflet
589 1803 668 1847 quid
680 1805 989 1840 modicum&vile22
1012 1806 1120 1840 Fuifle

235 1852 436 1891 vocabulum
455 1854 474 1888 a
491 1865 578 1889 nova
595 1866 652 1898 per
670 1855 887 1890 ambitionem
909 1855 1118 1890 fimulatione

234 1902 410 1943 inventum
421 1903 556 1940 testatur
566 1905 654 1941 idem
673 1905 872 1950 Gregorius.
901 1906 978 1939 Fuit
990 1906 1024 1939 dc
1034 1907 1097 1940 alia
1108 1929 1118 1944 ‚

235 1961 307 1994 ,non
320 1953 484 1997 Episcopo
496 1979 509 1995 ‚
534 1955 588 1989 sed
609 1955 758 1990 Ecclefiae
769 1955 905 1991 Clericis
915 1955 1012 1999 pendi
1026 1956 1118 1990 solita

235 2004 304 2038 veri
326 2002 459 2038 Pastelli
482 2006 537 2041 seu
557 2006 705 2040 convivii
725 2003 948 2047 consuetudo,
975 2017 1074 2053 quam
1100 2007 1118 2040 ὲ

234 2052 403 2096 quibusvis
425 2066 494 2088 non
515 2055 721 2090 Clericorum
748 2056 980 2097 solummodo,
1007 2056 1060 2090 sed
1086 2057 1119 2092 &

236 2101 483 2136 Monachorum
503 2104 745 2141 initiationibus
766 2117 803 2140 ut
823 2107 1034 2141 simoniacam
1059 2107 1118 2140 fre-

236 2158 373 2194 quenter
394 2152 604 2197 proscripsere
625 2155 660 2187 dc
679 2156 844 2199 generales
855 2157 982 2198 Synodi
1004 2158 1038 2190 δε
1051 2156 1119 2190 Ro-

235 2201 329 2239 mani
339 2200 532 2244 Pontifices;
557 2203 670 2237 verum
685 2204 817 2248 Belgica
830 2205 935 2239 nostra
948 2205 1118 2239 infirmitas

235 2250 419 2284 etiamnum
430 2249 530 2285 hodie
538 2251 579 2286 ad
603 2254 682 2287 saeva
703 2254 878 2298 disciplinae
887 2255 1005 2289 damna
1017 2264 1119 2289 reten-

237 2308 302 2334 tat.
344 2300 428 2334 Eam
458 2302 589 2346 fugiens
608 2303 744 2339 Sanctus
769 2304 919 2338 Andreas
942 2305 1119 2346 corfinus,

239 2350 468 2384 Carmelitanae
478 2352 610 2385 familia:
619 2353 652 2386 δε
661 2353 831 2389 Faesulanae
842 2354 988 2388 Ecciefiae
998 2354 1096 2389 decus
1110 2380 1120 2396 ‚

237 2401 377 2443 primam
389 2401 521 2435 Miffam
535 2402 612 2436 Deo
621 2403 656 2436 in
667 2402 756 2446 sylva
768 2403 891 2438 obtulit
901 2430 911 2445 ,
934 2406 1117 2448 meruitque

236 2450 254 2490 ὲ
280 2451 422 2494 Deipara
444 2463 617 2497 apparente
650 2453 810 2488 divinitus
840 2455 970 2490 audire:
1007 2457 1118 2488 Servus

236 2511 320 2535 meus
338 2512 371 2535 es
392 2511 446 2540 tu,
474 2507 546 2543 quia
566 2514 615 2546 ego
635 2505 761 2547 elegite,
789 2506 823 2538 (9
843 2510 877 2538 in
898 2513 927 2542 te
944 2506 1094 2550 gloriabor
1108 2530 1115 2537 .

237 2549 483 2585 Enthronistica
495 2553 696 2587 consuetudo
707 2553 752 2587 est
773 2566 895 2589 munus
914 2566 973 2599 pro
987 2555 1120 2598 Episco-

237 2612 355 2644 porum
374 2599 656 2642 inthronizatione
675 2613 732 2638 aut
745 2604 951 2639 Clericorum
970 2605 1119 2640 introdu-

237 2651 347 2684 Ctione
356 2649 473 2684 donari
493 2653 685 2688 consuetum
708 2654 953 2699 introducenti;
981 2656 1118 2692 insinua-

238 2700 306 2733 tiva
317 2710 424 2739 autem
435 2700 480 2734 est
493 2713 613 2736 munus
631 2703 649 2737 a
661 2714 749 2737 novo
760 2705 891 2739 Clerico
900 2704 970 2739 dari
984 2705 1115 2741 solitum

239 2749 378 2792 ejusdem
389 2750 540 2786 Ecclefiae
551 2753 757 2789 Conclericis
768 2755 803 2789 in
822 2756 877 2790 sua
899 2756 1117 2793 insinuatione

237 2800 295 2833 seu
317 2799 530 2843 admissione,
556 2804 659 2848 gratia
681 2805 828 2839 ineundae
851 2806 1001 2845 amicitiae
1019 2807 1052 2840 <Sc
1073 2807 1119 2840 so-

238 2850 365 2883 cietatis
377 2873 388 2889 ‚
412 2851 499 2894 quod
511 2864 567 2896 per
575 2865 711 2888 omnem
721 2854 785 2888 sere
794 2856 1013 2892 Occidentem
1029 2857 1118 2891 >olim

238 2900 303 2933 fuit
317 2900 509 2936 convivium
530 2903 594 2938 sive
604 2903 800 2939 Pastellum.
830 2909 877 2940 At
898 2904 946 2940 hae
956 2907 1026 2940 duae
1039 2919 1118 2942 con-

238 2949 425 2983 suetudines
435 2961 502 2985 non
513 2954 654 2997 spectant
664 2954 705 2989 ad
717 2955 910 2999 Capitulum
922 2958 1057 3000 praesens
1070 2982 1077 2988 .

289 2999 361 3033 Ibas
388 2999 468 3044 ergo
489 3002 523 3036 in
545 3005 685 3047 Synodo
698 3005 864 3048 Berytensi
875 3007 1042 3041 accusatus
1054 3007 1116 3041 fuit

239 3059 311 3083 non
334 3050 375 3082 de
396 3050 555 3094 simonia,
581 3054 633 3089 sed
665 3054 708 3089 de
736 3056 802 3090 sola
826 3056 1052 3091 Cathedratici
1078 3058 1112 3091 in

238 3098 357 3133 dandis
378 3101 473 3133 sacris
493 3102 765 3140 ordinationibus
789 3107 1046 3141 consuetudine:
1072 3108 1115 3145 Et

240 3148 374 3192 quidem
388 3162 455 3183 non
470 3151 511 3184 de
521 3162 661 3194 extorta,
672 3165 727 3189 aut
742 3159 870 3196 exacta,
885 3156 937 3191 sed
948 3158 1116 3192 dumtaxat

238 3199 281 3233 de
295 3210 448 3242 accepta;
475 3200 704 3244 NihilominUs
726 3206 876 3250 Episcopi
894 3207 1017 3250 judices
1028 3208 1118 3242 dixe-

238 3259 317 3282 runt
337 3247 379 3282 ad
398 3252 612 3285 accusatores.
639 3257 771 3297 ‚Quando
792 3259 960 3301 redargutio
980 3259 1115 3299 Capituli

234 3296 369 3341 sequitur
381 3306 491 3333 animae
496 3304 660 3342 periculum
662 3304 769 3344 ferens
782 3330 792 3345 ,
814 3306 1116 3350 superfluumjudica-

238 3361 306 3382 mus
320 3349 535 3391 inquisitionem
548 3351 620 3394 ,fieri
640 3362 823 3388 caeterorum.
851 3360 932 3401 ,ραις
951 3363 1042 3401 igitur
1053 3370 1114 3390 ma-

240 3398 345 3440 nifeste
359 3401 519 3434 interdura
534 3400 609 3445 sunt
630 3404 844 3438 &Canonibus
868 3409 902 3441 er
925 3407 1059 3450 legibus,
1083 3409 1118 3442 Θ

238 3446 312 3489 sunt
321 3452 425 3492 apert?
437 3450 534 3494 odiosa
545 3455 639 3486 Deum
649 3454 821 3487 timentibus
830 3480 840 3496 ,
867 3456 931 3489 haec
949 3458 1047 3500 eligite
1052 3463 1105 3499 pri

241 3498 342 3540 mrim,
369 3502 405 3538 (at
429 3500 478 3534 bis
499 3501 620 3542 instate.
658 3505 804 3538 Videntur
825 3515 925 3540 autem
949 3507 1032 3540 nobis
1055 3506 1117 3541 baec

670 171 1259 217 LAT‘ROCINIO
1328 164 1812 215 EPHESINO.

1933 181 1995 226 39

1182 250 1234 293 effe
1249 247 1433 290 principalia
1444 273 1451 280 .
1480 251 1615 285 Primum
1633 252 1752 294 quidem
1775 251 1864 284 rellae
1881 253 1933 295 effle
1944 260 2056 294 oporte-

1182 299 1296 343 refidei
1309 323 1319 339 ‚
1344 299 1736 346 quisacerdotioficngitur.
1765 301 1902 341 Deinde,
1928 303 1979 344 effe
1987 314 2056 336 eum

1181 356 1271 384 totius
1292 350 1419 382 luxuriae
1438 347 1580 383 liberum:
1607 353 1668 387 sed
1684 364 1737 387 nec
1751 352 1878 394 prodere
1892 356 2055 393 pietatm,

1181 401 1312 435 maxime
1330 404 1526 441 pecuniarum
1543 397 1651 441 causa.
1678 401 1757 436 Hoc
1776 401 1909 437 tertium
1927 402 2059 435 videtur

1180 448 1322 485 omnino
1333 450 1397 483 este
1405 449 1536 493 praesens
1547 449 1757 492 Capitulum,
1782 452 1923 496 ideoque
1945 451 2059 495 quaeri-

1181 496 1254 540 tur,
1279 511 1321 534 an
1334 500 1426 533 sacrae
1434 498 1668 534 Ordinationis
1688 498 1954 537 cathedraticum
1973 501 2058 535 acci·

1182 562 1255 594 pere
1263 550 1299 584 fit
1308 550 1416 584 revera
1429 549 1573 592 proditio
1582 549 1732 593 pietatis,
1757 551 1880 586 crimen
1902 551 2058 588 omnibus

1181 602 1292 636 Deum
1304 598 1496 635 timentibus
1505 599 1660 635 odiosum
1670 623 1682 640 ,
1708 597 1897 636 damnatum
1906 613 1962 646 per
1973 602 2060 647 leges

1179 651 1212 684 &
1226 652 1404 691 Camues,
1430 651 1462 684 se
1470 650 1543 686 solo
1556 650 1720 685 sufficiens
1739 648 1781 683 ad
1802 651 1957 695 Episcopi
1976 652 2062 695 deje-

1166 701 1348 735 aionem?
1376 700 1487 748 Qaeri
1515 700 1550 736 id
1570 700 1679 750 potest
1702 700 1737 735 &
1756 698 1798 740 de
1817 700 1955 745 simplici
1975 711 2061 736 acce*

1181 750 1296 795 ptione
1316 748 1541 789 Cathedratici
1553 775 1565 791 ,
1590 750 1625 787 &
1636 750 1677 786 de
1688 751 1859 786 exactione
1872 764 1895 783 .’

1229 800 1353 851 Qoad
1363 801 1506 844 primum
1516 811 1575 845 pro
1584 811 1674 845 parte
1684 804 1836 847 negativa
1856 801 1937 835 facit
1958 803 2062 836 austoe
2081 808 2232 845 L.3.Ep.25

1180 851 1256 886 ritas
1266 851 1374 886 Sansti
1385 850 1539 896 Gregorii
1552 851 1673 896 Magni
1686 877 1698 892 ‚
1719 852 1776 896 qui
1799 850 1954 894 Ianuario
1967 850 2063 885 Cala-

1180 902 1288 936 ritano
1300 901 1466 946 Episcopo
1475 913 1514 941 ac
1533 901 1710 941 Sardorum
1722 900 1948 945 Metropolitae
1958 901 2062 946 rigide

1180 963 1291 986 vetans
1303 951 1381 994 quid
1391 951 1493 996 accipi
1511 951 1553 987 de
1564 950 1772 989 Clericotum
1783 951 2063 987 Ordinationibus

1181 1002 1290 1037 addit:
1317 1001 1390 1043 Nz'fi
1392 1003 1549 1046 quidpiam
1564 1000 1623 1046 sua
1636 1000 1745 1046 sponte
1767 1001 1869 1043 offerre
1890 1003 2040 1036 voluerint
2052 1027 2061 1035 .

1182 1052 1226 1086 Et
1256 1053 1291 1086 in
1312 1052 1467 1087 Romana
1488 1055 1544 1087 sua
1573 1053 1713 1096 Synodo
1734 1052 1899 1088 durissime
1930 1052 2065 1096 quidem

1180 1100 1316 1136 damnat
1327 1102 1458 1137 Pastelli
1468 1103 1670 1144 exastionem
1683 1128 1696 1144 ‚
1719 1103 1870 1149 adjungit
1884 1112 2004 1137 tamen
2025 1103 2067 1137 de

1181 1151 1319 1195 simplici
1331 1152 1543 1195 acceptione.
1569 1157 1735 1195 tranitem,
1760 1159 1813 1197 qui
1833 1152 2067 1195 ordinatusfue-
2089 1155 2243 1191 L·4·EP-44

1181 1207 1245 1242 rit,
1263 1200 1296 1243 fi
1310 1212 1368 1238 non
1389 1213 1429 1236 err
1444 1203 1578 1244 placito,
1603 1214 1696 1245 neque
1715 1204 1864 1244 exodus,
1890 1215 1983 1247 neque
1988 1209 2067 1246 petr·-

1182 1261 1232 1289 tus
1244 1275 1255 1292 ‚
1276 1250 1343 1294 post
1355 1259 1489 1298 acceptas
1499 1251 1622 1286 chartas
1641 1254 1676 1287 cb·
1698 1253 1831 1286 Pallium
1850 1254 1971 1296 aliquid
1989 1254 2069 1287 cuili-

1183 1301 1232 1337 bet
1243 1313 1282 1335 ex
1293 1303 1380 1335 Clero
1390 1308 1505 1346 gratiae
1517 1303 1721 1337 tantummodi
1733 1302 1824 1347 causa
1834 1304 1908 1336 dare
1918 1305 2067 1343 voluerit,

1182 1351 1234 1386 boc
1245 1357 1338 1394 accipi
1349 1353 1427 1387 nullo
1433 1353 1524 1396 pario
1537 1353 1729 1397 probibemus
1742 1379 1749 1386 .
1777 1353 1823 1388 Et
1844 1364 1961 1388 omnes
1983 1353 2069 1388 anti-

1184 1414 1255 1446 quae
1276 1402 1428 1448 synodi,
1454 1403 1549 1439 hasce
1574 1402 1831 1439 consuetudines
1857 1403 1899 1438 de
1925 1404 2065 1438 simonia

1183 1452 1395 1500 damnantes,
1422 1453 1583 1489 damnant
1593 1454 1695 1489 solam
1719 1455 1943 1490 exastionem:
1970 1455 2072 1497 Spon-

1184 1503 1478 1538 taneaeoblationis
1499 1505 1723 1549 receptionem
1745 1504 1852 1549 plures
1873 1504 1990 1539 diserte
2002 1514 2071 1548 per-

1186 1562 1326 1599 mittunt
1339 1578 1346 1584 .

1234 1601 1300 1635 Pro
1319 1613 1410 1646 parte
1431 1612 1541 1639 tamen
1565 1605 1755 1639 affirmativa
1774 1603 1893 1639 definit
1913 1603 2070 1648 Synodus
2089 1600 2150 1633 Seis.
2171 1612 2219 1637 25·

1184 1652 1384 1687 Tridentina
1396 1679 1403 1685 .
1431 1655 1584 1697 ,Quoniam
1595 1655 1635 1688 ab
1647 1654 1838 1697 Ecclefiasti'co
1850 1657 1964 1689 Ordine
1973 1661 2068 1687 omnis
2090 1641 2221 1714 {nfrdss

1184 1707 1328 1736 avaritiae
1343 1702 1470 1746 suspicio
1490 1704 1583 1747 abesse
1606 1704 1694 1738 debet
1707 1730 1717 1745 ,
1745 1704 1822 1738 nibil
1834 1713 1891 1747 pro
1919 1707 2071 1739 collatione
2119 1704 2130 1714 “
2147 1691 2165 1712 ⁰
2180 1702 2189 1711 ”

1183 1758 1426 1795 quorumcumque
1437 1755 1585 1787 Ordinum
1596 1780 1608 1795 ,
1631 1760 1725 1789 etiam
1734 1757 1906 1789 clericatus*
1917 1754 1992 1799 tons
1984 1768 2048 1789 urae
2061 1779 2071 1795 ,

1186 1807 1238 1836 nec
1253 1811 1309 1847 pso
1329 1805 1438 1837 litteris
1453 1805 1621 1848 dimissoriis
1648 1815 1704 1838 aut
1727 1805 1967 1845 testimonialibus
1980 1830 1991 1845 ,
2018 1817 2070 1839 nec

1181 1861 1236 1894 pro
1240 1852 1333 1897 sigillo
1345 1879 1355 1894 ,
1382 1866 1433 1887 nec
1444 1856 1508 1887 alia
1519 1866 1703 1898 quacumque
1715 1857 1751 1889 de
1763 1854 1852 1898 causa
1863 1862 1956 1889 etiam
1963 1856 2071 1900 sp0nte'

1183 1902 1315 1935 ‘oblatum
1330 1903 1480 1946 >Episcopi
1503 1907 1538 1938 Θ
1558 1906 1612 1938 alii
1634 1907 1782 1938 ordinum
1804 1906 1966 1939 collatores
1979 1931 1989 1945 ,
2016 1914 2071 1939 aut

1183 1960 1281 1986 eorum
1302 1953 1430 1994 Ministri
1451 1960 1560 1996 quovis
1578 1963 1735 1997 praetextu
1757 1961 1903 1997 recipiant
1915 1980 1922 1987 .
1951 1956 2070 1998 Neque

1186 2002 1220 2036 ia
1240 2004 1350 2037 statuit
1360 2003 1428 2038 fine
1438 2007 1576 2048 antiquo
1597 2006 1766 2048 exemplo„
1796 2004 1929 2040 Imitara
1952 2005 1999 2039 est
2026 2007 2071 2039 se-

1185 2052 1328 2088 cundam
1340 2054 1512 2097 Synodum
1525 2055 1767 2090 Bracarensem:
1797 2054 1936 2099 Episcopi
1959 2058 1997 2097 de
2009 2060 2070 2088 Or·
2088 2068 2121 2097 c,
2131 2078 2165 2104 31ae

1185 2104 1337 2137 dinatione
1370 2106 1551 2138 clericorum
1571 2116 1694 2138 munera
1719 2107 1802 2139 nulla
1827 2112 1994 2147 accipiant.
2024 2106 2069 2139 Et
2144 2106 2147 2109 ⁴

1188 2153 1363 2187 secundam
1375 2153 1675 2188 Barchinonensem
1687 2179 1698 2195 ‚
1725 2166 1823 2198 atque
1834 2156 1982 2189 oetavam
1993 2156 2066 2189 To-

1189 2203 1355 2243 letanam,
1381 2213 1526 2238 vetantes
1536 2204 1660 2246 aliquid
1684 2204 1786 2248 accipi
1806 2205 1907 2238 etiam
1923 2204 1981 2248 sub
1991 2205 2070 2239 obla-

1189 2258 1276 2285 tionis
1299 2258 1414 2287 nomine
1432 2278 1439 2285 .
1477 2253 1594 2288 Tertia
1613 2255 1814 2290 Bracarenfis
1833 2256 2070 2298 accipientibus

1189 2302 1312 2347 infligit
1322 2313 1433 2346 poenas
1442 2302 1580 2338 inflistas
1589 2303 1775 2339 simoniacis
1785 2305 1803 2338 a
1817 2305 1957 2339 Canone
1969 2305 2070 2340 Chal-

1187 2352 1383 2386 cedonensi.
1409 2353 1483 2394 Hi,
1508 2354 1668 2398 inquam,
1695 2354 1885 2390 sanetiffimi
1900 2355 2073 2400 Hispania-

1186 2413 1256 2436 rum
1280 2402 1434 2447 Episcopi
1465 2404 1581 2438 servari
1611 2405 1770 2440 mandant
1796 2405 1832 2439 in
1858 2407 2070 2442 Sacramento

1187 2452 1413 2487 Ecclesiasticae
1443 2453 1699 2496 Ordinationis,
1725 2455 1815 2498 quod
1838 2456 1872 2489 in
1897 2454 2069 2500 Baptismo

1186 2503 1307 2537 Canon
1318 2503 1579 2549 quadragesimus
1589 2506 1722 2540 ostavus
1733 2505 1932 2542 Eliberinus:
1958 2510 2070 2540 Emen-

1185 2554 1255 2586 dari
1259 2555 1375 2595 placuit
1386 2579 1397 2595 ,
1422 2562 1456 2587 ut
1473 2554 1524 2595 hi,
1550 2561 1602 2598 qui
1623 2556 1838 2598 baptizantur,
1864 2566 1899 2590 ut
1906 2556 1974 2598 fieri
1990 2555 2065 2599 firle-

1183 2604 1237 2638 bat
1250 2628 1261 2644 ‚
1288 2615 1421 2637 nummos
1433 2609 1465 2637 in
1484 2605 1635 2638 concham
1654 2617 1713 2639 non
1734 2612 1881 2644 mittant,
1906 2618 1943 2639 ne
1965 2609 2068 2640 Sacer·

1184 2655 1259 2695 dos,
1285 2655 1367 2696 quod
1381 2660 1484 2699 gratis
1507 2661 1635 2697 accepit,
1657 2661 1757 2698 pretio
1776 2655 1938 2696 distrahere
1959 2657 2066 2694 videa·-

1183 2713 1252 2738 tur.
1289 2704 1363 2739 Nec
1384 2705 1504 2739 desunt
1524 2705 1645 2740 similes
1666 2706 1822 2741 Canones
1850 2705 2066 2740 Ecclefiarum

1182 2754 1320 2794 Italicae,
1349 2753 1535 2796 Africanae,
1561 2755 1778 2799 Illyricianae,
1804 2756 1838 2788 &
1862 2755 2062 2797 Gallicanae,

1182 2813 1279 2848 atque
1297 2804 1341 2844 ita
1364 2805 1465 2840 etiam
1485 2805 1600 2848 sponte
1620 2806 1772 2841 oblatum
1795 2805 2063 2847 Cathedraticum

1182 2855 1324 2898 recipere
1333 2854 1462 2891 videtur
1472 2855 1535 2890 effi:
1546 2856 1704 2900 iniquitas
1715 2856 1860 2890 fimoniae
1875 2881 1883 2888 .

1232 2905 1432 2949 Respondeo
1443 2904 1528 2940 hanc
1539 2906 1751 2951 quaestionem
1774 2907 1808 2940 in
1822 2906 1960 2951 Synodo
1979 2907 2065 2942 Basi-

1181 2955 1277 2990 leensi
1288 2955 1414 2991 erudite
1427 2956 1506 2989 solvi
1529 2957 1547 2991 a
1559 2957 1711 2991 Domino
1734 2956 1905 2995 Cardinali
1926 2958 2062 3001 Jufiano

1181 3005 1364 3043 Caesarinm
1395 3005 1450 3040 Ad
1463 3007 1605 3052 Eugenii
1618 3007 1722 3052 quarti
1735 3007 1907 3042 pontificis
1918 3008 2062 3053 Legatos
2084 3014 2164 3054 Epist,
2179 3026 2206 3053 5,

1180 3056 1262 3089 dicit
1282 3067 1324 3090 ex
1343 3056 1484 3090 Domini
1510 3057 1666 3092 mandato
1684 3058 1810 3092 nemini
1831 3059 2062 3096 incutiendum

1181 3105 1368 3146 scandalum
1380 3131 1391 3147 ,
1426 3107 1516 3149 juxta
1544 3107 1745 3151 Apostolum
1779 3120 1848 3142 non
1885 3108 2014 3143 tanturn
2041 3109 2060 3143 ὲ

1182 3156 1292 3197 malo,
1319 3156 1373 3190 sed
1396 3157 1429 3189 ἀ
1448 3156 1466 3188 a
1497 3157 1577 3190 mali
1599 3157 1704 3202 specie
1733 3157 1966 3193 abstinendum
1989 3182 1999 3201 ‚
2024 3158 2060 3194 δε

1181 3205 1291 3240 addit.
1329 3207 1441 3239 Nonne
1461 3207 1495 3239 (⁸20
1510 3211 1612 3250 gratis
1643 3207 1742 3249 offerre
1765 3233 1776 3248 ,
1802 3210 1837 3243 6·
1858 3206 2058 3250 eleemosjuam

1181 3258 1274 3296 dare,
1296 3260 1384 3297 pium
1404 3255 1441 3296 est
1468 3257 1502 3289 (7
1521 3265 1594 3298 opus
1623 3256 1781 3297 charitatis
1794 3259 1811 3290 ,Ρ
1836 3259 1897 3291 Sed
1919 3264 2060 3301 quoniam

1182 3314 1310 3348 tempore
1333 3305 1485 3350 Baptismi
1504 3314 1639 3341 nummos
1665 3310 1810 3351 projicere
1832 3313 1865 3340 in
1885 3307 2059 3351 concham,

1178 3356 1304 3402 speciem
1321 3356 1532 3397 praetendebat
1553 3358 1625 3390 m'ali
1637 3382 1647 3398 ‚
1673 3360 1826 3391 emendari
1846 3358 2001 3392 &aboleri
2011 3369 2059 3392 ta-

1184 3409 1240 3441 lem
1251 3404 1569 3449 consuetudinemjuffit
1582 3406 1727 3449 Ecclesia:
1756 3407 1887 3453 Utique
1898 3420 1966 3442 non
1980 3419 2059 3445 tam-

1183 3468 1282 3501 quam
1293 3457 1428 3491 naturali
1455 3466 1510 3489 aut
1532 3457 1663 3491 Divinae
1674 3457 1739 3502 legi
1761 3458 1941 3498 adversam,
1961 3459 2012 3493 sed
2023 3469 2060 3499 ut

1184 3508 1352 3552 suspestam
1363 3533 1374 3549 ‚
1402 3506 1622 3543 scandalosam
1634 3530 1644 3546 ,
1663 3508 1858 3555 piorumque
1869 3521 1906 3545 ac
1916 3509 2060 3545 infirmo

1939 3570 2012 3598 rum
