2340 3736
320 152 390 197 94

246 218 409 253 Trullana
425 233 435 253 .·
461 223 498 253 In
534 222 648 253 Divino
671 219 795 262 Apostolo
810 218 952 263 firiptum
971 219 1031 260 est,
1053 219 1137 263 sexa-

242 274 336 317 ginta
344 281 490 303 annorum
502 272 630 303 viduam
651 276 683 302 in
704 269 830 312 Ecclefi'a
848 271 1034 314 ellgendam3
1056 268 1135 313 sacri

246 328 347 353 autem
361 323 498 354 Canones
512 322 716 364 quadraginta
727 332 871 353 annorum
882 320 1077 363 Diaconiffam
1093 331 1135 351 or-

249 371 419 404 dinandam
440 372 490 414 effe
519 369 706 410 statuerunt,
732 372 797 403 ciam
818 375 875 403 Dei
897 368 1051 411 Ecclefiam
1077 372 1134 402 Det·

245 426 349 467 gratia
355 427 546 463 potentiorem
557 419 691 465 evafiffit,
718 423 752 455 ᾧ·
771 421 894 453 ulterius
912 421 1064 461 procedere
1084 424 1132 452 vi-

248 472 369 516 dissent,
391 471 583 514 fideliumque
601 473 645 505 ad
653 476 832 504 Divinarum
853 471 1064 503 mandatorum
1085 469 1135 511 fir-

75 528 232 566 NovelLs,
250 529 387 557 mitatem
408 531 444 553 ac
453 520 665 562 stabilitatem.
693 519 923 569 Qadraginta
946 520 1027 554 anni
1042 518 1136 552 debe-

74 575 146 614 c'sc‘l

251 622 346 656 nium
359 620 579 656 Patriarcham
590 620 995 663 constantinopolitanum
1015 618 1135 653 directa

217 701 221 706 ,
251 671 454 717 Justinianus
465 673 632 717 Augustus
642 671 750 706 scribit
761 671 877 705 debere
888 671 952 704 effe
973 680 1134 704 annorum

233 721 381 757 ›1citciter
391 723 631 766 quinquaginta
645 747 651 754 .
678 720 785 755 Addit
796 732 839 754 ex
850 720 1036 755 necessitate
1047 720 1136 764 posse

253 772 482 816 dispensatorie
506 773 650 806 ordinari
660 772 829 815 Juniores,
854 770 966 804 verum
986 770 1067 805 tales
1091 770 1138 803 vi-

253 823 299 857 ris
309 824 479 868 permixtas
491 834 559 856 non
577 823 665 866 posse
685 821 850 863 habitare,
876 820 1015 864 ideoque
1036 819 1138 854 collo-

253 873 376 908 candas
386 874 421 906 in
435 873 546 916 aliquo
558 871 728 907 Asceterio
741 897 751 913 ‚
777 874 877 916 usque
886 870 926 905 ad
937 870 1137 906 canonicum

253 924 356 962 aetatis
365 922 645 967 complementum
656 947 663 954 .
680 921 846 956 Omnibus
856 921 1049 967 generaliter
1058 919 1138 954 Dia—

253 973 385 1009 coniflis
396 971 562 1007 interdicit
575 973 766 1017 Agapetus‚
793 970 967 1015 statuitque
990 969 1076 1005 varia
1097 970 1138 1004 de

251 1035 369 1058 eorum
390 1022 549 1059 moribus,
576 1022 765 1066 Desumpfit
790 1033 832 1056 ex
858 1030 971 1069 quarta
999 1020 1137 1065 Synodo

252 1073 505 1118 Carthaginensi
517 1096 526 1105 .

303 1124 400 1158 Sexta
421 1121 607 1166 quaestioest
620 1146 632 1163 ‚
655 1120 790 1166 quando
820 1121 1016 1168 Diaconiffae
1034 1131 1138 1164 coepe—

251 1173 317 1209 rint
330 1173 364 1207 in
375 1171 517 1206 Ecclefia
527 1173 702 1217 extingui?
725 1172 923 1216 Respondeo
934 1171 1000 1214 jam
1013 1171 1137 1215 pridem

250 1221 424 1257 exstinetas
442 1222 476 1255 ὃ(
503 1223 538 1255 in
564 1223 684 1257 Latina
709 1222 744 1255 &
770 1223 806 1257 in
832 1221 944 1257 Graeca
967 1220 1111 1256 Ecclesia
1126 1245 1133 1253 .

251 1269 354 1319 Apud
363 1281 426 1307 nos
434 1271 571 1306 Latinos
580 1272 785 1317 exstinguere
795 1273 892 1316 coepit
904 1271 1046 1306 Ecclesia
1056 1271 1136 1319 §al-

250 1320 359 1358 lieana
372 1323 408 1357 in
421 1322 525 1367 prima
539 1320 676 1367 Synodo
687 1320 889 1358 Arauficenfi
901 1347 913 1364 ,
938 1321 1047 1356 habita
1070 1320 1137 1364 Cy-

251 1384 289 1406 ro
301 1372 466 1416 Consule,
493 1384 583 1407 anno
594 1373 738 1408 secundo
758 1373 863 1409 Sancti
882 1373 1005 1408 Leonis
1016 1372 1136 1416 Magni

250 1420 450 1462 pontificis,
483 1421 611 1460 Christi
638 1424 780 1458 Domini
817 1421 1136 1468 quadringentefimo

251 1468 497 1518 qufflragelimo
507 1473 635 1516 primo,
657 1472 770 1515 decem
782 1473 876 1507 annis
890 1469 973 1509 ‘ann
993 1471 1136 1506 nostram

251 1522 425 1566 Synodum
437 1521 741 1561 Chalcedonensem
752 1547 759 1555 .
786 1522 1004 1566 Exstinguere
1014 1521 1114 1565 coepit
1128 1545 1138 1561 ,

253 1583 322 1606 non
334 1573 428 1616 plene
439 1571 611 1607 exstinxit.
640 1573 704 1606 Eas
714 1583 856 1617 namque
873 1581 991 1606 contra
1011 1570 1138 1604 Araufi-

248 1623 348 1657 cense
357 1622 526 1658 decretum
540 1623 712 1666 perrexisse
720 1622 865 1658 ordinari
886 1621 1073 1666 &profiteri
1093 1631 1138 1655 te·

240 1673 354 1707 ‘statur
368 1673 511 1708 secunda
533 1673 688 1716 Synodus
708 1671 974 1713 Aurelianensis,
1000 1672 1138 1715 ejusmo-

250 1723 354 1766 dique
374 1723 622 1758 ordinationem
647 1733 704 1758 aut
725 1722 953 1767 profeffionem
971 1722 1140 1757 exsufflare

253 1784 324 1807 non
337 1771 451 1807 audet:
481 1771 604 1807 Denuo
623 1771 794 1808 dumtaxat
805 1772 992 1814 interdicit,
1017 1783 1141 1807 earum-

252 1823 404 1866 quelicet
413 1833 528 1858 contra
539 1824 715 1859 Canonem
738 1825 893 1858 sanarum
915 1822 1139 1866 prevaricatri-

251 1885 308 1907 ces
331 1874 433 1917 privat
455 1874 706 1908 communione.
743 1873 944 1917 Epaonenfis
964 1871 1137 1916 Synodus,

254 1925 395 1957 suaviter
424 1925 459 1958 ἀ
486 1923 615 1958 fortiter
635 1935 728 1969 agere
750 1924 889 1963 volens,
921 1922 1140 1957 Diaconalem

253 1973 532 2008 consecrationem
542 1982 648 2007 mutat
660 1974 694 2006 in
706 1971 968 2007 benedictionem
981 1971 1141 2015 poeniten-

252 2023 367 2059 tialem
378 2047 389 2063 ,
414 2032 513 2067 atque
524 2023 569 2057 ita
580 2024 739 2058 foemineo
751 2023 843 2060 sexui
853 2022 1022 2068 dignitatis
1043 2022 1141 2058 avido

254 2084 396 2108 conatur
414 2073 610 2109 satisfacere.
639 2072 881 2108 Poenitentialis
900 2074 990 2108 enim
1014 2071 1141 2107 benedi·

256 2123 328 2157 &io
360 2135 430 2157 non
453 2121 585 2158 tantum
606 2121 900 2165 praevarieatoribus
920 2121 1143 2167 ignominiose

255 2172 486 2218 imponebatur
494 2196 507 2213 ‚
528 2172 588 2207 {ed
600 2172 635 2206 ἃ
645 2171 686 2206 ab
699 2172 845 2206 innoxiis
854 2173 889 2207 ἀ
901 2172 1037 2216 integris
1049 2173 1143 2214 spon-

257 2223 355 2257 tanee
379 2224 414 2258 &
432 2222 573 2268 gloriose
601 2222 718 2266 suscipi
743 2223 827 2258 olim
851 2222 1037 2257 consuevit.
1080 2221 1145 2255 Ex·

256 2273 442 2310 stinfflonis
452 2273 582 2308 causam
600 2272 739 2307 secunda
760 2271 916 2315 Synodus
929 2270 1143 2305 Aurelianen-

256 2324 296 2357 fis
322 2322 414 2357 fuisse
450 2322 533 2357 dicit
551 2320 712 2359 fmnlneae
731 2322 907 2356 conditionis
920 2321 1142 2365 fragilitatem.

255 2372 450 2410 Diaconissa
471 2373 561 2406 enim
575 2372 715 2407 ducebat
750 2372 851 2406 vitam
873 2371 1029 2410 achivam,
1055 2370 1145 2414 cujus

260 2423 389 2457 constat
418 2423 568 2457 foeminas
592 2434 662 2456 non
687 2422 751 2456 effe
784 2433 932 2466 capaces.
959 2421 1144 2456 Exstinstio

261 2473 365 2520 longo
374 2482 521 2522 tempore
538 2472 602 2511 fuit
624 2473 710 2511 intra
728 2472 831 2511 solam
854 2471 999 2511 Galliam
1011 2471 1146 2511 circum·

75 1034 152 1068 Cap·
166 1042 228 1064 ιω,

83 1082 147 1112 1032
158 1082 222 1110 1042

82 2265 180 2300 5²8..

110 2484 123 2504 t

252 573 332 607 bant
342 573 406 606 este
416 571 593 616 completi,
620 571 759 615 ideoque
779 570 814 605 in
836 570 909 614 lege
930 569 972 603 ad
994 567 1147 623 Epipha-⁴

717 138 972 182 CANONE
997 152 1014 181 s
1051 138 1620 184 Cx-isircznonznszs

1208 218 1320 260 scripta
1332 243 1340 251 .
1365 217 1500 255 Etenim
1518 221 1641 257 dudum
1652 222 1723 266 post
1739 222 1773 258 in
1786 225 1841 259 sua
1853 225 2007 261 Romana
2029 237 2084 270 pet

1203 266 1395 301 Zachariam
1407 270 1626 306 Successorem
1647 275 1840 310 confirmata
1861 276 1999 319 Synodo
2024 277 2085 312 sta-

1204 319 1267 351 tuit
1279 317 1459 362 Gregorius
1471 319 1646 355 secundus:
1672 326 1703 357 51
1714 332 1781 366 quis
1792 330 1959 359 Diaconum
1967 331 2000 360 ln
2019 338 2085 360 con·
2101 341 2138 373 ς,
2146 351 2174 375 2·

1195 369 1299 417 jugem
1310 370 1429 402 duxerit
1439 394 1450 411 ,
1466 369 1683 413 ‘anathemasti
1694 397 1702 404 .
1728 374 1818 409 Istud
1828 375 1873 411 ob
1885 377 2010 411 crimen
2022 377 2085 411 Ca·

1202 422 1270 452 non
1292 428 1425 462 quartus
1451 418 1600 455 decimus
1620 421 1872 461 anathematizat
1887 426 2084 462 ‘Adrianum

1202 468 1309 503 filium
1327 468 1512 505 Exhilarati
1526 495 1535 503 .
1561 471 1607 504 Et
1618 472 1770 514 Synodus
1780 476 2027 511 vormatiensis
2038 477 2102 511 in-.

1202 528 1304 553 novat
1316 518 1405 554 hunc
1417 520 1562 555 nostrum
1573 518 1878 561 Chalcedonensen
1887 526 2059 561 Canonem
2075 551 2086 567 ‚

1194 561 1361 611 ordoque
1381 569 1554 607 Romanus
1577 571 1700 606 Carolo
1721 570 1853 617 Magno
1874 574 1915 608 ab
1937 575 2086 610 Adriano

1201 618 1310 661 primo
1321 619 1431 654 missus
1442 620 1561 664 insigni
1573 622 1738 657 variorum
1750 624 1874 657 rituum
1897 625 1982 659 veste
1990 635 2086 661 ornat

1201 668 1397 704 Diaconiffae
1426 670 1707 706 ordinationem.
1748 673 1860 707 Etiam
1886 673 1946 708 sub
1975 674 2089 711 Leone

1202 720 1300 753 tertio
1312 719 1446 763 viguisse
1457 719 1572 755 Roma
1590 723 1725 757 testatur
1737 723 1771 756 in
1784 723 1851 766 ejus
1862 724 1931 757 vita
1953 725 2090 760 Anasta-

1200 769 1261 802 sius
1274 768 1563 804 Bibliothecatius.
1593 771 1764 807 Praecisum
1778 774 1850 808 istic
1862 774 2089 810 exstinctionis

1202 820 1372 863 tempus&
1384 820 1661 864 causamignoro.
1688 824 1784 858 Dicit
1795 824 1871 858 vero
1895 825 2012 859 Petrus
2032 823 2090 859 Pi-

1201 869 1362 904 stavienfis
1373 894 1383 909 ‚
1396 871 1518 913 primus
1525 869 1610 905 Petri
1624 872 1803 908 Lornbardi
1814 874 2068 909 Commentatot
2078 887 2089 908 ε

1204 920 1436 964 Dlacomffiarum
1446 922 1595 954 ordinatio
1603 922 1678 955 abiit
1689 928 1722 956 in
1729 923 1950 966 diffumcdimm
1963 938 1974 958 .-
1999 923 2089 959 Ubi-

1201 980 1264 1013 que
1275 969 1508 1014 apudomnem
1521 971 1696 1012 Ecclesiam
1718 973 1894 1015 Latinam,
1919 974 2089 1020 virginum

1202 1020 1417 1062 quarumdam
1440 1022 1475 1055 δε
1502 1021 1748 1059 Abbatiffarum
1770 1022 1996 1062 benedictione
2020 1025 2088 1069 jam

1203 1070 1328 1114 pridem
1339 1081 1551 1107 contentam.
1707 1081 1709 1087 ’

1254 1120 1455 1155 Exstinstam
1479 1122 1559 1156 item
1579 1122 1715 1157 eandem
1736 1123 1995 1159 Ordinationem
2018 1123 2087 1167 iam

1203 1171 1329 1214 pridem
1342 1172 1428 1215 apud
1448 1171 1582 1207 Graecos
1605 1174 1738 1208 testatur
1756 1172 1959 1209 Theodorus
1982 1173 2093 1208 Balsa·
2124 1209 2127 1212 Α

1202 1231 1282 1255 mon
1292 1220 1326 1255 in
1338 1224 1579 1257 commentario
1591 1222 1686 1265 hujus
1703 1224 1852 1259 CanonIs
1863 1224 1987 1259 addens
1998 1225 2090 1268 quas·

1202 1271 1278 1305 dam
1319 1271 1453 1315 quidem
1489 1273 1874 1318 Constantinopolitanas
1920 1275 2090 1309 Moniales

1200 1321 1301 1356 etiam
1329 1322 1387 1355 suo
1408 1331 1555 1366 tempore
1585 1334 1717 1358 vocatas
1739 1325 1834 1359 fuiffe
1855 1324 2061 1360 Diaconiffas
2077 1347 2089 1363 ,

1203 1380 1237 1410 at
1258 1372 1350 1411 inani
1377 1373 1514 1406 nomine
1534 1397 1546 1414 ,
1573 1373 1686 1417 utpote
1711 1375 1800 1409 nulla
1821 1385 1939 1409 manus
1967 1374 2095 1417 impoli·

1203 1422 1297 1456 tione
1308 1424 1457 1457 sacratas.
1486 1423 1525 1457 In
1538 1423 1693 1468 responsis
1704 1425 1745 1459 ad
1768 1425 1962 1469 quaestiones
1984 1423 2093 1459 Marci
2113 1438 2272 1479 1⁴41OEss

1172 1513 1178 1523 γ’
1203 1471 1396 1506 patriarchae
1408 1472 1628 1508 Alexandrini
1650 1475 1770 1509 variati
1799 1475 1864 1509 Eas
1885 1474 1920 1510 in
1948 1474 2094 1509 Ecclefia
2111 1482 2221 1512 Orient-

1204 1522 1583 1567 constantinopolitana
1603 1525 1757 1568 superesse
1777 1524 1879 1564 dicit,
1903 1525 2017 1561 verum
2042 1523 2091 1558 ob
2112 1519 2196 1562 Resp·
2212 1522 2263 1560 3⁶·

1204 1572 1379 1607 menstruas
1412 1573 1657 1617 inquinationes
1688 1574 1800 1618 repelli
1823 1573 1866 1609 ab
1885 1574 1981 1608 omni
2003 1575 2094 1608 sacro
2121 1605 2125 1609 .

1205 1621 1385 1656 ministerio
1398 1645 1411 1663 ,
1435 1623 1610 1657 mulierum
1631 1624 1663 1657 in
1677 1623 1819 1658 Ecclefia
1840 1624 2021 1658 conventui
2045 1622 2095 1661 di„-

1205 1672 1342 1717 rigcndo
1363 1671 1535 1707 dumtaxat
1557 1672 1741 1708 Praefenas.
1770 1674 1824 1708 De
1845 1683 1957 1708 carum
1977 1673 2091 1707 conse-

1205 1722 1351 1757 cratione
1373 1722 1439 1766 jam
1458 1721 1500 1757 ab
1519 1722 1647 1766 aliquot
1671 1722 1791 1757 saeculis
1803 1723 1930 1757 nullam
1951 1723 2096 1758 mentio-

1206 1783 1281 1806 nem
1302 1772 1429 1806 faciunt
1441 1773 1630 1806 Graecorum
1645 1772 1790 1806 Ritualia
1804 1798 1814 1814 ‚
1841 1784 1902 1806 nec
1916 1772 1951 1806 in
1965 1783 2092 1810 accura-

1204 1821 1324 1856 tiffimo
1345 1822 1386 1856 de
1407 1822 1500 1856 sacris
1522 1822 1800 1856 Ordinationibus
1820 1833 1918 1866 opere
1943 1816 2104 1865 Symeon

1207 1868 1500 1915 Archi-Episcopus
1511 1869 1828 1913 Thessalonicenfis,
1852 1872 1911 1915 qui
1930 1871 2043 1907 floruit
2053 1870 2090 1905 in

1204 1921 1341 1956 exordio
1361 1921 1464 1956 saeculi
1477 1922 1595 1956 decimi
1608 1921 1712 1968 tertii.

1253 1971 1438 2007 Concludit
1463 1971 1584 2007 Canon
1623 1971 1731 2007 noster
1762 1971 1971 2009 Diaconiffas
1992 1982 2090 2006 carne

1204 2021 1306 2067 lapsas
1322 2033 1399 2056 cum
1424 2012 1476 2056 sui
1499 2021 1709 2056 violatoribus
1743 2021 2087 2057 anathematizandas.

1204 2072 1342 2108 Plenam
1379 2072 1471 2106 enim
1486 2100 1491 2107 ,
1505 2073 1747 2107 continentiam
1769 2070 2030 2114 profitebantur,
2053 2071 2092 2105 δε

1206 2121 1340 2166 quidem
1379 2122 1627 2156 consecratione
1664 2121 1858 2156 sanstiffima
1895 2119 2089 2166 sigillatam.

1209 2170 1288 2214 Ejus
1301 2171 1394 2205 causa
1415 2170 1616 2219 Justinianus
1638 2170 1805 2216 Augustus
1825 2170 2030 2205 &uiolatam
2055 2170 2090 2204 δε
2112 2170 2270 2210 Novella-

1210 2221 1403 2255 violatorem
1425 2221 1560 2263 mandat
1582 2221 1695 2266 gladio
1724 2220 1884 2254 vindicari
1897 2243 1906 2251 .
1943 2218 2091 2254 Anathe-
2109 2218 2171 2262 9⁶·

1211 2283 1263 2306 ma
1290 2269 1373 2307 istud
1398 2281 1457 2315 per
1471 2268 1608 2305 diversas
1629 2268 1838 2314 postmodum
1848 2269 2005 2314 synodos
2013 2281 2108 2305 σοιν.

1209 2314 1372 2356 firmatum
1397 2319 1485 2360 fflt,
1516 2330 1616 2364 etque
1641 2319 1686 2355 ita
1713 2321 1846 2355 evanuit
1872 2319 1980 2354 Sanffi
2006 2320 2092 2356 Bast-

1210 2372 1249 2405 lii
1275 2371 1418 2411 Canon,
1442 2369 1543 2414 lapsas
1567 2369 1774 2405 Diaconiffas
1784 2370 1912 2414 privans
1924 2370 1990 2406 sola
2001 2369 2094 2405 obla·

1208 2423 1323 2462 tione,
1348 2421 1404 2456 seu
1430 2420 1560 2470 perfecti
1587 2420 1667 2459 boni
1693 2421 1931 2461 communione
1945 2445 1953 2458 .

771 2741 1255 2808 CANoN
1324 2697 1600 2822 xvj.

271 2857 415 3001 V

425 2866 640 2928 1rginem,
675 2881 772 2932 quae
807 2863 848 2913 se
883 2866 1084 2914 Domino
1127 2864 1232 2915 Deo
1278 2861 1570 2923 consecravit,
1618 2861 1815 2913 fimiliter
1860 2868 1905 2914 &
1941 2879 2091 2913 mona-

449 2936 578 2984 chum
615 2952 703 2984 non
739 2936 869 2984 licere
904 2936 1117 3003 nuptialia
1149 2939 1245 3001 jura
1278 2932 1562 2985 contrahere.
1599 2932 1735 3002 Qod
1769 2933 1800 2982 fi
1825 2934 1909 2986 hoc
1925 2935 2096 2986 inventi

274 3005 434 3057 fuerint
469 3020 788 3073 perpetrantes,
836 3008 1288 3055 excommunicentur.
1335 3001 1660 3054 Confitentibus
1707 3019 1853 3054 autem
1899 3003 2093 3055 decrevi-

276 3092 391 3135 mm,
433 3089 482 3123 ut
517 3076 673 3127 habeat
707 3076 1018 3129 authoritatem
1053 3074 1245 3146 ejusde-m
1280 3076 1369 3127 loci
1402 3073 1640 3145 Episcopus
1674 3073 2010 3153 misericordiam
2029 3076 2094 3125 eis

278 3145 683 3212 humanitatemque
707 3147 884 3211 largiri.

501 3267 935 3327 sCHOLroN.

283 3407 368 3501 IN
378 3411 491 3446 litteris
501 3413 540 3448 ad
550 3413 697 3449 Leonem
709 3414 926 3456 Catanensem
938 3413 1135 3460 Episcopum

1150 3440 1161 3457 2

358 3463 393 3497 ἀ
413 3460 597 3498 Adrianum
617 3465 794 3501 Notarium
813 3464 957 3513 queritur
978 3466 1021 3502 de
1045 3466 1163 3504 Siciliae

1221 3265 1391 3303 monachis
1400 3267 1533 3311 Sanetus
1543 3266 1723 3313 Gregorius
1734 3266 1901 3311 Magnus,
1925 3263 2016 3309 quod
2037 3274 2100 3298 mu-

1220 3318 1341 3353 lieribus
1358 3316 1423 3360 fine
1443 3318 1523 3352 metu
1538 3317 1764 3362 sejungerent.
1790 3315 1903 3360 Qam
1911 3314 2100 3359 sacrilegam
2123 3328 2150 3357 L,
2171 3330 2196 3356 g,
2223 3327 2275 3363 pp,

1223 3367 1430 3412 iniquitatem
1444 3367 1596 3405 novimus
1615 3368 1694 3402 &in
1715 3366 1788 3400 aliis
1806 3364 1889 3399 olim
1909 3363 2101 3409 regionibus
2127 3377 2171 3397 21.
2185 3376 2229 3395 ιι.

1223 3418 1393 3463 granatam
1406 3443 1415 3451 .
1433 3416 1514 3462 Ejus
1537 3419 1640 3463 prima
1661 3415 1753 3450 radix
1773 3413 1836 3448 fuit
1864 3414 2013 3458 Julianus
2034 3414 2103 3448 Au-

1224 3468 1354 3518 gustus,
1378 3467 1421 3505 de
1441 3480 1510 3515 quo
1526 3466 1682 3504 Hermias
1691 3466 1920 3501 Zozomcnus.
1947 3468 2101 3509 Regnante

1993 3515 2056 3560 μ.
