2340 3736
594 175 680 218 AD
716 172 1006 217 SYNoDuM
1042 165 1646 218 Cavarcenomnseng

251 255 288 290 in
298 252 379 289 dieta
390 255 495 289 Sancti
506 252 655 288 Flaviani
667 254 805 297 Synodo
816 254 924 289 Sansti
947 254 1069 300 Cyrilli
1085 253 1134 288 lit-

242 312 335 339 >teras
344 304 495 348 probarat
506 302 639 338 Bafilius
651 327 662 345 ,
689 305 722 338 &
731 305 923 348 adjunxerat
932 306 951 339 a
962 308 993 340 se
1006 305 1132 340 adorari

246 354 437 388 Dominum
448 354 595 388 nostrum
617 355 723 398 Iesum
745 354 912 390 Christum
929 356 964 390 in
985 355 1133 396 duabus,

246 405 349 439 etiam
358 403 431 448 post
441 404 695 445 adunationem,
710 406 855 447 naturis;
880 416 913 439 at
927 405 1002 440 vero
1014 404 1132 449 Ephesi

248 464 367 488 vocem
381 454 476 488 istam
486 451 721 499 reprehendens
739 455 775 488 &z
794 465 963 489 recantans
988 455 1132 489 dixerat:

240 504 346 536 >Adoro
357 515 449 538 unam
460 515 603 540 naturam
610 509 742 539 Deitatis
752 510 898 548 unigeniti
918 504 1111 538 inhumanati
1125 531 1131 537 .

247 553 363 600 Qate
382 554 472 589 aliud
496 555 656 594 nescivit,
683 565 782 598 quam
803 563 966 589 recantare
991 564 1134 590 recanta-

242 604 375 638 tionem
387 629 399 644 ‚
422 605 563 650 allegare
574 603 728 638 Dioscori
747 603 919 639 violentias
940 616 994 649 per
1015 605 1134 640 milites

239 653 281 688 ἃ
291 653 494 695 monachos,
519 657 553 690 &
564 665 633 688 non
643 653 761 688 mentis
772 677 784 693 ,
809 654 862 689 sed
874 655 974 690 solius
997 656 1134 691 infirmae

244 705 353 738 carnis
379 703 501 747 lapsiim
521 704 698 748 deprecari.
725 703 837 738 Etiam
859 704 877 738 a
900 705 1134 751 gloriofiffimis

244 752 406 796 judicibus
415 764 568 798 rogatus,
593 763 652 787 cur
671 752 836 788 catholice·
848 756 991 791 sentiens
1012 756 1046 789 in
1058 758 1135 792 San·

244 803 288 838 sti
301 804 453 838 Flaviani
465 803 712 844 damnationem
724 802 957 848 subscripsisset,
968 809 1111 850 reposuit
1124 833 1132 840 .

243 854 560 894 Jnjudrctumcentum
570 859 681 898 viginti
702 863 757 887 aut
777 859 904 898 trigima
922 855 1135 900 Epifi·oporum

244 904 376 937 traditus
386 905 573 943 neceffitatem
584 903 675 937 habui
695 913 806 946 parere
824 904 895 945 his,
921 918 990 948 quae
1011 907 1051 939 ab
1073 909 1134 940 illis

241 951 462 987 ordinabantur
471 979 478 986 .
507 954 562 990 Ad
573 965 643 997 quae
657 954 854 989 subsannans
865 979 876 995 ‚
902 957 936 990 ἀ
948 967 990 990 ex
1003 958 1134 1000 proprio

240 1001 339 1038 illum
349 1013 406 1045 ore
415 1003 566 1046 judicans
572 1005 759 1057 Dioscorus
773 1019 781 1038 :
806 1004 990 1048 Erubescens
1002 1006 1132 1041 homines

237 1059 463 1093 praevaricatus
474 1066 507 1088 es
517 1057 598 1098 quod
611 1055 717 1089 bonum
727 1055 788 1095 est,
812 1056 847 1089 <9⁶
864 1056 955 1099 fidem
971 1054 1133 1100 sprevisti?

241 1101 295 1135 Ita
307 1102 402 1138 illum
414 1104 458 1138 ait
473 1106 671 1149 Episcopatu
683 1116 723 1139 ex
735 1106 866 1150 propria
877 1108 1131 1142 confeffionein-

240 1150 402 1196 dignum.
432 1155 684 1202 Qare&ipse,
712 1157 748 1190 &
768 1167 889 1191 omnes
906 1157 976 1200 ejus
990 1157 1133 1202 Collegae

242 1203 456 1244 Orientales‚
483 1218 615 1241 necnon
638 1205 673 1239 &
693 1204 883 1241 Thalaffius
903 1207 1132 1248 Caesareenfis,

239 1250 405 1286 Eusebius
431 1253 651 1298 Ancyranus,
688 1267 728 1291 ac
758 1256 925 1291 Eustatius
951 1257 1133 1300 Berytensis

231 1300 426 1336 -clamarunt
437 1305 595 1349 supplices
606 1317 672 1340 una
682 1315 766 1341 voce
778 1318 786 1338 ι
799 1310 909 1341 Omnes
914 1313 1107 1350 peccavimus
1118 1332 1131 1349 ‚

241 1362 340 1385 ornnes
352 1359 474 1386 veniam
481 1355 660 1397 postulamus
672 1381 680 1388 .

292 1402 474 1438 Eusebium
494 1406 743 1451 Dorylaeensem
754 1431 766 1448 ,
791 1406 989 1452 Eutychetis
1007 1410 1133 1444 accusa·

241 1460 372 1494 torem,
398 1455 448 1488 uti
466 1456 581 1492 officio
603 1459 835 1502 perfunctum,
859 1459 878 1493 a
905 1458 1132 1504 prosequendo

239 1500 366 1545 judicio
377 1506 609 1549 appellationis
619 1509 840 1543 retradiatorio
849 1509 1030 1543 excluserat
1050 1509 1133 1543 Dio·

240 1552 376 1594 scorus,
400 1567 487 1591 onus
498 1557 581 1592 istud
605 1558 759 1601 injectum
781 1558 895 1593 volens
916 1559 1036 1594 Saniio
1061 1559 1133 1593 Fla-

239 1602 342 1637 viano
354 1627 361 1635 .
388 1605 473 1651 Qae
484 1606 566 1642 dum
577 1605 789 1642 Chalcedone
800 1609 984 1654 legerentur
997 1634 1008 1650 ,
1035 1610 1132 1644 Eusc-

241 1650 317 1686 bius
334 1653 378 1687 est
400 1655 635 1692 interlocutus:
662 1656 819 1700 Accusatus
844 1662 866 1692 ἃ
892 1671 938 1693 me
959 1659 1131 1701 Eutyches,

239 1702 323 1735 dans
332 1703 446 1738 libellos
468 1713 501 1739 in
517 1707 628 1750 sanc‘la
646 1709 777 1749 synodo,
803 1715 1043 1744 commemoravit
1061 1716 1132 1752 quia

238 1751 391 1795 accusator
400 1755 490 1797 spfius
500 1756 585 1799 fiam.
616 1761 686 1802 ,Quo
695 1766 795 1792 autem
805 1760 889 1791 modo
901 1784 913 1800 ,
936 1761 1001 1793 cum
1015 1758 1131 1802 sandlae

238 1809 388 1836 memoriae
399 1808 572 1840 Flavianus
588 1832 600 1848 ,
619 1808 873 1849 quijudicabatur
884 1834 895 1849 ‚
910 1809 1073 1850 poslulavit
1084 1822 1130 1844 me

236 1851 430 1896 accusatorem
440 1858 580 1900 ingredi,
606 1859 641 1891 &
663 1857 881 1901 Consequentia
901 1861 935 1892 (ff
953 1861 1059 1902 regulis
1084 1865 1130 1893 ita

237 1901 427 1946 volentibus,
450 1906 622 1953 prohibitus
641 1906 710 1950 sum
731 1910 868 1952 ingredi,
894 1921 962 1953 rogo
973 1915 1128 1952 perquiri.

238 1952 284 1985 Et
307 1953 510 1995 Dioscorus,
533 1957 717 2000 Juvenalis,
743 1969 781 1992 ac
801 1957 1010 1998 Thalassius,
1035 1959 1130 1994 latro-

235 2002 318 2035 cinii
331 2002 512 2045 Primates,
539 2008 555 2040 a
574 2008 722 2051 gloriosis
741 2007 905 2050 judicibus
924 2011 1030 2054 rogati
1056 2022 1129 2044 cau-

237 2052 305 2085 sam
317 2076 328 2092 ,
356 2055 574 2096 nequiverunt
585 2056 673 2090 aliud
686 2081 697 2097 ‚
724 2069 822 2101 quam
833 2059 954 2093 crimen
967 2060 1003 2093 in
1014 2059 1130 2095 Gomi-

236 2110 306 2134 tem
319 2103 491 2146 Elpidium
512 2106 547 2139 ὃς
571 2108 692 2141 sacram
713 2107 893 2150 Juffionem
915 2111 1053 2150 referre,
1081 2110 1129 2144 di-

236 2162 368 2186 ceutes:
395 2157 588 2189 venerandus
600 2161 705 2191 comes
727 2159 873 2200 Elptdius
889 2159 970 2199 juffit
985 2170 1050 2192 eum
1073 2170 1129 2192 non

237 2204 376 2245 ingredi,
401 2205 581 2246 confirmans
593 2213 666 2249 quta
675 2214 838 2250 imperator
843 2209 989 2251 jusserat.
1016 2210 1128 2259 Qare

208 2280 211 2283 .
236 2253 286 2285 uti
301 2253 484 2297 regularum
494 2255 528 2289 ὅ(
541 2257 1035 2303 consequentiae,transgressores
1047 2284 1057 2299 ‚
1071 2260 1126 2303 qui

236 2301 358 2336 sacram
382 2304 558 2346 juffionem
581 2307 778 2342 Canonibus
797 2309 964 2343 adversam
989 2309 1127 2343 admifis-

237 2352 329 2393 sent,
358 2354 447 2388 fuere
458 2356 601 2399 graviter
612 2357 752 2401 culpati.
783 2359 835 2391 Ex
859 2370 926 2402 quo
946 2360 1072 2393 rursum
1085 2359 1127 2393 vi-

235 2400 294 2435 des
307 2405 407 2437 sacras
416 2404 575 2447 ejusmodi
587 2406 737 2448 juffiones
749 2408 812 2442 esse
835 2409 958 2442 nullius
979 2421 1127 2444 momen-

235 2452 264 2484 ti
274 2476 281 2483 .
310 2454 397 2487 Istud
410 2455 564 2489 Dioscori
579 2455 698 2490 facium
712 2458 794 2492 reste
805 2458 975 2493 damnavit
990 2460 1024 2492 in
1043 2459 1127 2494 libro

235 2501 278 2535 de
298 2504 398 2537 Sectis
421 2505 525 2538 etiam
546 2506 706 2540 Leontius
727 2507 947 2543 Scholasticus
973 2509 1128 2554 Byzanti·

237 2563 321 2587 nus.

288 2602 432 2637 Addidit
455 2603 532 2637 vero
559 2605 708 2649 superbus
738 2607 936 2642 Dioscorus.-
974 2611 1127 2653 ,Quoniam

235 2653 363 2694 culpatis
374 2665 418 2686 me
430 2677 441 2694 ‚
464 2654 536 2696 ficut
547 2661 599 2696 qui
610 2656 800 2700 transgreffiis
817 2656 884 2700 sum
895 2660 1010 2702 regulas
1023 2684 1034 2700 ‚
1058 2672 1124 2703 quae

235 2713 312 2736 nunc
322 2702 520 2743 custodiuntur
529 2707 658 2749 regulae,
682 2716 717 2740 ut
737 2707 933 2741 Theodoretus
960 2711 1126 2752 ingredere-

235 2754 310 2787 tur?
335 2753 415 2796 Ejus
445 2755 649 2790 eminentem
675 2758 844 2792 scientiam
869 2759 903 2791 &
934 2760 1126 2803 generosam

234 2813 383 2837 mentem
401 2802 572 2839 horrebat.
610 2806 862 2850 Responderunt
884 2808 1017 2852 gloriosi
1041 2809 1126 2852 Judi·

234 2863 308 2887 ces:
337 2853 535 2888 Theodoretus
557 2855 723 2899 Eptftopus
751 2866 784 2891 ut
802 2856 953 2901 accusator
985 2860 1125 2903 ingressus

233 2902 296 2943 est,
314 2903 388 2945 ficut
397 2916 436 2937 ex
446 2916 516 2939 voce
535 2908 600 2946 ejus
621 2908 764 2948 audistis.
791 2909 837 2942 Et
860 2906 1015 2953 roganti,
1043 2912 1126 2953 ,Qua-

234 2952 363 2986 mobrem
380 2961 412 2987 in
435 2956 537 2988 ordine
557 2955 822 3000 Epifhopi‘fidet,
848 2959 958 2993 denuo
982 2957 1125 2994 reddide-

233 3013 334 3037 runt:
361 3004 580 3047 EtEpt'scopus
592 3006 737 3050 Eusebius
754 3033 763 3047 ,
791 3011 826 3043 <9⁶
848 3007 1015 3051 Episcopus
1037 3010 1124 3044 Theo-

233 3054 353 3086 doretus
366 3060 398 3087 m
409 3057 511 3088 ordine
524 3055 723 3099 accusantium
731 3056 854 3100 sedent,
873 3058 946 3101 ficut
968 3061 1068 3094 &vos
1090 3067 1124 3093 in

231 3104 291 3137 loco
311 3115 407 3137 eorum
420 3131 430 3145 ,
459 3111 509 3147 qui
529 3105 704 3149 accusantur
716 3132 727 3148 ,
750 3107 862 3151 sedetis
878 3133 884 3140 .
912 3110 1051 3144 Nullam
1074 3122 1124 3143 ca·

233 3153 305 3187 villi
326 3156 437 3188 ansam
457 3155 608 3190 adversus
634 3157 807 3200 Synodum
833 3159 1013 3194 Dioscorus
1036 3160 1123 3194 abire

233 3205 375 3249 permisit
389 3230 397 3237 .

283 3253 428 3300 Qvaestio
450 3256 493 3289 est
507 3280 516 3295 ‚
544 3267 691 3299 quaenam
717 3258 754 3292 sit
776 3258 832 3292 illa
853 3259 1120 3303 Consequentia,

232 3306 332 3340 toties
354 3307 388 3339 in
403 3305 454 3339 his
474 3307 508 3339 &
529 3307 601 3340 aliis
622 3307 834 3350 Synodorum
857 3309 948 3343 Astis
971 3307 1120 3348 laudata,

234 3356 347 3398 passim
360 3356 481 3400 regulis
492 3355 640 3399 adjuncta
655 3381 665 3396 ,
692 3358 725 3391 ἀ
746 3356 764 3389 ὲ
784 3369 847 3400 qua
869 3359 1120 3401 frequentissime

233 3403 315 3448 quid
327 3404 447 3440 dicitur
457 3407 527 3440 fieri
537 3417 595 3441 aut
607 3418 673 3440 non
700 3407 766 3440 fieri
776 3406 988 3450 consequenter
1002 3410 1017 3440 ?
1043 3409 1120 3442 Res-

233 3454 367 3498 pondeo
379 3456 540 3490 esseillam
556 3482 567 3498 ,
592 3458 633 3491 de
646 3469 709 3500 qua
723 3457 836 3491 nostrae.
848 3459 975 3501 Synodi
988 3457 1118 3493 Relatio

232 3504 274 3539 ad
297 3505 449 3540 Sanctum
471 3507 618 3541 Leonem
642 3508 784 3550 Papam:
814 3506 967 3552 Dioscorus
990 3511 1118 3543 Beatum

322 3554 434 3595 Chrss.
445 3558 522 3598 Lupi
532 3561 615 3599 Oper.
629 3560 705 3590 Tom.
713 3561 750 3590 11,

1203 253 1391 287 Flavianum
1410 261 1527 295 praeter
1548 266 1661 288 omnem
1680 260 1837 291 canonum
1855 257 2088 302 consequentiam

1201 304 1385 337 damnavit.
1414 303 1458 337 Et
1470 304 1507 337 in
1525 304 1643 338 litteris
1653 307 1692 340 ad
1705 307 1853 342 Leonem
1875 306 2064 353 Augustum
2076 334 2088 351 ,

1201 354 1271 396 post
1311 354 1485 397 Synodum
1520 353 1830 392 Chalcedonensem
1867 357 2087 400 exstantibus.

1201 404 1341 446 Joannes
1353 404 1521 438 Heracleae
1531 404 1710 448 Episcopus
1723 429 1733 444 ‚
1760 407 1900 452 Europae
1919 409 2090 451 Metropo-

1202 454 1257 488 lita
1267 479 1277 495 ,
1304 466 1342 488 ac
1354 456 1457 488 totius
1467 452 1638 489 Thracicae
1651 454 1828 491 dioeceseos
1838 458 1984 494 Primas:
2022 459 2090 492 Cle·
2109 451 2192 490 Epist·
2215 463 2261 487 27-

1199 510 1252 537 rici
1271 513 1384 546 praeter
1417 504 1644 546 Ecclefiasticam
1674 504 1909 548 consequentiam
1935 509 2086 542 ordinati.
2132 512 2134 514 ’

1202 554 1244 587 Et
1256 555 1290 587 in
1301 556 1373 589 aliis
1384 554 1507 589 ibidem
1519 556 1559 589 ad
1583 554 1736 589 eumdem
1762 554 1948 600 Principem
1972 558 2086 593 litteris

1200 603 1394 648 Pergamius
1407 605 1638 640 Antiochenus
1654 605 1835 649 Episcopus
1846 631 1857 646 ,
1883 606 2006 642 Pisidiae
2017 609 2090 643 Me-

1198 654 1371 696 tropolita:
1397 657 1559 689 secundum
1580 654 1817 699 consequentiam
1839 658 2015 699 regularem.
2043 659 2089 693 Si·
2108 670 2247 709 Epiffiffl,

1198 703 1289 738 milia
1302 703 1435 738 Parrum
1446 718 1483 739 ac
1505 705 1718 749 Synodorum
1740 705 1815 740 loca
1829 704 1950 740 adduci
1972 707 2088 749 poffint

1199 753 1338 797 plurima
1354 780 1361 787 .
1398 755 1542 790 Proinde
1563 753 1808 798 Consequentia
1829 757 1883 791 seu
1907 756 2088 792 Canonum

1200 805 1443 848 Consequentia
1452 817 1527 843 non
1538 806 1585 840 est
1609 804 1697 840 aliud
1711 831 1723 847 ‚
1749 818 1848 850 quam
1870 816 2017 851 tempore
2030 806 2088 841 illo

1199 855 1331 889 usitatus
1343 855 1521 890 Canonum
1533 855 1651 890 Codex
1669 880 1680 896 ,
1706 857 1742 890 in
1756 868 1823 900 quo
1835 867 1950 891 omnes
1961 855 2089 900 probati

1199 905 1376 947 Canones,
1401 916 1492 941 certo
1503 907 1558 941 seu
1569 906 1742 952 dignitatis
1765 908 1820 941 seu
1840 908 1998 950 temporis
2007 905 2090 940 ordi-

1198 965 1262 996 ne,
1290 955 1661 1001 seseconsequebantur.
1690 956 1813 992 Nostra
1838 955 1940 992 hodie
1966 957 2092 991 Conse-

1197 1007 1330 1049 quentia
1345 1007 1390 1041 est
1403 1019 1521 1051 corpus
1534 1007 1701 1043 Canonici
1714 1008 1799 1053 Juris
1808 1032 1815 1039 .

1247 1056 1300 1088 Ex
1314 1057 1694 1101 Constantinopolitanae
1715 1058 1774 1092 sub
1786 1058 1907 1092 Sansto
1927 1056 2089 1092 Flaviano

1197 1104 1520 1147 SynodiAffislesta
1531 1119 1664 1152 quoque
1683 1108 1748 1143 fuit
1770 1108 1881 1143 Sansti
1903 1108 2025 1151 Cytilli
2046 1107 2089 1143 ad

1196 1154 1359 1196 Joannem
1383 1156 1571 1191 Antiochiae
1593 1157 1815 1193 Patriarcham
1839 1159 1873 1193 δε
1894 1158 1963 1202 ejus
1984 1159 2089 1201 Syno‘

1196 1204 1276 1239 dum
1301 1206 1520 1250 pacificatoria
1547 1208 1717 1250 Epistola,
1741 1209 1821 1243 duas
1859 1208 1896 1242 in
1934 1209 2089 1242 Domino

1196 1255 1308 1297 plenas
1344 1266 1475 1291 naturas
1515 1256 1709 1301 praedicans,
1746 1269 1843 1302 atque
1867 1268 1949 1293 tunc
1974 1269 2089 1293 omnes

1196 1304 1392 1348 illyricianae
1407 1307 1581 1342 dioeceseos
1595 1307 1749 1352 Episcopi
1772 1308 2016 1343 exclamarunt:
2042 1311 2089 1342 sic

1195 1356 1341 1389 credimus
1356 1380 1366 1395 ‚
1374 1355 1441 1394 ficut
1459 1359 1493 1391 &⁵
1504 1358 1630 1396 Cyrillus
1644 1383 1650 1389 .
1679 1359 1781 1396 cyrilli
1794 1367 1909 1392 aeterna
1922 1364 2062 1392 memorla
2075 1383 2082 1389 .

1198 1405 1240 1439 Et
1254 1407 1400 1442 famosus
1413 1406 1650 1442 Theodoretus
1662 1422 1673 1442 .·
1701 1407 1869 1442 anathema
1879 1414 1906 1442 ei
1920 1432 1931 1448 ,
1952 1414 2004 1450 qui
2015 1409 2089 1441 dicit

1196 1457 1269 1489 duos
1282 1458 1377 1490 Filios
1388 1483 1396 1495 ,
1425 1462 1521 1491 Unum
1533 1463 1612 1491 enim
1623 1458 1739 1492 filium
1751 1460 1910 1493 adoramus
1928 1461 2090 1491 Dominum

1198 1505 1323 1546 nostrum
1327 1510 1360 1552 J
1362 1506 1441 1550 esum
1450 1507 1600 1548 Christum
1613 1512 1819 1551 Unigenitum.
1847 1507 2088 1543 Theodoretus

1197 1556 1452 1600 apudDioscori
1474 1559 1649 1592 fastionem
1672 1569 1741 1592 erat
1764 1560 1924 1601 suspectus
1947 1558 1989 1593 de
2008 1558 2092 1592 duo-

1198 1605 1280 1640 bus:
1308 1608 1411 1655 Qod
1423 1608 1665 1652 SanfflCyrilli
1690 1607 1869 1652 Capitula,
1895 1609 2088 1652 personam,

1196 1657 1379 1702 initamque
1403 1658 1616 1693 Ecclesiarum
1637 1670 1712 1692 cum
1740 1658 1800 1693 illo
1824 1670 1936 1702 pacem
1958 1658 2091 1693 damna-

1196 1718 1242 1742 ret
1258 1721 1267 1740 ι
1294 1708 1430 1752 &quod
1443 1707 1500 1742 sub
1515 1708 1642 1743 duabus
1655 1709 1691 1743 in
1703 1709 1857 1743 Domino
1871 1709 1995 1743 naturis
2017 1719 2091 1751 pro-

1194 1757 1335 1792 fiteretur
1360 1758 1487 1793 &duas
1512 1760 1687 1802 personas,
1714 1758 1854 1802 ideoque
1880 1759 1986 1801 Jesum
2012 1769 2090 1793 cum

1196 1807 1351 1842 Nestorio
1378 1809 1530 1843 solveret.
1571 1809 1757 1853 Utriusque
1784 1809 2000 1852 suspicionem
2029 1809 2089 1842 ista

1196 1858 1450 1893 interlocutione
1472 1860 1624 1904 purgavit
1643 1885 1649 1891 .
1679 1859 1724 1893 Et
1748 1859 1788 1892 de
1807 1859 1931 1893 eisdem
1953 1858 2088 1903 suspesti

1196 1908 1342 1952 Collegae
1365 1909 1553 1943 Orientales
1577 1909 1823 1943 acclamarunt:
1852 1910 2026 1942 Flavianus
2048 1907 2089 1952 fif

1193 1958 1348 1997 credebat,
1376 1960 1548 1992 Flavianus
1561 1957 1615 1998 ista
1637 1958 1841 2000 defendebat,
1868 1967 1923 2000 pro
1945 1957 1994 1991 kls
2019 1959 2091 1992 Fla-

1194 2014 1305 2041 vianus
1317 2010 1481 2042 damnatus
1493 2009 1530 2049 est
1543 2033 1550 2041 .
1577 2007 1728 2052 Eusebius
1749 2008 1919 2048 Nestorium
1938 2007 2089 2051 deposuit.

1195 2055 1347 2101 Dioscorus
1356 2058 1450 2100 fidem
1457 2064 1587 2100 corrupit
1598 2084 1605 2089 .
1634 2058 1767 2106 Qibus
1776 2069 1816 2092 ex
1831 2058 1937 2092 verbis
1948 2058 2086 2102 quidam

1194 2107 1310 2141 volunt
1346 2107 1522 2142 Eusebium
1561 2108 1707 2151 Dorylaei
1744 2109 1968 2152 Episcopum,
2007 2107 2087 2145 licet

1192 2155 1292 2192 hodie
1303 2169 1370 2191 non
1397 2158 1553 2192 habeatur
1570 2157 1785 2201 subscriptus,
1815 2158 1950 2193 adfuisse
1974 2159 2085 2202 primae

1193 2208 1330 2250 synodo
1342 2207 1530 2251 Ephesinae.
1563 2208 1618 2242 Ut
1640 2218 1676 2241 ut
1701 2208 1762 2249 fit,
1790 2218 1915 2242 certum
1938 2208 1985 2242 est
2009 2220 2089 2243 eum

1195 2269 1263 2292 non
1297 2258 1407 2293 minus
1455 2258 1658 2292 Nestorianae
1685 2281 1696 2297 ‚
1733 2270 1830 2302 quam
1869 2257 2087 2301 Eutychiana

1192 2307 1398 2352 blasphemiae
1409 2308 1499 2342 fuisse
1510 2309 1679 2343 adversum
1690 2334 1698 2341 .
1737 2308 1887 2344 Unde&
1900 2308 2060 2352 AEgyptii
2075 2334 2088 2350 ,

1192 2359 1356 2393 Dioscoro
1369 2357 1572 2393 addistiffimi
1587 2383 1596 2399 ,
1611 2358 1766 2402 Episcopi
1781 2360 1868 2392 fuere
1880 2358 2067 2401 adstipulari
2081 2372 2089 2391 :

1193 2413 1302 2443 Omnes
1308 2408 1348 2451 fic
1357 2411 1504 2442 credimus
1515 2432 1525 2447 ,
1545 2407 1672 2452 ficsaplt
1689 2407 1847 2451 universus
1864 2409 1993 2442 mundus
2005 2434 2012 2441 .
2044 2409 2092 2443 Et

1193 2458 1272 2493 hinc
1285 2459 1462 2504 agloriofis
1474 2457 1636 2501 judicibus
1652 2460 1784 2493 fuerunt
1808 2459 1927 2493 merito
1953 2459 2089 2493 interto-

1191 2511 1282 2554 gati:
1309 2511 1382 2553 ,Qua
1404 2515 1519 2543 ratione
1546 2509 1716 2549 Eutychen,
1743 2509 1792 2542 his
1817 2514 1968 2542 contraria
1989 2510 2090 2542 dicen-

1190 2569 1271 2600 tem,
1300 2565 1333 2592 in
1342 2565 1568 2592 communionem
1585 2558 1748 2602 suscepistis
1764 2583 1775 2598 ,
1803 2560 1991 2592 Flavianum
2015 2561 2088 2592 vero

1190 2611 1225 2644 &²
1240 2608 1407 2653 Eusebium
1420 2634 1430 2649 ,
1456 2609 1503 2641 his
1514 2608 1580 2651 usbs
1594 2634 1605 2649 ‚
1631 2607 1799 2652 deposuistis
1813 2609 1826 2641 ?

1242 2660 1337 2693 Lesta
1349 2661 1411 2693 fuit
1423 2660 1456 2693 &
1467 2658 1562 2693 devia
1576 2659 1790 2693 interlocutio
1800 2683 1810 2699 ,
1841 2670 1905 2702 qua
1918 2658 2086 2693 Eustatius

1190 2710 1372 2751 Berytensis
1395 2710 1600 2752 Episcopus,
1641 2708 1806 2743 laudatam
1829 2709 1937 2743 Sancti
1963 2708 2086 2752 Cyrilli

1192 2759 1369 2802 Epistolam
1383 2784 1393 2800 ‚
1420 2759 1669 2804 ptaedicatasque
1695 2758 1736 2793 ab
1759 2758 1813 2793 illa
1834 2758 1914 2795 duas
1939 2759 2083 2792 Domini

1189 2820 1318 2844 naturas
1328 2821 1368 2843 ex
1380 2809 1454 2843 aliis
1466 2808 1607 2852 ejusdem
1620 2810 1777 2854 Epistolis
1791 2819 1928 2858 conatus
1952 2807 1993 2843 ad
2019 2808 2085 2850 Eu-

1188 2858 1453 2904 tychetisdeliria
1464 2858 1676 2904 detorquere,
1704 2860 1852 2894 dixerat:
1884 2857 1957 2892 Non
1969 2868 2083 2902 oportet

1188 2911 1346 2954 intelligere
1359 2911 1438 2943 duas
1451 2918 1579 2944 naturas
1595 2935 1606 2951 ,
1627 2909 1687 2954 sed
1703 2922 1795 2943 unam
1811 2913 1868 2943 Dei
1883 2909 1969 2946 verbi
1985 2916 2084 2943 incar-

1189 2970 1313 2993 natam.
1352 2958 1409 2994 Ad
1430 2971 1501 3004 quae
1526 2960 1715 2995 Orientales
1741 2960 1896 3003 Episcopi
1918 2960 2082 2994 exclama⁴

1187 3021 1262 3044 runt
1276 3025 1287 3044 :
1313 3010 1371 3052 Ista
1383 3010 1527 3050 Eutyches
1538 3012 1611 3043 dicit
1623 3034 1634 3050 ‚
1658 3010 1721 3044 haec
1735 3008 1885 3053 Dioscorus
1897 3011 1972 3043 dicit
1988 3035 1997 3043 .
2019 3009 2081 3043 Re-

1189 3062 1295 3104 posuit
1307 3062 1384 3094 vero
1398 3061 1579 3094 Dioscorus
1593 3074 1603 3094 :
1618 3065 1725 3102 Neque
1735 3059 1926 3102 confusionem
1939 3061 2080 3098 dicimus,

1189 3122 1279 3152 neque
1289 3109 1480 3150 divisorum,
1504 3121 1597 3152 neque
1606 3109 1834 3151 conversionem.
1864 3109 2080 3145 Confusionis

1186 3161 1307 3204 dogma
1345 3158 1514 3201 Eutyches
1553 3160 1594 3194 ab
1623 3160 1835 3204 Apollinario
1857 3185 1867 3201 ‚
1910 3159 2082 3203 Apollina-

1186 3210 1247 3242 rius
1265 3218 1429 3252 acceperat
1452 3208 1494 3242 ab
1515 3209 1674 3252 Arianis,
1700 3221 1845 3254 quorum
1866 3211 1995 3244 sensum
2016 3209 2082 3243 ele-

1186 3258 1464 3304 ganterfflucide
1485 3261 1623 3304 exponit
1644 3259 1845 3296 Phoebadius
1858 3283 1869 3299 ‚
1897 3259 2079 3304 Agennen-

1186 3312 1220 3343 lis
1242 3310 1274 3343 in
1296 3309 1405 3343 Gallia
1439 3310 1642 3353 Episcopus,
1670 3312 1705 3344 in
1732 3312 1875 3344 virorum
1900 3309 2078 3344 illustrium

1184 3360 1335 3404 catalogo
1362 3371 1417 3401 per
1448 3360 1600 3394 Sanctum
1626 3362 1874 3403 Hieronymum
1906 3357 2076 3395 laudatus:

1182 3410 1335 3454 Duplicem
1347 3409 1469 3443 Christi
1483 3410 1625 3444 Domini
1639 3421 1789 3444 naturam
1802 3408 1982 3450 fivestatum
1996 3435 2006 3450 ‚
2020 3421 2079 3447 non

1181 3460 1388 3501 conjund‘lum,
1409 3458 1467 3503 sed
1485 3458 1635 3503 confusum
1658 3461 1753 3493 vultis
1779 3461 1900 3500 videri,
1928 3469 1960 3494 ut
1985 3464 2077 3494 etiam

1181 3516 1268 3543 unitis
1292 3509 1437 3556 vestrum,
1467 3511 1502 3543 id
1523 3510 1583 3551 est,
1609 3513 1729 3544 Patami
1759 3509 1911 3554 Epistola,
1939 3521 2007 3551 quq
2031 3509 2077 3542 ad

1318 3562 1324 3572 ¹
1635 3559 1651 3593 1
1663 3560 1675 3594 i
1925 3565 2029 3594 orim-
