2340 3736
129 949 215 986 Epist.
234 959 277 990 59.

123 1000 170 1027 71.

121 1252 225 1295 'Enim
231 1266 254 1293 9.

121 2123 255 2162 Epist-47·

125 2719 208 2752 Fpi‘l.
217 2730 224 2746 ι
234 2730 277 2749 Ao.

123 2758 225 2799 Epista
235 2769 245 2786 2
254 2768 280 2795 3.

124 2875 207 2913 Epist·
217 2885 227 2905 1
236 2885 280 2912 19.

131 3366 213 3405 Epist.
224 3377 230 3395 ι
243 3375 282 3403 13.

341 130 413 164 60

290 213 353 238 tum
373 205 558 237 ordinatione
567 199 730 244 postulanti
745 198 834 247 sacra
844 199 978 242 Ecclefiae
989 199 1087 244 vasa,
1115 210 1169 241 quo

292 267 356 288 eum
371 255 486 297 pudore
501 251 703 297 sufflandum,
731 249 856 293 mtfiffet,
884 251 1009 287 Eadem
1034 249 1075 284 de
1095 259 1168 283 cau-

293 306 324 339 sa
346 315 395 340 tot
415 304 616 340 calamitates
636 300 655 334 ὸ.
676 299 856 336 Gullielmo
879 299 1021 338 secundo
1044 298 1170 342 Anglo·

293 367 364 390 rum
388 355 481 399 Rege
501 353 604 396 paffus
625 349 671 387 est
693 350 823 388 Sanetus
842 349 1018 388 Anselmus
1041 349 1171 391 Episco-

295 417 354 452 pus
376 402 637 440 Cantuariensis.
664 398 762 438 ,Adeo
783 400 917 448 antiqua
939 398 984 436 est
1006 398 1174 436 Palatium

885 113 1519 164 DlsseRTATIo

1238 196 1359 234 testatis
1376 198 1529 234 adversus
1549 200 1737 235 Romanam
1748 201 1999 245 appellationem
2012 202 2112 238 obex:

1234 250 1328 290 Opus
1347 247 1502 283 Dioscori
1516 272 1526 288 ,
1551 249 1748 296 Eutychetis
1760 275 1770 292 ‚
1796 263 1834 285 ac
1845 250 2042 297 Chrysaphii
2055 254 2120 287 Eu-

1237 295 1338 331 nuchi
1355 321 1361 328 .
1388 296 1490 342 Qod
1510 299 1874 344 tamen-Theodoretus
1892 302 2036 338 Romam
2050 314 2120 338 tan-

1235 346 1310 383 dem
1330 346 1492 381 accesserit
1505 371 1515 387 ,
1540 347 1672 383 testatur
1691 349 1864 387 Liberatus
1881 352 2119 398 Carthaginen-
2136 357 2219 386 Cn.

1238 399 1277 435 fis
1297 423 1304 434 ,
1332 395 1494 441 Legendae
1515 396 1706 439 appellantis
1727 401 1878 444 Epistolae
1903 426 1914 442 ‚
1949 404 2119 447 insigniter

294 467 368 494 mm
389 455 565 491 Procerum
585 463 623 486 ac
645 450 788 494 ipsorum
810 451 943 493 Regum
967 449 1009 484 ad
1044 448 1175 492 Episco-
1238 448 1445 495 praedicantes
1466 446 1625 480 Romanae
1646 447 1795 486 Ecclefiae
1805 453 1984 495 supremum
1999 453 2118 487 Priman
2136 469 2216 509 Epist.
2229 478 2258 500 ς,
2266 475 2296 501 6.

296 516 412 553 porum
433 503 604 540 electiones
625 500 891 538 concurrentium
910 499 1046 533 simonia
1070 521 1076 528 .
1104 497 1175 530 Me—

1241 509 1311 533 tum
1331 523 1338 530 .
1366 496 1484 534 Suadet
1510 497 1687 537 Pontifici,
1709 506 1743 531 ut
1762 500 1916 544 Apfidica
1942 504 2119 538 wehmare

297 557 362 594 rito
387 553 539 597 Synodus
560 549 835 587 Chalcedonensis
853 549 1003 585 unanimi
1023 547 1174 581 omnium
1238 556 1341 586 utatur
1355 571 1366 588 ,
1391 548 1425 582 &
1448 547 1633 584 universum
1646 546 1842 590 Ephefinum
1856 551 2065 589 latrocinium
2076 555 2121 586 ad

298 605 534 649 Episcoporum
553 601 790 637 acclamatione
800 599 1012 636 canonizavit
1026 598 1177 632 §anuum

297 655 513 696 Flavianum,
539 653 805 696 Episcopumque
817 649 858 687 ab
880 649 1063 693 Episcopo,
1088 646 1175 690 quasi

297 705 316 742 a
340 706 437 742 fratre
453 705 582 741 fratrem
605 700 802 739 trucidatum
822 698 995 745 appellavit
1017 698 1178 731 secundum

299 754 389 790 Abel.
417 755 460 793 Et
481 753 521 787 ad
543 750 637 785 hasce
657 747 823 796 tragaedias
846 745 994 786 Andreas
1010 748 1044 781 &
1068 747 1180 785 Eufra-

298 816 367 844 tas‚
395 803 537 839 Diaconi
558 798 923 843 Constantinopolitani
945 822 956 841 ,
994 798 1082 831 fuere
1101 807 1180 835 coo-

297 855 417 898 perati,
446 864 528 897 quos
548 850 669 895 proprii
693 848 845 893 Episcopi
856 849 948 883 fuisse
959 849 1181 895 accusatores,

298 903 408 942 scribit
434 903 566 937 sanstus
586 901 656 935 Leo
671 899 829 935 Pontifex
840 899 880 938 ad
892 898 1057 941 Julianum
1073 896 1180 930 Coen-

299 957 367 988 sem
402 954 600 997 Episcopum
625 970 637 996 ³
671 950 706 990 βε
727 948 925 989 Anatolium
945 946 1093 987 Flaviani
1115 947 1180 980 suci

296 1005 449 1042 cessorem
461 1027 469 1035 .

347 1054 458 1087 Etiam
478 1051 594 1090 Sedem
618 1049 843 1094 Apostolicam
864 1047 1038 1093 appellavit
1065 1071 1075 1086 ,
1113 1046 1180 1084 Ro-

296 1109 450 1146 mamque
481 1102 566 1146 fugit
592 1125 603 1141 ‚
641 1098 791 1138 Flaviani
816 1100 934 1139 sortem
956 1110 993 1132 ac
1015 1096 1116 1131 Oasin
1143 1096 1180 1131 ti·

295 1164 388 1190 mens
406 1175 416 1190 ‚
443 1150 601 1190 Eusebius
621 1149 833 1192 Doryleeuiis
860 1161 874 1182 .··
899 1149 983 1190 Item
1005 1158 1063 1196 pro
1084 1148 1115 1180 se
1141 1157 1178 1184 ac

294 1202 455 1240 Flaviano
478 1201 643 1244 Episcopo
664 1200 722 1237 fiio
744 1198 943 1243 appellavere
955 1197 1076 1236 Clerici
1089 1196 1179 1233 Con-

293 1250 601 1294 stantinopolitani.
631 1248 724 1286 Hinc
745 1250 835 1288 enirn
857 1250 928 1289 Leo
941 1246 1095 1281 Pontifex
1108 1247 1178 1282 scri-

293 1301 342 1336 bit
368 1300 409 1335 ad
431 1299 639 1340 Pulcheriam
664 1299 849 1345 Augustam
870 1324 877 1330 .
914 1299 1000 1342 ‚Quia
1015 1302 1152 1334 novimus
1168 1320 1179 1335 ‚

294 1352 440 1395 quantiam
496 1356 534 1388 1ae
560 1348 743 1394 solicite-'dini
774 1348 936 1387 Catholicis
972 1345 1177 1384 sacerdotibus

293 1358 495 1445 Mansuetudg
512 1400 610 1441 vestra
621 1402 758 1444 dignetur
771 1399 958 1441 impendere,
984 1398 1177 1435 indicandum

292 1454 342 1495 effe
362 1456 533 1487 curavimus
547 1449 682 1492 fratrem
702 1452 736 1490 Φ·
757 1447 961 1492 Coepiscopum
979 1447 1103 1490 nostrum
1115 1449 1176 1483 Eu-

288 1501 401 1548 fabium
423 1494 568 1544 nobiscum
592 1502 715 1549 degere,
742 1501 776 1533 (θ’
795 1498 898 1539 nostra·
916 1492 1122 1535 communionis
1138 1495 1177 1539 es·

291 1549 493 1595 seconsortem
504 1574 515 1590 ,
539 1552 623 1591 cujus
634 1550 869 1587 commendamus
883 1546 1060 1591 Ecclefiam,
1085 1556 1176 1590 quam

295 1603 406 1634 dicitur
427 1600 565 1640 vastare,
591 1605 643 1641 qui
659 1600 705 1632 illt
729 1598 832 1639 iniust&
843 1597 975 1640 affer-itur
983 1594 1176 1642 subrogatus:

295 1651 376 1684 Illud
395 1656 485 1687 etiam
507 1651 527 1685 ἃ
550 1647 647 1689 vestra
670 1651 786 1683 Pietate
791 1646 941 1691 poscentes
955 1671 966 1686 ,
991 1656 1025 1680 ut
1035 1645 1178 1687 Constan-

296 1703 501 1742 nnopolitanos
532 1693 659 1736 Clericus
686 1724 696 1743 ‚
733 1704 785 1740 qui
798 1696 916 1740 sanc‘lae
936 1702 1083 1731 memoriae
1106 1696 1176 1728 Fla-

297 1757 388 1784 viano
405 1749 546 1792 fidelihus
567 1749 664 1790 officiis
685 1746 857 1790 adhaesere‚
883 1759 921 1782 ea
935 1771 945 1791 ,
970 1758 1030 1789 quo
1042 1745 1176 1785 debetis,

294 1795 411 1844 Regiae'
429 1799 639 1842 proteffionis
655 1803 759 1842 gratia
774 1796 933 1839 foveatis.
961 1797 1003 1833 Et
1016 1795 1114 1830 hosce
1123 1807 1177 1839 apv

295 1851 511 1893 pellationum
536 1848 661 1886 libellos
682 1849 829 1885 Renatus
858 1859 895 1880 ac
918 1847 1066 1883 Hilarius
1078 1846 1177 1890 Lega-

295 1901 319 1932 ti
346 1900 489 1935 Romam
514 1908 704 1942 portarant,
730 1897 897 1939 exstatque
919 1896 1041 1934 laudati
1065 1894 1177 1929 Ponti·

294 1949 363 1985 ficis
389 1947 557 1992 Epistola,
584 1959 646 1991 qua
666 1949 820 1984 Sanctum
841 1946 1036 1980 Flavianum
1060 1945 1176 1979 intan-

293 1999 335 2032 tis
356 1997 514 2043 angustiis
535 1997 678 2037 solatur,
704 1997 739 2030 ὃ(
759 1996 880 2034 auxilia
902 1995 1059 2039 spondet..

343 2050 397 2085 De
416 2047 548 2090 reliquis
556 2047 772 2090 postsuorum
793 2047 996 2090 Legatorum
1008 2046 1120 2089 fugam
1133 2044 1176 2080 la-

292 2098 426 2136 trocinii
445 2097 534 2134 Astis
555 2095 621 2133 haec
633 2096 790 2132 Pontifex
804 2094 843 2131 ad
855 2094 1026 2138 Synodum
1039 2094 1175 2129 Chalce-

293 2147 487 2184 donensern..
515 2147 642 2179 Plurimi
665 2144 824 2191 Episcopi,
852 2151 902 2186 qut
922 2143 1041 2186 baereſsn
1063 2156 1120 2179 non
1131 2157 1173 2179 re-

293 2206 453 2240 ceperunt,
474 2195 596 2240 sedibus
614 2193 678 2239 suis
695 2195 784 2238 fuere
801 2191 895 2236 pulfi,
922 2194 956 2232 (⁸5
979 2199 1012 2226 in
1022 2195 1112 2229 exilia
1126 2196 1172 2237 dc-

291 2254 428 2290 portati,
453 2256 543 2289 atque
563 2252 596 2281 in
617 2247 706 2279 locum
725 2243 915 2288 superstitum
936 2245 990 2276 alii
1007 2242 1172 2286 substituti·

294 2297 458 2334 Omnium
481 2294 587 2339 primo
606 2294 744 2337 dejectus
766 2294 827 2328 fuit
852 2292 1089 2329 Theodoretus
1111 2295 1176 2336 Cy-

295 2348 413 2386 renfis,
441 2343 626 2384 inauditus,
651 2355 720 2377 non
744 2344 883 2382 citatus,
908 2341 1175 2379 absensultratri-

295 2399 389 2442 ginta
413 2396 558 2440 quinque
578 2393 759 2435 manfiones
779 2418 790 2434 ‚
824 2405 862 2426 ac
884 2401 975 2430 extra
1004 2392 1173 2435 Synodum

296 2449 381 2483 intra
395 2447 485 2491 suam
496 2445 661 2479 civitatem
671 2444 774 2479 exilio
786 2443 1042 2485 circumscriptus
1056 2468 1062 2473 .
1074 2443 1169 2476 Dam-

296 2496 441 2531 nationis
460 2495 552 2536 causa
565 2495 627 2528 suit
640 2493 846 2539 impugnatio
859 2492 1089 2535 Capitulorum
1101 2492 1176 2525 San-

295 2546 338 2588 {ii
359 2545 478 2592 Cyrilli
499 2545 599 2580 etiam
621 2544 689 2587 post
712 2544 828 2576 initam
851 2553 963 2585 pacem
986 2566 996 2582 ,
1024 2541 1079 2576 ubi
1106 2543 1177 2575 serie

296 2597 346 2632 bit
369 2597 435 2642 ipse
456 2594 497 2632 ad
518 2595 725 2637 Sporacium.
753 2592 845 2626 Hinc
865 2592 1006 2627 creditus
1027 2592 1072 2629 est
1094 2592 1176 2626 duos

296 2647 362 2681 Dei
387 2646 495 2687 filios,
521 2646 575 2678 seu
593 2644 674 2686 duas
697 2644 730 2679 in
756 2642 887 2677 Christo
910 2643 1062 2678 Domino
1074 2644 1176 2687 perso-

297 2709 353 2730 nas
384 2708 459 2734 cum
493 2694 648 2735 Nestorio
674 2704 778 2730 errare
803 2718 810 2728 .
848 2691 1033 2737 Episcopali
1054 2692 1178 2731 domo,

297 2746 390 2781 omni
420 2745 593 2779 substantia
611 2767 626 2785 ¹,
661 2756 698 2778 ac
721 2744 787 2787 ipsa
807 2743 938 2785 civitate
961 2753 1040 2783 mort
1062 2742 1177 2785 ejectus

299 2797 341 2829 est
356 2820 365 2837 ‚
392 2797 496 2833 vivere
505 2796 634 2831 coae'tus
650 2794 691 2828 de
703 2794 909 2836 eleemosyna
920 2792 1101 2829 amicorum
1112 2791 1177 2826 col-

299 2846 441 2889 legarum
453 2870 463 2886 ,
488 2855 628 2889 quorum
649 2854 734 2878 unus
754 2844 816 2877 fuit
836 2842 988 2884 Uranius
1000 2842 1178 2886 Episcopus

299 2896 491 2930 Emesenus.
516 2895 608 2931 Hinc
623 2905 678 2940 per
687 2893 882 2929 Anatolium
897 2891 1073 2929 Patricium
1086 2891 1179 2926 Prin-

300 2946 365 2988 cipi
387 2946 543 2988 supplicat
565 2956 620 2985 aut
641 2943 894 2988 appellationem
919 2943 1009 2976 suam
1033 2942 1179 2984 prosecu-

298 3005 389 3029 turus
416 2994 557 3028 Romam
589 2994 740 3030 accedere
766 3018 776 3033 ‚
817 3002 873 3029 aut
906 2992 990 3027 certe
1010 2992 1113 3026 redire
1137 2990 1178 3025 ad

301 3046 395 3081 suum
408 3067 419 3083 ,
446 3044 480 3077 in
500 3055 565 3087 quo
588 3045 672 3083 olim
693 3042 894 3078 monachum
908 3041 1061 3085 professus
1074 3066 1085 3081 ,
1110 3052 1180 3075 mo-

1234 597 1322 644 suum
1342 598 1502 635 Concilium
1525 598 1668 634 advolare
1686 603 1865 640 praecipiat.
1894 599 1988 639 Nam
2000 604 2035 639 &
2048 604 2119 638 uni.

1240 649 1363 682 versam
1387 647 1559 693 Synodum
1579 647 1986 692 Constantinopolitanam
2000 653 2121 687 Dama·-

1242 698 1290 731 sus
1316 697 1473 733 Pontifex
1496 697 1640 732 Romam
1661 699 1832 737 evocavit.
1860 699 1975 734 Tanta
1998 700 2121 736 Roma-

1240 759 1286 781 no
1309 747 1471 789 Episcopo
1494 746 1556 784 fuit
1576 749 1697 791 semper
1718 748 1890 787 austeritas
1901 749 2000 787 etiam
2018 750 2054 785 in
2065 751 2123 798 Sy-

1240 795 1367 831 nodum
1390 796 1534 830 Eccleliae
1552 798 1751 840 generalem.

1290 846 1456 880 Secundus
1479 845 1612 889 dejectus
1630 848 1808 892 Episcopus
1834 849 1897 884 fuit
1919 848 1989 883 lbas
2000 849 2124 884 Metro·

1242 896 1346 943 polita
1367 896 1542 932 Edeffenus
1566 920 1578 935 ,
1603 908 1732 945 propter
1758 900 1913 937 famosam
1940 899 2124 943 Epistolam

1241 947 1391 990 scriptam
1412 946 1453 980 ad
1479 946 1602 985 Marini
1623 947 1760 982 Persidis
1780 949 1982 996 Episcopum
2007 972 2018 989 ‚
2042 950 2124 993 inju-

1241 997 1357 1035 riosam
1379 997 1413 1033 in
1438 994 1591 1032 sancium
1612 996 1775 1045 Cyl-illum
1797 998 1832 1033 &
1858 998 2009 1041 Capitula
2030 998 2096 1043 ejus
2111 1024 2122 1039 ,

1242 1059 1301 1082 nec
1335 1059 1405 1081 non
1434 1046 1479 1082 ob
1506 1047 1596 1090 supra
1624 1056 1837 1084 memoratam
1864 1047 2121 1092 blasphemiam:

1241 1102 1313 1130 Non
1334 1098 1456 1134 invideo
1483 1096 1597 1137 Christo
1610 1097 1697 1140 fac‘lo
1718 1101 1779 1131 Deo
1792 1122 1803 1138 ,
1827 1099 2059 1141 quiapoffumr&
2073 1111 2129 1143 ego.

1235 1147 1301 1189 fieri
1314 1170 1322 1179 .
1348 1146 1533 1186 Damnatus
1549 1147 1593 1180 est
1609 1147 1722 1182 absens
1737 1172 1747 1188 ‚
1774 1147 1960 1190 inauditus,
1985 1147 2124 1193 synodo

1240 1197 1344 1233 adesse
1371 1207 1441 1230 non
1467 1197 1629 1240 permissus
1643 1222 1652 1246 7
1677 1197 1844 1237 Eutyches,
1868 1197 1975 1241 inquit
1996 1198 2063 1241 ipse
2081 1198 2122 1232 ad

1241 1246 1410 1295 Synodum
1433 1246 1754 1289 Chalcedonensem,
1781 1248 1931 1281 adversas
1951 1259 1998 1283 me
2017 1256 2073 1290 pro
2086 1247 2125 1290 fi·
2145 1264 2240 1302 Λευ,

1241 1299 1278 1330 de
1302 1298 1440 1340 quaedam
1453 1296 1542 1343 falsa
1561 1298 1705 1339 confinxit
1717 1321 1727 1338 ,
1754 1309 1804 1330 nec
1825 1308 1870 1333 me
1882 1304 1914 1331 in
1927 1299 2070 1338 synodum
2079 1303 2124 1330 in-

1239 1347 1333 1392 rerrffe
1352 1346 1506 1392 permiste,
1529 1355 1586 1389 per
1606 1349 1808 1391 quadraginta
1833 1346 1990 1388 mansiones
2010 1355 2068 1389 per
2077 1349 2125 1382 di-

1240 1396 1341 1440 vorsos
1361 1398 1407 1430 ad
1422 1403 1552 1431 invicem
1570 1395 1755 1442 succedentes
1777 1399 1897 1430 ordines
1922 1399 2034 1430 direxit
2053 1408 2098 1431 me
2112 1421 2124 1438 ,

1239 1452 1348 1491 viginti
1370 1448 1500 1489 amphias
1521 1459 1649 1485 carceres
1673 1453 1811 1486 mutavi,
1835 1449 1900 1483 ciem
1922 1447 2002 1489 effem
2015 1453 2048 1479 in
2059 1458 2126 1480 car-

1238 1502 1353 1537 cerc->ia
1373 1496 1527 1533 Antiochia
1543 1502 1577 1533 in
1601 1499 1704 1534 ordine
1726 1501 1851 1533 Comitis
1864 1522 1871 1530 .
1898 1498 1924 1531 F
1928 1497 2005 1533 uisi'e
2017 1498 2124 1540 Syno-

1231 1547 1282 1582 ‘do
1301 1546 1469 1584 exclusum
1480 1547 1498 1581 ὲ
1511 1546 1693 1592 Crysaphio
1705 1546 1868 1584 Eunucho
1879 1547 2013 1582 testatur
2022 1547 2122 1582 etiam

1240 1596 1406 1637 Liberatus
1426 1597 1614 1631 Diaconus.
1642 1598 1801 1641 Evagrius
1813 1594 2121 1640 Epiphanienlisaed*
2141 1614 2166 1641 C
2182 1621 2225 1642 η,

1238 1646 1285 1686 dit
1307 1648 1499 1686 damnatum
1522 1646 1555 1679 δε
1575 1646 1643 1689 ejus
1671 1648 1760 1688 supra
1787 1656 2005 1680 memoratum
2026 1656 2128 1689 nepo-

1238 1707 1303 1734 tem
1324 1696 1500 1732 Danielem
1521 1695 1698 1731 'Carrorum
1722 1695 1923 1738 Episcopum
1948 1694 1993 1738 ob
2016 1695 2121 1733 crimi-

1239 1757 1278 1781 na
1307 1746 1356 1782 illi
1381 1745 1530 1793 imposita
1556 1756 1653 1795 atque
1683 1745 1816 1783 discussa
1839 1746 1874 1779 in
1897 1744 2036 1792 Synodo
2063 1744 2122 1781 Be-

1238 1796 1356 1840 rytenfi
1369 1819 1377 1831 .

1284 1846 1429 1893 Qartus
1451 1844 1623 1881 damnatus
1643 1844 1706 1879 fuit
1729 1844 1921 1885 Sabinianus
1939 1843 2120 1887 Episcopus

1238 1894 1420 1934 Perrhenfis
1442 1895 1476 1928 in
1500 1895 1673 1929 Provincia
1691 1894 1889 1935 Eufratefia‚
1915 1893 2004 1938 quod
2017 1891 2120 1928 Atha-

1238 1945 1324 1984 nasio
1350 1956 1405 1989 per
1423 1944 1598 1982 Domuum
1627 1944 1846 1981 Patriarcham
1867 1942 2119 1982 Antiochenum

1236 1994 1446 2038 dejefioesset
1459 1995 1736 2039 superordinatus.
1755 1996 1905 2033 Domum
1918 1993 2027 2029 oderat
2038 1993 2123 2028 Dio-

1238 2046 1343 2084 scorus
1369 2069 1380 2085 ‚
1402 2053 1497 2088 atque
1519 2045 1564 2082 ita
1586 2045 1735 2080 adversus
1756 2045 1850 2081 illum
1873 2045 1912 2079 ad
1940 2043 2004 2079 hoc
2024 2044 2120 2079 latro-

1235 2096 1361 2129 cinium
1374 2096 1561 2138 provocavit
1571 2092 1767 2130 Athanasius
1778 2116 1789 2132 ‚
1815 2093 2123 2136 Episcopatumque,

1237 2144 1312 2179 licet
1334 2145 1480 2189 legitime
1499 2144 1635 2186 dejedkus
1651 2167 1662 2184 ,
1687 2142 1816 2177 remisso
1839 2142 1879 2177 'ad
1903 2143 1998 2179 suum
2009 2154 2124 2175 mona-

1236 2195 1365 2232 sterium
1390 2194 1591 2235 Sabiniano,
1618 2193 1837 2236 recuperavit.
1866 2191 1983 2224 Exstat
2004 2189 2121 2228 Theo-

1235 2244 1340 2283 doreti
1352 2245 1392 2278 ad
1403 2243 1617 2281 Sabinianum
1630 2242 1773 2285 Epistola
1785 2240 2003 2277 consolatoria
2014 2265 2025 2282 ,
2042 2252 2119 2277 eum

1236 2295 1374 2341 graviter
1395 2303 1534 2338 arguens
1556 2316 1567 2332 ‚
1592 2291 1682 2336 quod
1704 2289 1884 2334 recipiendi
1906 2289 2118 2334 Episcopatus

1236 2342 1412 2387 cupiditate
1433 2343 1593 2386 cogitaret
1616 2340 1829 2383 Eutychiana:
1840 2339 1974 2374 fastioni
1989 2340 2120 2375 accede-

1236 2405 1291 2432 re,
1316 2392 1531 2435 confiterique
1551 2402 1650 2426 unam
1673 2401 1819 2426 naturam
1843 2390 2034 2426 Deitatisin
2045 2390 2119 2424 Do·

1236 2443 1329 2480 mino
1348 2453 1443 2484 atque
1456 2441 1668 2478 humanitatis
1681 2465 1688 2472 .
1716 2439 1763 2477 At
1787 2439 1922 2473 mutasse
1943 2438 2118 2484 cogitatio-

1242 2503 1297 2527 nes
1315 2491 1410 2526 docet
1433 2492 1500 2534 ejus
1521 2490 1695 2533 appellatio
1716 2489 1757 2523 ad
1778 2491 1925 2525 Leonem
1942 2488 2064 2535 Papam
2084 2490 2118 2528 ὅ(
2137 2483 2255 2521 Αᾶϋ4·

1236 2542 1407 2586 Synodum
1432 2539 1750 2578 Chalcedonensem.
2275 2539 2279 2544 ’

1287 2591 1446 2636 Evagrius
1468 2589 1718 2633 Epiphanienfis
1739 2590 1829 2625 addit
1850 2588 1988 2634 dejectos
2017 2590 2116 2625 etiam
2140 2606 2196 2634 να,
2216 2610 2294 2632 cao.

1237 2641 1435 2685 Aquilinum
1461 2640 1570 2681 Bibli,
1595 2641 1748 2679 Irenaeum
1769 2640 1857 2683 Tyri
1883 2665 1894 2680 ,
1920 2652 1957 2674 ac
1977 2637 2118 2683 Sophro-

1238 2692 1329 2726 nium
1356 2691 1552 2734 Episcopum
1579 2690 1989 2734 Constantinopolitanum
2013 2714 2020 2722 .
2059 2689 2116 2725 Est

1235 2741 1390 2776 mendum
1417 2766 1424 2773 .
1459 2739 1660 2783 sophronius
1679 2741 1768 2774 enim
1791 2751 1859 2773 non
1883 2739 2118 2776 Constantino-

1237 2792 1402 2836 politanus
1426 2815 1436 2832 ‚
1472 2791 1525 2824 sed
1551 2789 1806 2827 Constantienfis
1827 2790 1891 2824 fuit
1917 2789 2117 2833 EpiscopuS‚

1238 2842 1439 2885 Cypriorum
1460 2836 1675 2883 Metropolita
1699 2862 1710 2879 ‚
1733 2839 1789 2881 qui
1809 2840 1874 2874 una
1894 2850 1969 2877 cum
1992 2839 2118 2882 Ioanne

1220 2870 1479 2936 {Germanicenfi
1504 2890 1667 2934 Episcopo
1690 2887 1880 2924 Nestorium
1908 2888 2119 2928 anathemati*

1222 2939 1323 2980 'zavit
1334 2938 1543 2977 Chalcedone
1562 2964 1572 2980 ‚
1599 2940 1643 2974 ita
1656 2940 1800 2976 redditus
1810 2939 2021 2984 Episcopatui
2036 2961 2048 2978 ,
2073 2946 2120 2972 at-

1239 3003 1302 3037 que
1329 2991 1374 3028 ita
1398 2988 1564 3034 probabile
1585 2989 1631 3024 est
1658 2989 1771 3027 ambos
1797 2991 1837 3024 ab
1859 2989 1922 3024 hoc
1944 2988 2119 3022 latrocinio

1240 3042 1332 3079 fuiffe
1350 3039 1484 3084 deJefios
1509 3065 1515 3072 .
1552 3040 1708 3074 Irenaeum
1732 3039 1818 3083 Tyri
1841 3040 2037 3083 Episcopum
2063 3036 2120 3070 alii

2144 1728 2170 1755 L.
2180 1734 2228 1756 nc.
2239 1735 2279 1756 ιο.

2140 2217 2226 2259 Epist.
2233 2229 2244 2249 x
2251 2221 2294 2249 26.

302 3093 475 3127 nasterium
498 3117 508 3132 ,
543 3094 664 3130 distans
684 3103 817 3128 centum
839 3091 984 3127 millibus
1003 3091 1023 3130 a
1047 3091 1181 3126 civitate
1240 3092 1400 3135 dejectum.
1432 3090 1559 3127 malunt
1590 3090 1727 3137 justione
1748 3089 1908 3138 Principis
1928 3098 2004 3127 ante
2024 3088 2120 3125 latro·

303 3143 460 3187 Cyrenfi:
488 3143 637 3179 Gratiani
658 3143 748 3179 enim
769 3142 911 3187 Augusti
924 3137 978 3177 lex
999 3142 1181 3175 exaustora-

302 3205 373 3227 tum
396 3193 594 3236 Episcopum
608 3217 617 3231 ,
643 3204 682 3226 ne
693 3192 801 3227 turbas
813 3193 895 3226 ciete
908 3193 1031 3235 posset,
1057 3191 1098 3225 ad
1110 3202 1183 3225 cen-

1240 3153 1365 3179 Clnlum
1377 3166 1384 3173 .

1290 3191 1455 3228 Omnium
1466 3189 1583 3226 ultimo
1596 3190 1735 3234 dejectus
1748 3192 1810 3227 fuit
1821 3192 1973 3226 Domnus
1985 3185 2122 3223 patriar·
2139 3210 2176 3240 C¹
2207 3218 2253 3240 „-

303 3255 373 3277 tum
389 3243 407 3276 a
435 3243 489 3276 sua
508 3242 640 3277 civitate
661 3241 763 3276 millia
775 3241 1009 3285 proscribebat.
1037 3243 1181 3276 Romam
1243 3241 1304 3276 cha
1325 3240 1576 3283 Antiochenus‚
1603 3240 1644 3276 de
1667 3253 1739 3285 quo,
1761 3241 1930 3277 Liberatus
1951 3235 2122 3280 Carthagi-

305 3292 383 3336 ergo
393 3290 717 3335 omninoappellavit
728 3292 827 3325 etiam
837 3290 1087 3332 Theodorems,
1114 3291 1182 3329 scri-

1244 3292 1369 3330 nens18.
1399 3291 1464 3331 Post
1485 3303 1584 3325 omnes
1608 3290 1759 3337 Dioscorus
1781 3286 1907 3330 depofiilt
1928 3288 2121 3321 &Damnum

306 3341 419 3384 bitque
439 3343 478 3375 ad
502 3342 651 3375 Sanstum
671 3339 818 3374 Leonem
838 3340 978 3383 Papam:
1005 3347 1056 3374 Ne
1074 3343 1119 3374 ad
1131 3352 1182 3375 vos
1244 3341 1450 3376 Antiochenam
1465 3366 1474 3380 ,
1500 3351 1711 3379 remanentem*
1732 3340 1771 3373 ab
1790 3338 2014 3371 orthodoxorum
2037 3337 2121 3376 depo⁴

304 3393 506 3424 contenderem
518 3416 528 3430 ,
555 3396 712 3435 RegIarum
732 3391 897 3423 litterarum
917 3393 1038 3423 vincula
1058 3397 1183 3424 retinue-
1237 3392 1359 3435 simne,
1385 3398 1454 3433 quia
1464 3391 1725 3434 particepsfacqus
1748 3387 1875 3430 Diofiori
1895 3384 1938 3420 ἐπ’
1951 3386 2120 3428 depqfitione
2145 3430 2147 3432 q

303 3450 374 3475 runt
392 3465 398 3472 .
428 3441 470 3473 Et
492 3440 545 3473 hic
567 3442 601 3474 in
625 3441 762 3476 Ecclesia
784 3440 828 3474 est
853 3438 973 3484 primus
996 3441 1109 3486 Regiae
1127 3452 1182 3485 po-

1243 3442 1469 3477 orthodoxorum
1494 3444 1528 3477 (⁴5
1548 3440 1717 3480 Eutychetis
1740 3435 1929 3481 absolutione.
1970 3435 2121 3478 Depofitus

2031 3485 2068 3527 ‘st
