2340 3736
526 114 597 159 Di:
632 123 812 154 voelssus
845 108 1130 158 SUBSTANTIA,
1164 103 1397 162 Essemm,
1431 107 1751 167 P2R50NA‚&c.'

1896 127 1985 173 305

248 200 310 233 lum
324 195 535 238 Paternasfibi
558 204 644 228 voces
656 194 795 231 induere,
822 202 886 225 cum
895 192 947 225 illa
959 197 985 224 ei
994 187 1121 232 Persona
1187 185 1360 223 Praxeamr
1396 188 1435 223 In
1457 190 1552 225 tertio
1573 194 1678 237 capite
1699 193 1846 229 adfirmat
1868 197 1944 231 Deo
1967 197 2060 232 patri

242 248 281 290 fit
302 247 485 281 adhibenda.
515 248 606 277 Nunc
630 250 740 276 iterum
760 242 853 281 illas,
880 253 947 284 quae
966 241 1043 275 Filio
1063 250 1125 272 con-

244 308 378 342 gruunt:
405 300 481 329 Cum
496 293 606 336 scilicet
627 294 681 326 vel
688 293 733 325 ad
751 290 836 331 nostri
846 303 947 324 curam
959 290 1127 334 agendam,

249 357 303 380 aut
315 343 545 390 dispensatorias
556 341 702 386 quasdam
714 347 894 384 operationes
899 340 938 382 fit
950 338 1124 383 defi-enden-

251 399 321 429 dum
331 420 338 427 .
364 397 493 437 Spiritus
505 395 622 427 demum
634 398 763 434 accipere
774 389 931 433 Personam
943 414 954 429 ‚
979 399 1042 422 cum
1054 397 1122 421 tem-

246 456 304 488 pus
325 445 391 478 huic
412 454 549 487 congruas
568 448 681 484 expetit
703 452 787 474 voces
799 463 807 471 .
834 440 927 482 ‚Quod
937 437 967 480 fi
982 445 1060 472 inter
1072 448 1123 469 nos

248 506 313 539 ergo
323 493 432 535 exstent
451 493 581 526 nonnulli
592 498 625 526 in
641 490 773 535 subjello
787 500 876 521 unum
897 490 1023 523 Patrem
1035 511 1045 527 ‚
1073 491 1125 519 Fi-

191 559 193 561 ·
246 545 319 577 lium
355 546 388 577 &
408 546 549 585 spiritum
565 541 706 575 sant‘ium
724 539 921 582 adfirmantes
952 561 964 578 ,
989 539 1121 579 idemque

247 603 308 627 tres
314 593 464 636 perfec‘las
476 591 637 634 fateantur
650 588 792 632 Personas
811 612 824 628 ‚
848 589 987 630 quomodo
998 599 1054 620 non
1077 591 1121 620 vi—

247 644 391 677 debuntur
402 642 446 683 isti
464 639 648 683 manifestam
660 663 672 679 ,
698 640 732 672 &
752 637 986 681 irrefragabilem
1007 635 1120 670 exhibe-

246 704 278 726 re
300 691 569 732 demonstrationem
591 694 734 723 veritatis
752 688 891 726 illorum,
916 688 1016 729 quaea
1040 685 1120 719 nobis

247 743 407 776 dicuntur?
432 740 510 773 Hoc
531 739 635 782 ipsum
655 737 772 781 repetit
796 738 829 770 in
854 736 968 770 litteris
989 735 1030 770 ad
1046 737 1121 770 San-

246 794 333 828 Qum
368 787 641 832 Amphilochium
669 786 866 835 Episcopum
894 786 1119 820 lconiensem:

73 873 226 912 first-³⁹¹·
244 835 1122 930 ffii‘fissssffssffffssnsss{Zisss‘ghss'fi‘ssffss‘liafffffl'ssss

185 956 187 958 ·
246 950 356 982 quoque
375 936 434 980 ipso
457 939 534 979 quod
541 946 601 970 tres
627 934 792 979 Hypostases
803 935 918 975 existere
939 934 1122 976 adfirment,

245 989 328 1023 haud
346 988 470 1031 receffiffo
503 988 666 1020 videantur
689 986 728 1019 ab
753 990 903 1027 impietate
931 984 1124 1022 Sabellianae,

245 1049 311 1082 quae
322 1041 467 1072 multoties
476 1035 597 1079 confusa
606 1041 774 1080 cogitatione
793 1034 914 1068 conatur
928 1032 1123 1077 Personarum

245 1088 446 1129 differentiam
458 1084 716 1129 subintroducere,
741 1086 866 1118 eandem
883 1083 1020 1124 statuens
1033 1088 1122 1124 lispo-

239 1137 338 1180 stafim
362 1135 591 1180 transmutatam
611 1137 734 1169 alterari
757 1159 768 1175 ,
793 1135 838 1166 ad
857 1139 994 1176 quemvis
1014 1131 1124 1175 sitilicet

243 1187 373 1225 oblatam
382 1186 564 1228 occafionem.
591 1185 676 1230 Agit
692 1185 733 1219 de
754 1183 916 1229 grassante
941 1193 1020 1217 tune
1042 1182 1125 1215 inter

248 1237 379 1271 Gtaecos
403 1236 437 1270 δε
459 1236 598 1270 Latinos
619 1259 630 1275 ,
656 1245 754 1278 quam
781 1231 958 1277 postmodo
978 1232 1124 1275 Magnus

245 1285 440 1321 Athana-ssus
451 1284 636 1327 composuit
646 1307 659 1324 ‚
686 1283 862 1327 periculosa
886 1282 928 1318 de
939 1279 1126 1324 Hypostafi-

245 1336 304 1370 bus
325 1334 501 1379 quaestione
518 1357 532 1382 1.
559 1332 676 1367 Ufiam
697 1355 708 1372 ,
733 1343 771 1366 ac
791 1331 1001 1374 Hypostafim
1021 1329 1124 1362 Graeci

244 1384 492 1424 discernebant,
517 1382 630 1417 Latini
655 1379 925 1420 confundebant,
953 1379 1124 1422 ideoquefi

244 1447 344 1471 unam
355 1435 506 1469 dicebant
526 1430 736 1475 Hypostafim
752 1455 762 1471 ‚
789 1429 842 1465 isti
853 1440 915 1463 tres
927 1454 934 1461 .
963 1428 1125 1462 Adfirmat

246 1485 384 1523 Latinos
393 1509 404 1525 ,
428 1483 504 1517 licet
515 1484 596 1517 resta
609 1480 747 1515 sentiant
760 1503 772 1520 ,
797 1478 1004 1521 maleloqui,
1030 1478 1063 1512 ὅ(
1074 1489 1127 1520 pa-

246 1537 311 1569 lam
322 1532 471 1569 accedere
482 1531 521 1567 ad
546 1531 723 1566 Sabellium
735 1553 746 1570 ‚
773 1529 830 1572 qui
851 1529 884 1562 &
897 1525 979 1570 ipse'
992 1526 1124 1572 dogma·

245 1584 362 1619 tizabat
382 1583 444 1617 effe
465 1583 498 1615 in
511 1581 663 1615 Domino
677 1578 754 1614 Deo
779 1589 878 1613 unam
890 1576 1100 1621 Hypostafirn
1115 1600 1127 1615 ,

247 1634 280 1669 &
291 1642 350 1668 tres
362 1632 517 1667 Personas
528 1658 538 1664 .
565 1630 694 1673 Nempe
708 1627 923 1671 Hypostafim
944 1627 1125 1660 confunde-

246 1684 303 1718 bat
322 1695 396 1718 cum
412 1681 516 1716 Ufia:
542 1680 577 1714 ὅ(
599 1690 739 1719 vocem,
767 1675 919 1721 Persona,
948 1674 1127 1720 accipiebat'

244 1734 281 1767 in
293 1733 530 1779 significatione
541 1755 552 1771 ‚
563 1729 603 1765 de
615 1739 678 1772 qua
689 1728 833 1772 loquitur
843 1729 877 1760 in
890 1724 980 1760 libris
999 1726 1040 1760 de
1053 1726 1123 1768 spi·
1156 1763 1158 1765 ,

241 1783 309 1817 ritu
321 1784 439 1817 Sancto
458 1791 571 1816 contra
599 1777 839 1813 Macedonium
860 1772 1044 1810 Paschasius
1056 1775 1123 1809 Ro-

245 1843 350 1866 manae
371 1831 523 1866 Ecclefiae
533 1831 726 1865 Diaconus:
755 1828 854 1861 Filius
874 1825 1012 1870 familias
1033 1827 1122 1863 iuxta

246 1884 391 1923 Patrem,
416 1883 469 1915 vel
486 1880 595 1925 servus
615 1883 710 1922 Juxta
720 1881 876 1913 Dominum
900 1874 1035 1922 Personae
1055 1883 1120 1918 pro

238 1938 320 1975 priae
333 1933 423 1966 locum
435 1943 492 1964 non
502 1930 630 1964 obtinet.
658 1926 966 1973 siquidem.Persima‚
993 1931 1053 1962 Res
1056 1930 1090 1974 J
1093 1937 1121 1961 u-

243 1987 289 2014 ris
300 2006 310 2022 ,
333 1980 498 2024 substantia
509 2004 519 2020 ,
534 1983 593 2013 Res
618 1988 734 2013 naturae
745 2004 753 2012 .
768 1979 872 2013 7Ηὶηε
885 1977 975 2013 addit
988 1979 1118 2022 Spiritui

244 2031 361 2064 Sancto
386 2031 448 2064 effe
459 2029 604 2063 Personae
624 2029 678 2072 Jus
698 2029 862 2072 proprium
875 2054 883 2060 .
912 2029 956 2062 Et
969 2026 1120 2063 Aurelius

242 2078 454 2114 Gaffiodorus
474 2079 582 2113 scribit
609 2091 619 2112 :
645 2081 730 2113 Servi
750 2078 908 2123 Personam
933 2079 1044 2123 legibus
1063 2091 1120 2115 non

241 2129 374 2164 habent.
399 2128 539 2165 Persona
560 2128 649 2173 juxta
677 2127 761 2164 hanc
783 2129 1054 2174 significationem
1075 2129 1119 2163 est

242 2180 403 2224 Dignitas
416 2204 426 2220 ,
452 2180 486 2214 δε
497 2179 635 2223 qualitas
652 2205 660 2212 .
685 2179 735 2212 Ita
747 2179 888 2213 dicimus
900 2178 1051 2212 Domino
1065 2189 1120 2212 no-

240 2229 308 2263 stro
348 2230 434 2274 Regi
466 2228 644 2263 Catholico
678 2229 741 2263 effe
761 2228 938 2263 Personam
958 2228 1121 2273 Regiam,

244 2279 428 2320 Ducalem,
454 2280 487 2313 δε
510 2279 726 2321 Comitilem3
753 2278 800 2313 lta
819 2279 852 2312 &
873 2278 1121 2312 Domino-Deo

244 2328 290 2362 est
303 2327 448 2362 Potestas
470 2327 655 2368 Creatoris,
680 2329 869 2368 servatoris,
893 2329 926 2362 ὅ(
951 2327 1121 2362 sanctifica-

243 2378 342 2412 toris.
368 2377 513 2412 Primam
525 2378 630 2412 Patris
642 2402 653 2417 ‚
683 2379 857 2412 secundam
872 2377 969 2416 Filii,
994 2378 1119 2412 tertiam

244 2427 440 2471 dignitatem
453 2427 610 2462 Sabellius
621 2427 704 2461 dixit
716 2428 779 2462 effe
793 2428 970 2461 Personam
985 2427 1120 2472 Spiritus

245 2476 373 2510 Sansti.
401 2476 493 2509 Hinc
513 2486 576 2510 tres
596 2477 750 2511 Personas
769 2476 894 2511 admisit
913 2477 946 2509 in
970 2477 1121 2511 Domino

246 2527 341 2565 Deo,
373 2525 408 2559 &
432 2535 499 2558 non
521 2535 584 2559 tres
605 2524 822 2568 Hypostases.
849 2526 1057 2561 HincGraeci
1079 2526 1120 2561 de

247 2575 333 2610 Ufia
346 2575 379 2608 &
390 2575 565 2618 Hypostafi
577 2599 587 2614 ,
613 2574 724 2608 Latini
738 2575 847 2610 Patres
866 2575 1014 2610 adversus
1025 2575 1119 2611 illum

246 2625 447 2668 disputarunt
471 2622 511 2658 de
544 2624 675 2658 essentia
702 2648 713 2664 ,
750 2624 784 2658 &
821 2623 960 2659 Persona
986 2623 993 2658 ζ
1030 2627 1120 2660 Hinc

246 2673 393 2718 Magnus
403 2673 537 2708 Bafilius
546 2673 728 2708 constanter
740 2674 870 2709 asseruit
881 2674 1018 2717 Grecam
1027 2673 1120 2709 Phra-

245 2723 304 2757 fim
326 2724 388 2757 elie
412 2724 530 2757 Latina
550 2723 836 2767 congruentiorem
849 2736 864 2765 ,¹
888 2735 930 2758 eo
951 2724 1040 2767 quod
1062 2725 1120 2760 sub

246 2772 368 2807 Latina
390 2771 546 2807 Sabellius
565 2773 667 2817 posset
686 2772 887 2808 delitescere.
916 2773 958 2807 Et
972 2774 1051 2808 hinc
1077 2777 1120 2808 vi-

246 2831 339 2856 vetur
359 2822 395 2855 in
416 2822 547 2856 laudato
570 2822 802 2858 acclamatorio
823 2823 969 2857 sermone
984 2823 1120 2859 Chalce-

245 2871 397 2905 donenfis
407 2871 558 2915 Synodus
579 2873 753 2916 respicere:
781 2876 908 2916 Magnus
930 2874 979 2906 ille
990 2872 1119 2916 Bafilius

246 2919 434 2964 &postafion
452 2923 639 2955 evidentiam
661 2924 735 2956 mire
756 2922 988 2962 demonstravit.
1014 2923 1059 2957 Et
1081 2934 1118 2958 ut

246 2970 357 3004 Latini
385 2969 559 3004 Sabellium
579 2970 670 3014 plene
703 2983 740 3006 ac
761 2971 866 3016 palam
888 2971 1097 3007 excluderent
1110 2997 1120 3014 ‚

244 3031 308 3054 tres
321 3020 460 3054 Divinas
475 3021 671 3063 Hypostases
683 3021 836 3056 dixerunt
849 3032 917 3056 non
933 3022 1118 3067 simpliciter

245 3069 403 3104 Personas
416 3094 426 3109 ‚
453 3071 505 3104 sed
528 3070 682 3104 Personas
702 3069 919 3106 subfistentes.

295 3119 374 3165 Qo
386 3130 529 3162 tempore
539 3118 696 3153 Sabellius
706 3121 838 3164 coepetit
851 3122 980 3165 grassari
1002 3122 1038 3157 in
1059 3122 1117 3157 Ec·

244 3168 371 3202 cleliam
384 3193 394 3208 ,
420 3168 466 3202 est
476 3169 634 3208 incertum
648 3194 655 3201 .
680 3170 829 3217 Qidam
847 3173 979 3206 censent
999 3174 1117 3207 Sancto

245 3218 410 3260 Dionysio
423 3218 650 3252 Alexandrino
660 3217 753 3254 fuisse
763 3229 967 3255 cooetaneum
979 3246 986 3254 .
1012 3223 1115 3270 Qod

243 3267 265 3299 fi
277 3278 387 3300 verum
399 3267 437 3300 fit
451 3291 462 3307 ,
487 3279 553 3301 vox
565 3292 576 3307 ,
603 3267 752 3310 Persona,
776 3268 861 3313 apud
884 3270 1038 3306 Latinam
1056 3271 1117 3305 Ec—

239 3316 372 3350 cleliam
390 3316 436 3350 est
466 3318 535 3360 ipso
560 3316 657 3361 longe
678 3318 858 3361 antiquior.
897 3318 1030 3354 Etenim
1049 3319 1114 3363 ipssa

241 3366 422 3409 frequenter
442 3367 543 3400 utitur
564 3366 789 3402 Tertullianus
810 3368 847 3403 in
867 3367 951 3403 libro
969 3369 1116 3405 adversus

343 3414 522 3461 ChrillLupi
534 3420 615 3460 oper.
630 3419 744 3448 Tomn,

70 1853 133 1885 ljb·
158 1864 185 1882 2.

70 1902 135 1932 cap.
148 1903 179 1930 4.

74 2006 136 2036 1:112.
155 2012 181 2037 6.

74 2056 137 2084 cap.
151 2049 179 2077 8.

1187 238 1249 272 effe
1259 236 1357 279 alias,
1384 249 1440 282 per
1456 251 1535 283 quas
1555 240 1620 282 ejus
1640 243 1838 279 Monarchia
1859 244 2058 281 administra-

1187 296 1259 329 tur,
1278 293 1436 331 proximas
1449 287 1593 332 Personas
1615 293 1649 325 ἀ
1670 291 1784 328 harum
1805 305 1905 329 unam
1921 297 1982 330 esse
2003 297 2059 331 Fi-

1189 337 1270 371 lium
1285 362 1292 370 .
1318 337 1356 370 In
1371 340 1461 373 sexto
1483 339 1589 383 capite
1610 339 1737 375 scribit:
1764 343 1902 386 Sopbiam
1923 346 2057 386 exaudi,

1184 396 1217 418 ut
1223 385 1384 430 secundam
1397 387 1556 432 Personam
1567 414 1574 421 .
1599 389 1638 424 ln
1648 390 1782 432 septimo
1799 393 1913 437 Capite
1925 393 2007 427 dicit
2016 394 2058 428 de

1186 435 1304 471 Patre:
1338 439 1478 471 Gaudens
1511 441 1555 472 ad
1571 439 1748 482 gaudentem
1769 442 1849 477 dicit
1872 449 1905 477 in
1926 442 2059 486 Persona

1185 486 1278 526 Filii,
1313 489 1411 520 Filius
1424 500 1504 521 meus
1516 500 1548 522 es
1563 497 1614 522 tu.
1641 488 1685 521 Et
1706 489 1746 524 de
1766 491 1870 525 Filio:
1900 493 2060 527 Filius'eie

1179 534 1237 578 sua
1258 536 1386 580 Persona
1402 537 1555 579 profitetur
1575 540 1699 572 Patrem
1727 544 1760 571 in
1782 546 1897 575 nomine
1918 541 2034 583 Sopbiae
2048 567 2057 574 .

1184 586 1223 619 In
1233 586 1408 620 undecimo
1424 585 1542 630 Cap'ite
1557 601 1568 621 .·
1594 593 1703 622 Omnes
1720 596 1796 631 pene
1819 589 1929 631 Psalmi
1948 590 2058 632 Christi

1186 634 1343 678 Personam
1361 634 1526 678 sustinent.
1567 639 1780 671 Animadverte
1805 645 1895 671 etiam
1914 639 2069 680 spiritum'

1182 685 1345 727 loquentem
1358 697 1395 719 ex
1405 692 1495 719 tertia
1515 685 1664 731 Persona.
1691 692 1930 730 Unamquamque
1957 688 2058 731 Perso-

1183 746 1253 767 nam
1263 739 1295 765 in
1303 732 1358 776 sua
1376 741 1559 777 proprietate
1575 736 1750 777 constituunt
1774 762 1781 769 .
1808 738 1845 771 ln
1865 735 2058 772 duodecimo

1185 783 1309 827 Capite:
1324 786 1476 826 Scriptura
1487 785 1636 829 distinguit
1649 792 1727 820 inter
1740 786 1894 830 Personas.
1920 787 1958 820 In
1970 797 2059 828 quar-

1184 843 1220 867 to
1235 833 1362 868 decimo
1377 834 1494 877 Capite
1508 847 1515 866 :
1542 837 1669 876 spiritus
1682 835 1818 878 Personae
1842 838 1904 878 ejus
1922 834 2058 876 Christus

1185 886 1328 917 Dominus
1338 908 1345 915 .
1373 887 1454 928 Ergo
1467 884 1599 925 Christus
1614 885 1751 930 Personae
1768 888 1907 919 Paternae
1928 888 2060 927 spiritus

1184 932 1237 973 est.
1269 934 1307 968 ln
1319 933 1437 977 quinto
1449 933 1577 968 decimo
1588 935 1704 978 Capite
1726 946 1738 966 .·
1762 938 1808 968 Et
1827 940 1859 968 in
1879 936 2060 978 Evangeliis

1185 984 1260 1016 &in
1271 982 1409 1024 Apostolis
1429 982 1570 1024 vifibilem
1592 986 1626 1018 (5
1648 983 1817 1025 invisibilem
1843 988 1937 1017 Deum
1959 986 2061 1026 depre-

1184 1031 1300 1070 hendo,
1319 1030 1375 1075 sub
1395 1032 1950 1078 manifesta&PersonalidfflinHione
1960 1034 2057 1066 condi-

1185 1087 1273 1113 tionis
1284 1081 1431 1125 utriusque
1440 1108 1447 1114 .
1473 1083 1511 1116 In
1524 1084 1640 1127 Capite
1667 1083 1820 1129 vigesimo
1834 1093 1947 1125 quarto
1960 1108 1967 1114 .
1996 1086 2062 1115 Ma·

1187 1129 1322 1171 nifestum
1335 1131 1413 1172 fecit
1433 1134 1559 1166 duarum
1588 1131 1783 1176 Personarum
1813 1133 2062 1174 conJum‘Iionem:

1188 1184 1356 1222 apparente
1374 1188 1556 1223 proprietate
1579 1182 1727 1226 utriusque
1750 1182 1886 1226 Personae
1908 1209 1916 1215 .
1955 1182 1999 1217 Et
2025 1181 2063 1216 in

1188 1229 1302 1272 Capite
1321 1230 1450 1265 decimo
1474 1234 1609 1266 odiavo.
1647 1232 1762 1273 Pater,
1785 1233 1991 1275 principaliter
2014 1232 2062 1265 de-

1187 1285 1383 1321 terminatur,
1409 1290 1443 1313 ut
1449 1287 1550 1322 prima
1562 1279 1687 1324 Persona
1700 1307 1707 1313 .
1734 1283 1778 1316 Et
1790 1283 1825 1316 in
1846 1282 1962 1326 Capite
1974 1281 2062 1326 vige-

1187 1328 1264 1362 fimo
1275 1329 1380 1372 primo
1393 1353 1401 1360 .
1427 1329 1582 1372 Utriusque
1593 1330 1730 1374 Personae
1747 1332 1889 1372 constituit
1909 1331 2063 1371 distinato-

1185 1389 1269 1410 nem.
1296 1377 1519 1412 Tertullianus
1531 1379 1616 1413 hanc
1639 1391 1751 1415 vocem
1774 1392 1843 1415 non
1865 1380 1985 1423 primus
2006 1378 2062 1413 hic
2099 1400 2101 1402 -

1186 1427 1332 1469 inducit3
1360 1429 1410 1462 sed
1423 1428 1528 1471 palam
1548 1430 1651 1463 utitur
1673 1439 1709 1463 ut
1730 1430 1844 1463 ufitata
1855 1430 1938 1473 apud
1949 1439 2063 1462 omnes

1186 1487 1223 1510 ac
1237 1477 1387 1511 familiari
1400 1490 1409 1519 ;
1435 1478 1546 1525 Qare
1559 1480 1604 1512 est
1628 1479 1845 1521 antiquiffima
1856 1477 1941 1522 apud
1953 1479 2064 1513 Eccle-

1186 1526 1262 1561 fias.
1298 1526 1374 1560 Hac
1396 1526 1437 1560 de
1465 1539 1498 1561 re
1525 1528 1565 1561 ad
1596 1528 1805 1562 Basileensem
1828 1527 1999 1570 synodum
2025 1529 2063 1565 in
2093 1541 2112 1567 ο,

1186 1576 1336 1610 oratione
1356 1576 1397 1610 de
1421 1577 1584 1621 utriusque
1596 1578 1708 1620 speciei
1732 1579 1966 1612 communione
1977 1578 2061 1612 reste

1187 1625 1272 1660 dixit
1293 1627 1429 1669 Ioannes
1463 1627 1666 1671 Ragusmus,
1691 1637 1769 1662 tunc
1791 1627 1926 1662 Ordinis
1944 1627 2061 1662 praedi-⁴

1187 1686 1333 1710 catorum
1355 1675 1547 1710 Procurator
1567 1677 1734 1711 Generalis
1747 1701 1758 1717 ,
1783 1676 1955 1721 postmodo
1977 1676 2062 1710 Bast-

1186 1725 1297 1765 leenfis
1319 1725 1514 1769 Episcopus,
1539 1726 1572 1760 &
1595 1727 1715 1761 Sanflae
1735 1728 1893 1761 Rotnanae
1913 1727 2065 1761 Ecclesiae

1187 1775 1388 1809 Cardinalis:
1416 1779 1498 1809 Licet
1519 1787 1558 1809 ex
1576 1779 1737 1819 Scripturis
1750 1775 1865 1819 sane‘lir
1887 1776 1990 1818 constet
2012 1776 2065 1820 effe

1186 1827 1361 1857 Trinitatem
1375 1830 1407 1857 in
1418 1828 1540 1859 Divinis
1553 1850 1565 1867 ‚
1589 1836 1688 1860 tamen
1698 1827 1902 1871 quodfingulae
1921 1833 1953 1860 in
1965 1829 2064 1860 Trini-

1186 1882 1247 1907 tate
1257 1874 1409 1915 existentes
1421 1882 1605 1909 nominentur
1622 1875 1758 1920 Personae
1768 1900 1778 1916 ,
1798 1876 1852 1910 boe
1874 1874 1993 1917 Ecclefia
2005 1872 2066 1919 0²¹.

1183 1923 1288 1959 tbollca
1303 1926 1460 1958 ordinavit
1473 1950 1485 1966 ,
1507 1927 1541 1959 Θ
1548 1925 1651 1965 statuit
1662 1951 1669 1958 .
1695 1926 1783 1973 Qis
1797 1925 1953 1960 Pontifex
1965 1950 1976 1969 ‚
1992 1937 2064 1969 quae
2090 1951 2101 1958 .

1184 1973 1355 2021 synodus,
1381 1974 1455 2021 quis
1479 1974 1682 2021 Episcopus,
1717 1975 1790 2020 quis
1815 1976 1943 2010 Dostor
1968 1975 2064 2022 issam

1185 2037 1298 2061 vocem
1322 2025 1508 2067 induxerit,
1532 2027 1670 2072 ignoro.
1708 2026 1788 2062 Vox
1811 2024 1964 2068 &postafis
1991 2037 2064 2061 non

1185 2077 1304 2121 placuit
1319 2077 1461 2111 Socrati.
1487 2079 1578 2120 ,Quid
1588 2089 1660 2118 nos,
1690 2077 1795 2122 inquit
1808 2077 1843 2110 in
1857 2076 1998 2120 superius
2008 2075 2062 2110 ad-

1183 2126 1280 2162 ducto
1298 2127 1374 2162 loco
1386 2152 1397 2169 ‚
1425 2128 1463 2161 de
1475 2124 1538 2169 Ufia
1548 2151 1559 2168 ,
1580 2129 1615 2162 ὀ·
1625 2127 1772 2171 Hypostafi
1777 2127 1964 2160 didicerimus
1975 2151 1987 2167 ,
2013 2133 2062 2160 ni-

1183 2176 1228 2210 bil
1241 2179 1367 2220 impedio
1389 2183 1540 2220 quominus
1554 2184 1658 2220 paucis
1677 2179 1871 2220 expediamus
1884 2202 1891 2209 .
1929 2179 1993 2220 ‚Qui
2010 2188 2062 2210 ver

1183 2229 1216 2260 ro
1230 2226 1372 2261 Graecam
1396 2233 1473 2261 inter
1499 2232 1615 2262 Graecos
1632 2226 1811 2272 sapientiam
1837 2229 1871 2261 ὁ*
1895 2226 2062 2260 doctrinam

1182 2278 1328 2319 explicare
1348 2284 1505 2317 nituntur,
1542 2274 1651 2319 ustam,
1678 2279 1714 2310 id
1733 2278 1770 2319 est
1789 2278 1938 2320 essentiam
1957 2278 2061 2309 multis

1182 2328 1275 2359 modis
1284 2325 1362 2370 firmi
1370 2326 1569 2369 definiverunt
1584 2352 1596 2368 ,
1619 2329 1654 2361 ole
1669 2326 1813 2369 Hypostafi
1832 2328 1868 2359 id
1880 2325 1917 2366 est
1932 2325 2062 2369 substan-

1182 2382 1228 2409 tia
1240 2377 1296 2422 seu
1320 2373 1451 2419 Persona
1468 2385 1567 2410 autem
1601 2378 1717 2411 nullam
1751 2377 1849 2419 fecere
1869 2380 2060 2409 mentionem.

1183 2429 1274 2459 Immo
1296 2429 1370 2460 vero
1390 2430 1519 2460 Irenaeus
1543 2425 1787 2467 Grammaticus,
1822 2432 1854 2459 in
1882 2430 1985 2460 Atticae
2006 2427 2061 2459 lin-

1177 2488 1246 2520 guae
1272 2475 1447 2509 Die‘Iionario
1468 2486 1567 2509 vocem
1603 2476 1764 2510 barbaram
1797 2476 1944 2518 appellat.
1972 2480 2060 2509 Nam

1182 2526 1265 2566 apud
1297 2526 1410 2559 nullum
1443 2534 1574 2560 veterem
1605 2529 1780 2568 scriptorem
1812 2529 1955 2566 reperiri.-
1983 2526 2062 2567 quoa

1176 2573 1264 2616 ficubi
1278 2575 1360 2617 forte
1381 2581 1564 2617 reperiatur,
1585 2587 1643 2609 non
1663 2587 1730 2609 eam
1739 2585 1803 2609 rem
1807 2573 2059 2618 fignificare,pro

1180 2631 1273 2667 'quam
1286 2627 1355 2666 jam
1367 2630 1483 2668 capitur
1494 2649 1505 2665 ,
1525 2624 1658 2668 offeritur
1670 2650 1677 2657 .
1710 2628 1831 2659 Etenim
1850 2625 1936 2666 apud
1954 2623 2061 2666 Sopho·-

1183 2677 1255 2709 clem
1269 2679 1303 2708 in
1313 2674 1448 2708 Pboenice
1464 2673 1626 2717 hypostasim
1636 2673 1757 2717 infidias
1762 2673 1924 2719 fignificare
1936 2698 1947 2715 ‚
1973 2675 2064 2716 apati

1181 2724 1381 2758 Menandrum
1411 2734 1512 2758 autem
1541 2727 1743 2759 condimenta:
1772 2724 1845 2768 peffe
1878 2729 1967 2757 etiam
1998 2724 2059 2756 dici

1174 2774 1266 2816 foeces
1279 2779 1346 2808 vini
1356 2780 1390 2807 in
1408 2773 1496 2807 dolio.
1534 2779 1642 2810 Veram
1662 2774 1727 2810 licet
1749 2773 1811 2809 baec
1832 2784 1891 2808 vox
1909 2774 1930 2806 ti
1951 2778 2059 2808 veteri-

1178 2824 1233 2858 bus
1250 2822 1431 2869 Pbilofhpbis
1454 2835 1510 2858 non
1526 2822 1564 2866 fit
1587 2824 1752 2869 usurpata,
1776 2835 1877 2860 tamen
1893 2824 2058 2869 'intelligen-

1179 2876 1251 2908 dum
1260 2873 1298 2915 est
1312 2897 1328 2913 ,
1350 2877 1532 2909 Recentiores
1559 2877 1610 2909 illa
1625 2883 1680 2918 pro
1698 2873 1779 2917 usia,
1813 2876 1846 2907 id
1871 2872 1908 2914 est
1927 2871 2066 2917 substan·-

1177 2930 1247 2965 -tia,
1269 2923 1365 2958 crebro
1383 2922 1488 2968 abusos
1508 2924 1577 2968 effe.
1609 2926 1658 2960 At
1689 2924 1764 2960 vero
1790 2924 1889 2969 longe
1909 2923 1998 2958 aliud
2014 2923 2058 2957 in

1180 2975 1294 3010 litteris
1317 2973 1359 3008 ad
1380 2973 1533 3010 Sanctum
1566 2975 1765 3010 Pontificem
1786 2975 1964 3009 Damasum
1986 2973 2059 3007 scri-

1179 3023 1229 3060 bit
1247 3025 1380 3058 Sanctus
1405 3023 1654 3067 Hieronymus:
1680 3028 1754 3058 Tota
1768 3023 1957 3068 sacularium
1977 3025 2056 3056 litte-

1177 3081 1280 3107 rarum
1295 3072 1395 3116 fithola
1412 3072 1492 3106 nibil
1520 3074 1604 3107 aliud
1623 3074 1803 3117 Hypnia-fin,
1821 3073 1876 3116 nifi
1893 3072 1987 3115 Usiam
2007 3081 2055 3105 no·

1178 3129 1225 3157 vit
1238 3147 1246 3155 .
1273 3123 1354 3157 Non
1366 3121 1536 3156 dumtaxat
1547 3124 1705 3159 recentior
1717 3149 1729 3165 ,
1754 3123 1808 3159 sed
1817 3126 1925 3158 omnis
1934 3119 2057 3156 saecula-

1179 3173 1262 3206 rium
1283 3171 1464 3206 litterarum
1481 3169 1607 3207 schola.
1633 3172 1728 3223 Qid
1741 3173 1822 3220 quid
1831 3174 1891 3213 fit,
1918 3171 1975 3205 ista
1985 3172 2054 3204 vox

1177 3219 1222 3258 est
1235 3221 1320 3265 apud
1332 3220 1488 3256 Ecclefias
1511 3224 1727 3267 antiquiffima
1741 3250 1748 3256 .
1776 3224 1823 3258 Ea
1843 3222 1934 3256 enim
1951 3219 2056 3254 utitur

1177 3272 1307 3307 sanetus
1319 3270 1439 3305 Paulus
1449 3271 1484 3306 in
1495 3270 1639 3316 Epistola
1650 3272 1690 3307 ad
1701 3273 1853 3307 Hebraeos
1864 3284 1872 3304 :
1909 3278 2054 3316 xepxmufr

1181 3331 1231 3361 trs
1252 3327 1404 3360 dratinus
1424 3323 1700 3363 faune-Latinus
1711 3323 1866 3364 Interpres
1879 3318 2054 3355 transtulit:

1175 3373 1218 3417 fig
1225 3384 1280 3407 ura
1288 3370 1460 3415 substantioe
1470 3374 1535 3415 ejus
1544 3396 1553 3405 .
1580 3371 1740 3407 Attamen
1752 3372 1787 3406 δι
1798 3371 1872 3416 ipse,
1881 3370 1914 3405 &¹
1922 3369 2056 3405 sanctus

1577 3421 1623 3470 Q
1638 3432 1662 3465 q
1904 3420 2005 3458 etiam
