2340 3736
653 139 951 185 Cam-wis
998 142 1239 175 CONTRA
1274 129 1629 177 OnmnNEMa,

437 271 869 322 ¹SCHOLION.

1919 144 1934 175 1
1953 145 1970 186 3
1986 144 2012 190 7

1163 214 1241 248 llum
1264 219 1340 247 inter
1357 210 1512 255 spiritales
1531 223 1626 252 aquas
1649 211 1808 254 superiores
1829 214 1862 246 <tt
1880 215 2041 255 corporales

1164 264 1316 307 inferiores
1329 287 1339 303 ,
1366 261 1504 305 nonsatis
1516 260 1689 300 confiderate*
1702 263 1812 295 didam
1824 263 1879 302 est:
1911 267 1970 296 Res
1990 275 2044 296 au·

1164 324 1223 351 tem
1233 320 1265 348 in
1277 313 1376 346 abdito
1388 311 1443 352 este.
1470 310 1559 347 Et-in
1576 310 1680 353 primo
1691 312 1776 348 libro
1788 313 1828 346 de
1837 313 1953 345 Genesl
1966 325 2043 346 con-

1044 359 1045 365 *
1102 375 1105 378 ·
1165 374 1212 399 tra
1222 361 1426 397 Manichaeos
1438 374 1445 394 :
1467 359 1580 394 De³·hac
1589 371 1622 393 re
1631 359 1709 393 nihil
1721 363 1825 395 temer?
1835 363 2043 404 affirmandum

55 455 91 484 e·
104 463 130 491 3-
226 412 431 503 Exponit
442 419 574 453 Sanctus
595 415 802 460 Epiphanius
814 414 848 448 in
872 412 989 447 litteris
1011 411 1101 456 supra

330 468 536 503 memoratis.
564 469 637 500 Illas
652 466 808 509 prestigias
830 469 898 506 quis
918 474 982 500 non
996 462 1102 502 statim

224 520 349 560 abjiciat
372 527 461 560 atque
471 526 659 557 contemnat,
687 517 801 549 dicente
810 516 932 556 Origene
942 513 980 545 de
991 518 1079 555 aquis
1091 537 1102 553 ,

223 580 280 610 quq
295 566 385 613 super
401 569 623 610 firmamentum
635 542 733 609 s'unt,
757 574 815 596 non
835 563 886 606 effe
906 574 1024 605 aquas,
1046 560 1103 605 sed

217 617 412 659 fortitudines
424 617 569 662 quasdam
580 616 722 658 Angelicae
729 612 902 655 potestatis,
928 613 962 645 (τ
980 623 1099 645 rursum

224 680 343 710 aquas,
369 679 437 710 quae
443 667 530 711 super
540 675 650 700 terram
654 662 746 706 sunt,
774 662 826 696 boc
845 661 903 702 est,
925 660 982 704 sub
998 662 1101 704 firma-

225 728 344 759 mento,
358 718 419 762 effe
431 724 557 751 virtutes
573 718 761 752 contrarias,
786 713 823 745 id
840 711 900 750 est,
925 713 1099 745 daemones?
1127 719 1130 722 ’

226 767 270 801 Et
280 769 412 802 Sanetus
428 766 654 807 Hieronymus
674 763 708 796 in
721 762 837 796 litteris
849 760 995 795 adversus
1005 761 1103 804 Joan-
1108 790 1109 793 ,

53 803 114 859 Ep:
124 806 164 831 61.
226 829 303 851 nem
322 816 558 858 Hierosolymae
577 813 789 856 Episcopum.
817 816 956 855 Origenes
983 822 1102 853 aquas,

225 866 389 911 quaesuper
399 866 480 899 coelos
492 870 524 896 in
543 865 702 904 Scripturis
724 861 776 905 effe
795 862 954 901 dicuntur,
974 859 1100 903 sanHas

221 913 417 960 ficpernafque
437 919 586 954 virtutes,
613 924 680 954 quae
694 910 782 955 super
804 922 934 951 terram,
962 912 997 944 ὁ·
1019 910 1103 952 infra

227 977 338 999 terram
356 970 521 998 contrarias
553 964 588 997 (ς’
609 964 809 995 daemontaeas
837 961 888 1004 effe
916 960 1103 994 arbitratur.

226 1016 336 1050 Etiam
348 1025 403 1058 per
413 1024 551 1056 quatuor
574 1011 711 1046 Paradifi
731 1010 869 1045 flumina
882 1010 1038 1056 intelligit
1055 1021 1106 1046 σα·-

225 1065 304 1106 testes
316 1072 445 1098 virtutes
457 1087 467 1103 ‚
493 1073 640 1105 totumque
654 1059 835 1104 Paradisum
852 1058 892 1101 fic
913 1062 1084 1105 allegorizas
1095 1083 1106 1099 ‚

226 1125 261 1151 ue
282 1115 393 1157 historie
402 1114 521 1158 auferat
534 1119 693 1146 veritatem
705 1137 712 1144 .
741 1111 786 1144 Et
807 1112 941 1146 Sanetus
953 1111 1107 1155 Augusti-

227 1177 287 1202 nus
300 1167 335 1198 in
347 1164 438 1199 libris
447 1162 488 1198 de
498 1162 629 1198 civitate
641 1162 708 1196 Dei
722 1186 729 1193 .
752 1161 900 1194 Nonnulli
916 1167 1108 1202 putaverunt

225 1226 379 1258 aquarum
406 1220 521 1248 nomine
539 1211 716 1256 fignificatos
750 1211 962 1253 quodammodo
982 1210 1106 1252 populos

226 1265 421 1309 Angelorum,
451 1264 486 1295 ὡ·
506 1261 556 1293 hoc
577 1262 659 1304 effe,⁴
673 1261 752 1303 quod
767 1260 878 1293 dilium
897 1259 955 1299 est,
991 1259 1108 1295 FIAT

225 1310 614 1348 FIRMAMENTUM
639 1309 796 1346 INTER
823 1307 1014 1357 AQJAM
1041 1308 1108 1341 ET

226 1362 437 1410 AQUAM:
464 1366 502 1395 Ut
523 1359 619 1404 supra
636 1359 856 1401 firmamentum
877 1361 979 1402 angeli
1001 1359 1109 1396 intelli-

222 1423 358 1459 gantur3
385 1412 470 1454 infra
480 1413 550 1445 vero
561 1411 613 1445 vel
623 1421 711 1452 aquae
721 1407 783 1450 istae
805 1407 950 1451 visibiles,
977 1410 1030 1445 vel
1046 1421 1108 1441 ma-

53 1489 76 1519 L
117 1498 129 1518 Ι
224 1465 321 1498 lorum
331 1464 503 1507 Angelorum
515 1461 692 1502 multitudo,
731 1460 784 1493 vel
802 1465 933 1493 omnium
956 1457 1108 1493 hominum

78 1509 84 1516 ’
221 1520 346 1558 gentes.
372 1514 436 1546 Et'
427 1524 461 1546 ιη
475 1511 564 1546 libris
575 1512 628 1546 Co
634 1510 844 1545 nfessionwn
856 1511 930 1545 Sunt
942 1509 1011 1542 altae
1022 1520 1107 1551 aquae

220 1562 315 1607 fiiper
322 1562 373 1596 b‘oc
380 1562 602 1605 firmamentum
615 1585 626 1601 ‚
651 1562 734 1594 credo
745 1559 925 1592 immortales
941 1560 974 1592 Θ
991 1568 1111 1592 afferre·

221 1624 268 1646 ma
278 1618 458 1654 corruptione
463 1610 604 1654 J'ecretae:
630 1611 770 1644 Laudent
795 1620 897 1642 nomen
918 1616 999 1640 tuum
1014 1632 1025 1648 ,
1050 1609 1110 1640 Iau-

225 1664 300 1695 a'ent
315 1660 407 1705 super
426 1660 548 1702 coelestes
564 1661 667 1703 populi
689 1660 864 1702 Angelorum
884 1668 1017 1694 tuorum.
1045 1658 1110 1695 Lo·

224 1712 334 1754 quitur
347 1722 389 1744 ex
401 1710 560 1749 Platone,
586 1719 682 1753 atque
703 1709 875 1754 Origene,
901 1708 1060 1746 fundante
1078 1708 1111 1742 se

224 1762 260 1795 in
283 1761 473 1794 auctoritate
495 1759 632 1792 Psalmi:
660 1765 751 1800 Aquae
778 1770 898 1798 omnes,
934 1769 1003 1801 quae
1019 1756 1110 1801 super

223 1807 390 1852 coelossunt
400 1832 412 1848 ,
436 1810 557 1843 laudent
571 1819 674 1842 nomen
686 1811 824 1840 Domini.
864 1806 937 1840 Alii
959 1807 1111 1841 adsertio-

224 1870 301 1894 nem
311 1858 448 1894 eandem
459 1856 636 1893 fundarunt
656 1858 692 1893 in
704 1857 821 1892 ordine
841 1857 874 1892 δε
896 1857 968 1901 lege
988 1856 1110 1900 ponde-

224 1920 297 1944 rum
311 1932 322 1949 ‚
347 1919 417 1952 quae
429 1910 518 1952 supra
529 1908 719 1942 r'ariffimum
741 1918 779 1941 ac
801 1905 995 1941 leviffimnm
1014 1906 1110 1941 aethe-

234 1970 304 1993 rem
331 1959 459 1992 fluitare
485 1970 555 1992 non
582 1958 657 1991 finit
670 1968 769 2001 aquas
790 1956 901 1992 densas
925 1957 958 1991 &
978 1966 1107 2001 graves.

229 2008 324 2043 Hinc
334 2008 469 2051 quidam
480 2006 598 2042 vetusti
619 2007 769 2043 Ecclesiae
790 2007 950 2044 Doctores
971 2006 1110 2053 Origeni

227 2057 317 2091 fuere
328 2058 450 2100 patroci
456 2057 522 2090 nati
535 2081 542 2088 .
568 2056 700 2090 Humili
712 2055 901 2100 Augustino
913 2058 1036 2101 semper
1046 2057 1111 2101 pla-

227 2108 298 2141 cuit
319 2107 449 2149 pacifici
480 2105 637 2149 Cypriani
661 2106 837 2140 sententia·
865 2107 1005 2148 Singuli,
1039 2108 1113 2152 quid

225 2155 414 2201 sentiamus,
435 2155 645 2198 proferamus,
669 2160 814 2189 neminem
833 2156 1030 2196 judicantes,
1055 2166 1110 2190 aut

228 2208 254 2240 ὸ
265 2207 338 2247 jure
357 2210 562 2239 communionis
581 2206 731 2248 aliquem,
750 2203 783 2246 fi
797 2202 951 2248 diverszim
967 2203 1112 2249 senserit,

53 1185 84 1213 L.
114 1192 157 1211 11.

49 1537 78 1559 c.
92 1537 190 1565 ¹53³·

229 2264 424 2289 amoventes.
444 2248 491 2288 In
507 2254 659 2296 nullum,
685 2254 762 2289 licet
772 2255 950 2299 suspectum
964 2256 1113 2299 graviter,
1140 2262 1149 2266 ··

231 2303 416 2340 dummodo
434 2304 477 2340 ab
496 2304 639 2340 Ecclesia
658 2305 856 2346 toleratum,
892 2305 1015 2366 dogma
1040 2318 1112 2350 prae-

231 2355 363 2399 sumpfit
373 2365 519 2398 unquam
530 2366 624 2400 agere
634 2356 804 2389 censorem
813 2380 820 2386 .
849 2353 898 2389 At
911 2354 987 2390 vero
999 2356 1032 2388 in
1046 2355 1114 2390 istis

231 2405 380 2450 ipfisjam
391 2403 536 2439 adductis
553 2405 656 2446 locis,
684 2405 719 2439 in
741 2404 826 2439 libro
849 2406 940 2449 super
963 2405 1113 2440 Genesim

232 2454 420 2500 imperfer
441 2478 453 2495 ,
490 2452 525 2488 in
547 2454 778 2498 explanatione
800 2454 924 2489 Psalmi
948 2455 1112 2490 centesimi

232 2505 320 2539 tertii
334 2530 346 2546 ,
369 2516 407 2538 ac
419 2505 453 2538 in
465 2503 555 2543 libris
564 2502 605 2538 de
616 2504 732 2539 Geneli
744 2504 786 2538 ad
802 2503 947 2539 litteram
968 2506 1115 2540 constan·

233 2554 387 2592 terdocet
397 2564 496 2598 aquas
510 2547 582 2595 illas
605 2554 696 2597 super
715 2553 859 2589 coelestes
879 2556 942 2589 esse
954 2556 1114 2590 naturales

234 2614 272 2638 ac
283 2614 371 2637 veras
384 2627 395 2642 ‚
420 2600 535 2646 utpote
544 2603 702 2637 rariffimae
722 2615 761 2639 ac
772 2603 934 2638 leviffimae
944 2630 954 2645 ,
980 2616 1051 2648 quae
1078 2607 1111 2639 in

234 2650 350 2686 mundi
361 2653 499 2687 exordio
510 2653 669 2686 omnema
678 2660 760 2688 terra
771 2653 920 2696 usquead
931 2654 1113 2698 supremum

233 2703 354 2737 coelum
365 2700 640 2746 intercapedinem
653 2713 827 2747 occuparat
843 2728 854 2743 ,
867 2702 968 2746 abyffi
979 2715 1114 2747 partem,

234 2754 269 2786 &
295 2751 407 2797 addit:
435 2754 556 2796 ,Quoquo
576 2753 682 2792 modo,
710 2754 747 2787 ὀ·
767 2753 938 2795 qualeslibet
961 2765 1050 2796 aquae
1074 2754 1115 2788 ibi

230 2800 305 2845 sunt
316 2826 328 2843 ,
337 2816 343 2822 ⁷
353 2801 406 2845 effe
414 2812 463 2834 eas
474 2800 515 2834 ibi
525 2803 647 2840 minim&
655 2801 840 2845 dubitemus3
870 2805 965 2844 major
982 2804 1019 2847 est
1031 2810 1116 2847 quip-

226 2853 270 2894 pe
278 2853 439 2893 Scripturae
450 2851 539 2892 hujus
560 2853 743 2894 audiamus,
769 2863 860 2895 quam
877 2859 973 2887 omnis
993 2853 1115 2888 humani

234 2907 344 2945 ingenii
355 2907 525 2943 capacitas.
547 2902 640 2935 Hinc
650 2901 807 2944 quidquid
822 2914 879 2945 pro
891 2903 1038 2948 Origene
1061 2913 1116 2938 aut

63 2966 133 2998 L„
152 2970 208 2996 0⁶
233 2951 373 2985 Platone
384 2952 488 2985 fuerat
497 2950 694 2995 disputando
718 2952 959 2994 interlocutus,
985 2954 1114 2999 egregie

233 2998 444 3036 moderatur'
435 3013 469 3033 m
482 2999 570 3034 libris
582 3001 884 3036 Retrastationum.
913 3004 996 3036 Illud
1007 3026 1018 3044 ,
1038 3006 1117 3046 quod

233 3057 267 3086 in
284 3052 391 3086 decimo
400 3055 486 3085 tertio
496 3050 589 3093 cons
582 3052 618 3092 ff
607 3062 703 3085 onum
715 3053 806 3094 diui,
825 3052 1044 3096 firmamentum
1058 3054 1117 3097 fa-

577 3199 771 3314 affl

328 3496 430 3539 christ.
442 3502 517 3542 Lupi
526 3502 608 3542 Oper.
621 3502 698 3533 Tom.
713 3503 751 3533 Π.

60 2396 133 2435 Cap·
143 2398 169 2426 8.

63 2587 218 2617 L.2.c.1.2.

59 2633 123 2663 3·4·
134 2634 159 2662 5·

1164 413 1225 455 est,
1251 410 1503 456 obscuraestenim
1527 412 1712 444 &remotaci
1726 409 1852 452 sensibus
1871 412 2040 445 bominum.

1214 464 1268 497 De
1287 463 1386 496 altera
1420 461 1566 503 Capituli
1589 469 1678 502 parte
1698 460 1805 503 scribit
1831 461 1870 495 ad
1891 462 2044 496 San-stum

1167 512 1392 558 Augustinum
1403 510 1573 554 Presbyter
1584 509 1719 544 Orosius
1733 532 1742 540 .
1763 506 1939 544 creaiuram
1945 510 2045 554 suble·

1166 564 1244 596 iiam
1254 567 1428 605 corruptioni
1439 572 1498 594 non
1521 561 1667 594 volentem
1684 560 1789 593 dicunt
1807 561 1975 603 Origeniflae
1995 568 2041 593 in-

1164 608 1355 656 telligendam
1364 611 1415 655 effe
1426 609 1517 653 solem
1537 611 1571 644 Θ·
1583 610 1686 643 lunam
1697 632 1708 649 ,
1735 610 1770 642 (9⁶
1775 608 1876 649 stellas
1888 635 1898 649 ‚
1924 613 1957 644 &²
1980 611 2044 644 haec

1165 674 1223 696 non
1232 663 1420 695 elementares
1431 662 1482 704 effe
1485 660 1619 704 fulgores
1631 684 1642 700 ,
1662 658 1722 703 sed
1743 660 1905 692 rationales
1925 660 2045 700 potesta-

1165 722 1230 754 tes;
1262 710 1396 754 praebere
1415 719 1514 752 autem
1534 708 1695 754 servitium
1726 713 1902 751 corruptioni
1920 716 2044 750 propter

1162 774 1231 803 eum
1247 786 1258 802 ,
1278 766 1329 804 qui
1334 759 1463 804 subjecit
1473 767 1506 792 in
1511 758 1583 802 spe
1615 759 1659 793 Et
1671 759 1804 793 Sanctus
1815 754 2045 801 Hieronymus

1164 813 1202 847 -in
1218 811 1331 846 litteris
1352 809 1501 844 adversus
1522 810 1682 852 Joannem
1706 809 1946 851 Hierosolyma:
1971 807 2048 850 Epi-

1166 863 1315 906 scopum.
1354 865 1494 904 Origenes
1517 860 1597 894 docet
1613 856 1704 902 solem
1714 857 1809 901 ipsum
1827 860 1870 892 Θ
1883 859 1984 891 lunam
2011 858 2045 890 (9·
2066 856 2113 891 ΕΡ
2135 858 2180 883 6¹·

1165 918 1311 945 omnium
1331 910 1471 953 astrorum
1495 907 1613 942 chorum
1636 908 1688 952 csse
1712 914 1831 943 animas
1858 908 2049 941 rationalium
2066 903 2090 924 Ε
2103 903 2128 929 5

1167 964 1316 1005 quondam
1332 963 1370 995 (θ’,
1387 960 1610 1002 incorporalium
1632 967 1853 999 creaturarum,
1878 969 1947 1000 quae
1973 968 2050 991 nunc

1169 1018 1305 1046 vanitati
1313 1010 1472 1054 subJedae,
1500 1014 1605 1053 ignitis
1620 1010 1757 1042 videlicet
1768 1006 1954 1050 corporibus,
1980 1018 2049 1050 quae

1170 1074 1222 1095 nos
1233 1062 1407 1102 imperiti&
1419 1061 1507 1095 rudes
1532 1060 1693 1094 luminaria
1713 1060 1818 1092 mundi
1838 1058 2028 1100 appellamus
2039 1079 2050 1095 ,

1169 1111 1371 1146 liberabuntur
1381 1123 1401 1144 a
1390 1108 1554 1151 servitute
1566 1115 1757 1150 corruptionis
1768 1114 1802 1141 in
1813 1107 1981 1141 libertatem
1988 1108 2050 1150 glo-

1170 1166 1226 1194 riae
1236 1158 1363 1201 filiorum
1377 1162 1452 1192 Dei.
1478 1157 1624 1191 Erroris
1617 1168 1729 1201 itaque
1739 1157 1990 1193 fundamentum
2001 1156 2053 1189 de·
2070 1161 2140 1198 Cap.
2156 1162 2182 1188 8.

1171 1211 1300 1254 sumpsit
1311 1209 1474 1255 Origenes
1484 1218 1525 1242 ex
1536 1206 1729 1250 Apostolica
1739 1208 1781 1242 ad
1792 1209 1965 1245 Romanos
1976 1206 2053 1248 Epi-

1165 1261 1271 1300 ·stola,
1298 1259 1427 1296 dicente
1447 1267 1580 1294 omnem
1601 1266 1780 1292 creaturam
1805 1259 1868 1291 elie
1887 1256 2053 1291 subditam

1175 1310 1310 1344 vanitati
1335 1319 1411 1343 cum
1433 1309 1487 1350 spe
1511 1306 1731 1349 liberationiffs
1758 1308 1793 1341 &
1812 1319 1852 1341 ex
1874 1306 1959 1340 libro
1979 1305 2057 1339 Pro-

1175 1359 1278 1404 phetae
1299 1358 1383 1403 Job,
1430 1357 1488 1394 ubi
1519 1357 1673 1402 scriptum
1691 1357 1758 1398 est·
1795 1361 1871 1390 Nec
1876 1355 1961 1398 stelle
1982 1354 2055 1399 siant

1173 1411 1285 1452 munde
1293 1418 1365 1443 ante
1377 1419 1525 1442 eum..

1224 1458 1413 1503 Respondet
1426 1467 1536 1493 autem
1555 1435 1673 1492 Orofio
1684 1422 1818 1493 sandius
1829 1455 2058 1501 Augustinus.
2075 1467 2146 1505 Cap
2163 1469 2191 1496 g,

1164 1507 1287 1554 QDesole
1314 1508 1449 1548 (vluna,
1470 1507 1627 1551 ceterisque
1645 1507 1788 1549 fideribus
1802 1532 1814 1548 ,
1839 1508 1920 1550 quod
1937 1505 2059 1546 coelestia

1166 1559 1228 1602 fint
1243 1567 1361 1602 corpora
1379 1559 1516 1593 videmus
1528 1581 1539 1597 ,
1565 1559 1643 1600 quod
1654 1563 1790 1591 ammata
1793 1556 1855 1600 fint
1867 1581 1878 1598 ,
1903 1567 1961 1589 non
1973 1556 2059 1589 vide-

1173 1622 1266 1644 mus:
1292 1610 1339 1644 De
1353 1611 1479 1642 Divinis
1490 1607 1542 1640 hoc
1563 1607 1649 1641 libris
1669 1608 1806 1651 legatur,
1833 1608 1867 1642 (9·
1889 1607 2056 1640 credimus.

1175 1659 1305 1694 Eodem
1318 1656 1420 1692 modo
1431 1657 1576 1701 loqmtur
1599 1656 1733 1691 inlibris
1751 1655 1793 1691 de
1815 1656 1947 1691 civitate
1969 1656 2057 1697 Dei,

1174 1712 1208 1743 in
1222 1706 1425 1751 Enchyridio
1439 1731 1458 1747 ,
1477 1706 1612 1743 inlibris
1632 1706 1673 1743 de
1692 1706 1808 1743 Genesi
1829 1704 1869 1740 ad
1890 1706 2059 1746 litteram,
2073 1701 2103 1729 1.
2109 1707 2152 1735 13·
2162 1706 2187 1729 C·
2191 1700 2236 1728 ¹⁶³

1174 1760 1209 1793 in
1221 1758 1367 1803 Epistola
1378 1757 1425 1794 ad
1440 1756 1660 1799 Nebridium,
1687 1757 1728 1790 in
1743 1759 1892 1792 sermone
1914 1756 1956 1794 de
1977 1766 2058 1790 tem·
2046 1729 2108 1809 ξ
2127 1742 2173 1774 ⁵3·
2200 1779 2228 1807 8

1174 1821 1275 1854 pore,
1300 1808 1381 1843 acin
1397 1806 1485 1841 libris
1505 1807 1812 1846 RetrastatIOnum,
1836 1806 1958 1841 addens
1976 1806 2055 1850 ejus·
2111 1789 2136 1808 ²
2147 1787 2171 1808 c
2184 1789 2193 1807 ¹

1174 1859 1265 1894 modi
1287 1859 1412 1893 animas
1432 1867 1552 1892 temere
1572 1857 1696 1892 adseri.
1735 1858 1800 1891 Eas
1831 1869 1873 1891 ex
1904 1857 2057 1891 consueta
2076 1862 2206 1896 Ep.115.

1174 1909 1331 1944 modestia
1343 1907 1441 1952 plene
1460 1919 1528 1941 non
1541 1906 1727 1951 proscribit.
1755 1908 1840 1943 Rem
1863 1907 1973 1950 itaque
1994 1906 2059 1939 huc
2074 1900 2104 1965 S?
2109 1908 2129 1926 r.
2152 1907 2216 1933 143·

1173 1962 1274 2005 usque
1298 1960 1333 1993 in
1357 1957 1499 1992 Ecclesia
1522 1958 1763 1991 controversam
1785 1956 1930 1990 discuffit
1950 1948 2090 1989 nostrac

1175 2009 1328 2054 Synodus
1340 2032 1353 2049 ,
1379 2019 1416 2044 ac
1427 2007 1573 2051 praesenti
1593 2006 1753 2050 Capitulo
1766 2017 1833 2040 non
1847 2004 2058 2040 solummodo

1176 2060 1295 2103 lapsam
1313 2058 1398 2093 coelo
1419 2066 1586 2096 mentem,
1611 2057 1665 2091 sed
1686 2057 1730 2093 δε,
1742 2056 1889 2099 quamvis
1911 2056 2055 2089 animam

1176 2109 1265 2144 astris
1275 2107 1493 2152 abjudicavit.
1522 2107 1637 2140 Secuta
1650 2104 1696 2140 est
1715 2104 1810 2140 hasce
1832 2116 1928 2139 voces
1949 2106 2059 2140 Sanffl

1177 2159 1305 2193 Basilii.
1334 2162 1441 2199 Neque
1460 2155 1521 2188 ulla
1544 2161 1649 2189 anima
1671 2155 1733 2188 coeli
1756 2154 1976 2197 informantur,
2005 2164 2060 2188 aut
2078 2168 2185 2199 Hom-L
2211 2176 2237 2203 ζ,-

1177 2205 1372 2250 naturaesunt
1382 2211 1496 2242 ratione
1502 2206 1646 2248 praeditae
1657 2228 1669 2244 ,
1693 2210 1764 2247 qula
1772 2206 1901 2250 gloriam
1911 2208 1968 2238 Dei
1992 2217 2061 2240 nar-
2078 2208 2106 2239 in
2117 2211 2234 2239 Hexam.

1177 2267 1264 2293 rant.
1289 2262 1395 2300 Neque
1402 2256 1619 2299 firmamentum
1643 2260 1784 2288 animans
1791 2253 1880 2298 fi’nfi‘
1895 2257 2060 2297 praeditum

1177 2310 1228 2353 effe
1237 2305 1384 2352 censemus
1398 2331 1409 2348 ,
1433 2307 1513 2350 quod
1521 2305 1696 2346 effeolionem
1716 2317 1857 2340 manuum
1873 2307 1936 2347 ejus
1951 2306 2061 2340 ibidem

1177 2360 1339 2393 adnunciat
1352 2382 1363 2398 ,
1388 2366 1422 2391 ut
1441 2355 1573 2397 adstruat
1595 2357 1701 2397 aliquis
1724 2357 1757 2389 et
1781 2360 1961 2398 interpretur
1980 2359 2061 2390 coelos

1174 2410 1250 2452 pqffe
1260 2408 1311 2451 effe
1321 2413 1447 2441 virtutes
1457 2404 1602 2448 quasdam
1613 2406 1846 2447 contemplationi
1872 2417 2038 2440 concreatas
2053 2432 2059 2438 .

1176 2462 1197 2492 5
1200 2459 1341 2493 ecundum
1356 2461 1440 2499 renim
1460 2455 1537 2489 banc
1568 2457 1786 2498 interpretandi
1801 2455 1970 2498 formulam
1992 2468 2060 2495 ros,

1174 2514 1316 2552 pruinae,
1336 2506 1435 2552 frIgus
1459 2508 1493 2541 ὁ·
1506 2505 1590 2546 aestus
1603 2531 1613 2546 ‚
1640 2507 1720 2549 quod
1728 2507 1812 2548 apud
1821 2500 1978 2540 Danielem
1980 2509 2062 2549 juffa

1170 2558 1232 2601 fint
1242 2558 1437 2592 concelebrare
1450 2556 1562 2595 hymnis
1590 2554 1789 2598 universorum
1811 2556 1957 2597 opificem,
1984 2567 2062 2588 men-

1178 2618 1221 2642 tet
1231 2609 1372 2651 quaedam
1382 2615 1485 2648 erunt,
1512 2607 1652 2638 nimirum
1662 2604 1809 2639 intellell‘u
1817 2606 1961 2646 praeditae
1982 2604 2064 2640 fimui

1152 2672 1154 2674 ’
1178 2656 1379 2698 &invifibiles
1390 2666 1525 2690 naturae.
1552 2658 1644 2698 Aquae
1665 2661 1766 2698 itaque
1789 2656 1823 2689 (θ’
1845 2666 1899 2693 ea,
1924 2666 1990 2697 quae
2013 2666 2064 2688 ra-

1179 2714 1254 2742 tione
1277 2716 1402 2748 carent,
1427 2708 1472 2739 ad
1490 2709 1546 2739 Dei
1568 2706 1687 2739 lauaem
1714 2710 1886 2739 invitantur
1906 2714 2061 2747 tamquam

1179 2770 1237 2798 ea,
1263 2756 1411 2799 inquibus
1425 2754 1589 2799 resplendet
1607 2754 1744 2796 bonitas,
1764 2753 1940 2798 sapientia,
1965 2766 1999 2788 ac
2008 2763 2061 2796 po-

1176 2812 1275 2842 tentia
1298 2810 1370 2840 Dei.
1400 2805 1553 2850 Apostoli
1575 2816 1613 2839 ac
1638 2804 1805 2848 Prophetae
1824 2802 1886 2848 Job
1916 2805 1990 2839 loca
2020 2802 2063 2839 ab

1182 2857 1348 2902 Origene
1339 2868 1375 2890 m
1385 2856 1500 2890 erroris
1510 2855 1728 2900 patrocinium
1742 2853 1909 2897 adsumpta
1920 2854 2064 2892 elucidat

1187 2908 1319 2942 Sanctus
1330 2904 1677 2950 Augustinusinlibro
1688 2904 1728 2939 ad
1739 2905 1911 2939 Orolium.
1939 2894 2105 2939 EademC
2106 2897 2164 2924 ·⁸'·
2187 2905 2218 2932 9·

1178 2956 1299 2992 d'ocent
1313 2956 1445 2991 Sanetus
1468 2956 1718 2998 Hieronymus,
1745 2955 1952 2996 Lastantius,
1982 2956 2065 2989 Arn-
2082 2944 2126 2966 ¹⁰⁸
2147 2944 2194 2966 ‘¹¹'

1178 3006 1328 3046 brofius,
1355 3007 1496 3050 Joannes
1507 3006 1752 3044 DamascenUS,
1765 3003 1906 3047 ideoque
1917 3006 2065 3040 nostrum

1182 3056 1377 3101 Capitulum
1389 3067 1458 3092 non
1469 3054 1612 3091 recedit
1600 3067 1619 3088 a
1632 3054 1830 3090 confeffione
1843 3054 1975 3091 Patrum
1987 3079 1995 3087 .

1457 3201 1720 3394 eii

1691 3503 1714 3539 S
1937 3500 2016 3538 GA-
