2340 3736
94 2176 124 2204 I.-
138 2185 166 2203 ι.

95 2936 173 2974 Cap.
184 2945 209 2971 7.

96 3428 169 3465 Cap·
182 3435 227 3461 1⁴·

341 71 435 128 278

972 65 1430 112 APPE‘NDIX

282 154 402 196 quidem
415 148 644 192 Antiochensium
666 153 808 182 maximae
816 151 956 181 civitatis
979 147 1058 180 beati
1069 149 1154 179 Petri
1219 147 1375 191 rioche-uses
1399 154 1445 182 ita
1455 151 1521 183 odio
1541 147 1668 192 babuit,
1694 161 1728 186 ut
1739 155 1882 192 syriam&
1907 154 2092 200 Pheniceseo

283 203 393 236 habeat
415 202 491 235 duas
514 200 684 234 Pboenmas
704 201 738 232 (θ’
763 198 924 237 Arablam,
946 195 1031 240 sedes
1053 205 1152 228 autem

284 250 543 295 Hierosolymarum
563 250 672 283 babeat
695 259 758 283 tres
782 247 975 288 Palaestinas.
1002 249 1050 278 Et
1071 257 1153 287 roga-

283 314 350 336 mus
363 314 402 335 εκ
415 305 538 336 Decreta
559 299 786 343 Magnifica-ntiae
797 298 944 339 vestrae&
959 293 1057 339 sane‘lt'
1079 298 1155 326 Con-

283 354 343 387 cilii
354 352 417 386 haec
427 364 465 386 ex
478 354 589 392 scripto
599 350 764 392 confirmari
778 375 783 381 .

334 403 409 437 Effe
422 414 488 436 non
501 401 632 443 fimplex
653 398 865 443 Metropolita
877 422 887 437 ,
915 396 966 430 sed
981 394 1154 439 plurimum

285 452 526 497 provinciarum
546 449 731 485 patriarcha
745 447 944 492 Apostolicae
969 446 1059 480 Sedis
1081 444 1156 487 Epi-

284 505 397 546 scopus
412 526 422 542 ,
445 513 482 535 ac
496 500 638 535 Ecclefiae
650 501 747 533 etiarn
759 495 977 531 Antiochenae
989 494 1158 528 Exarchus

281 554 346 587 esse
368 550 570 596 praetenderat
583 550 615 584 in
642 549 802 593 Ephefina
822 544 960 590 Synodo
972 544 1157 588 Juvenalis,

288 612 322 636 at
334 604 456 637 retusus
482 603 584 636 fuerat
596 601 636 634 ab
648 598 848 643 Apostolicis
875 596 1030 640 Legatis,
1056 594 1156 628 etiam

283 653 400 687 Sansto
428 652 575 696 Cyrillo.
602 647 832 684 Nihilominus
847 644 1157 689 spem&machinas

282 714 350 737 non
371 702 520 746 deposuit
541 714 548 733 :
588 702 706 742 Liquet
727 710 768 732 ex
801 697 868 739 ejus
893 696 977 739 apud
1004 696 1158 730 Sanctum

280 753 436 787 Proclum
449 752 644 796 Episcopum
669 745 1075 789 constantinopolitanum
1101 746 1158 777 At-

280 804 434 841 tentatis‚
458 812 598 845 quorum
623 800 715 833 causa
739 798 757 831 a
780 798 852 831 dieti
876 795 985 830 Procli
1013 805 1159 830 commu-

279 854 382 887 nione
403 854 465 886 sese
486 851 642 885 divertere
665 848 795 893 parabat
814 848 994 881 Canonum
1008 847 1159 880 Nicaeno·

278 914 354 937 rum
374 901 582 937 zelofiffimus
603 900 712 945 custos
725 897 917 932 Gennadius
943 894 1156 930 Archi·Man-

278 953 364 988 drita
374 979 382 986 .
410 953 477 987 Res
489 951 621 986 tandem
634 950 806 983 successum
823 945 936 980 habuit
947 946 980 980 in
995 944 1157 988 Ephesino

279 1003 478 1042 latrocinio,
504 999 677 1044 &magnis
697 997 768 1031 istic
790 997 954 1040 Juvenalis
976 995 1061 1039 apud
1076 996 1157 1028 Dio-

278 1055 407 1087 scorum
429 1051 554 1085 meritis
575 1050 593 1083 a
617 1046 824 1091 Chrysaphio
848 1045 1016 1081 Eunucho
1043 1046 1156 1079 elicuit

277 1102 515 1146 pragmaticam
533 1099 730 1133 sanctionem
741 1123 753 1139 ,
779 1098 879 1132 trium
892 1096 1134 1131 palaestinarum
1145 1121 1155 1136 ‚

278 1151 426 1191 Arabiae,
453 1151 488 1184 &
509 1149 645 1184 duarum
667 1147 963 1182 phoeniciarumin
989 1147 1082 1181 suum
1107 1145 1155 1188 jus

276 1198 530 1235 patriarchicum
551 1199 822 1242 transcriptricem
844 1224 852 1231 .
880 1197 929 1231 At
953 1208 1027 1231 ecce
1052 1208 1156 1230 novus

277 1251 382 1285 obex.
410 1251 535 1298 Qarta
549 1248 643 1294 hujus
654 1248 780 1292 Synodi
807 1249 931 1288 Actio,
958 1248 999 1281 de
1010 1246 1155 1290 expresso

276 1301 438 1345 Principis
446 1301 607 1335 Marciani
619 1299 755 1333 adsensu
768 1323 779 1338 ,
805 1297 823 1331 a
836 1298 960 1333 photio
971 1298 1154 1340 Tyriorum

276 1352 491 1395 Metropolita
515 1348 663 1384 adversus
675 1349 881 1393 irregularem
908 1348 1046 1382 Eustatii
1061 1347 1151 1390 Bery-

278 1403 375 1437 tensis
385 1401 538 1445 Episcopi
549 1401 711 1434 ambitum
737 1409 903 1433 commota
917 1423 927 1439 ,
953 1398 1066 1431 omnia
1080 1398 1154 1440 ejus·

276 1451 366 1486 modi
380 1453 463 1486 sacra
478 1450 681 1496 pragmatica
696 1474 707 1490 ,
734 1449 879 1492 adeoque
891 1450 925 1483 ὅ(
936 1459 1050 1482 ornnes
1063 1448 1153 1490 Juve-

275 1503 359 1537 nalis
373 1501 539 1536 machinas
562 1501 711 1535 cassavit.
739 1499 832 1533 Hinc
843 1499 905 1533 alia
920 1499 973 1532 ille
993 1498 1067 1531 iniit
1078 1509 1153 1531 con-

274 1553 363 1586 silia:
394 1552 459 1586 Uti
474 1552 605 1585 Sanctus
628 1549 810 1584 Procius&
831 1549 974 1583 Maximi
999 1547 1150 1582 Anteces-

274 1604 326 1636 sor
362 1602 520 1636 Domnus
541 1612 608 1635 non
621 1601 667 1634 ita
696 1600 822 1643 pridem
857 1598 999 1642 stipulati
1027 1599 1151 1632 fuerant

273 1653 315 1686 de
366 1653 463 1686 tertio
511 1651 650 1685 Canone
700 1649 1075 1692 Constantinopolitano
1119 1649 1151 1682 ἀ

275 1703 429 1746 Episcopi
474 1701 839 1743 Constantinopolitani
888 1699 1038 1742 proximo
1082 1698 1150 1742 post

272 1753 465 1786 Romanum
496 1752 642 1786 primatu
665 1775 675 1790 ‚
712 1751 756 1784 ita
793 1749 986 1783 Maximum
1019 1747 1150 1782 induxit

273 1802 437 1846 Iuvenalis
474 1800 514 1835 ad
551 1800 769 1845 stipulandum
805 1799 846 1833 de
884 1800 975 1833 distis
1015 1799 1152 1833 Provin-

271 1853 352 1893 ciis,
381 1850 490 1886 &haec
501 1853 552 1885 sua
568 1854 658 1897 pacta
667 1852 831 1895 petierunt
848 1849 946 1884 ambo
967 1861 1022 1893 per
1049 1849 1150 1892 Syno-

270 1903 351 1936 dnm
377 1903 559 1937 cofirmati.

322 1951 553 1988 Phoeniciama
581 1952 759 1995 palmarum
772 1977 782 1992 ‚
810 1963 888 1995 quas
899 1951 1004 1985 Graeci
1017 1949 1149 1984 Phoeni-

270 2016 324 2038 ces
347 2014 487 2044 vocant,
513 2004 606 2046 copia
618 2003 733 2036 dictam
758 2002 868 2035 scribit
880 2002 915 2034 in
938 2002 1043 2044 primo
1066 1999 1149 2034 libro

270 2053 310 2088 de
333 2053 419 2087 bello
441 2054 569 2087 Persico
593 2052 773 2095 Procopius
799 2052 1004 2086 Caesareensis
1026 2075 1032 2081 .
1070 2050 1149 2092 Ejus

271 2103 433 2138 vetustum
453 2103 511 2137 sub
521 2103 615 2146 Josue
627 2102 817 2144 principatu
831 2102 950 2134 statum
961 2100 1098 2144 exponit
1113 2100 1147 2133 in

268 2154 361 2188 libris
383 2154 423 2188 de
446 2152 533 2188 bello
557 2150 775 2186 Wandalico:
801 2153 881 2184 Tunc
902 2148 1046 2193 universa
1072 2155 1149 2193 regio

270 2210 424 2238 maritima
447 2205 583 2237 asidona·
605 2201 740 2245 usquein
764 2201 974 2245 AEgyptt'fines
996 2199 1148 2233 Phoenicia

270 2256 308 2296 est
327 2255 496 2296 appellata.
527 2252 646 2297 ,Quibus
665 2263 742 2285 unus
748 2254 819 2292 jam
832 2252 944 2284 dudum
956 2251 1125 2291 imperabat
1136 2275 1145 2290 ‚

270 2311 314 2337 uti
333 2316 430 2337 omnes
451 2303 596 2343 testantur
612 2327 622 2342 ,
649 2309 700 2345 qui
713 2309 869 2344 antiquam
891 2298 1145 2343 Phoenicumscrt-

266 2353 353 2397 psere
373 2353 536 2393 historiam.
565 2352 670 2387 Aliter
683 2351 784 2396 longe
811 2350 1038 2384 Tertullianus
1055 2351 1089 2383 in
1110 2350 1147 2383 li-

271 2404 330 2437 bro
341 2402 510 2437 adversum
524 2402 649 2445 Judaeos
661 2427 671 2442 ,
698 2402 811 2436 dicens
823 2402 916 2435 fuisse
940 2399 1067 2435 Arabiae
1079 2411 1144 2443 par-

265 2463 357 2488 ·tem:
386 2450 551 2495 Damascus
575 2452 694 2483 ArabIae
721 2453 788 2483 olim
814 2450 1014 2492 deputabatur
1028 2475 1038 2490 ‚
1064 2459 1146 2483 ante-

270 2515 358 2546 quam
382 2500 565 2545 transcripta
575 2501 641 2544 effet
662 2507 695 2533 in
715 2499 975 2539 Syro-Phoeniciam
998 2512 1034 2532 ex
1047 2499 1145 2538 distin·

270 2554 363 2587 Hione
373 2555 539 2592 syriarum.
570 2551 612 2584 Et
625 2551 665 2584 de
684 2551 783 2593 Syriae
794 2549 834 2583 ab
858 2547 980 2582 Arabia
990 2549 1144 2582 distinctae

269 2604 352 2638 statu
364 2601 471 2636 scribit
492 2601 532 2636 ad
557 2602 710 2645 quintum
731 2600 895 2634 decimum
909 2599 1015 2632 Sansti
1045 2599 1145 2632 Esaiae

268 2664 366 2697 caput
386 2653 519 2687 Sanctus
539 2651 768 2693 Hieronymus
798 2662 805 2681 :
832 2648 996 2693 Damascus
1021 2651 1144 2692 Regalis

270 2705 417 2747 quondam
428 2701 611 2743 civitas-fuit
624 2725 635 2741 ,
663 2703 739 2735 &in
752 2702 922 2738 omnisyria
933 2705 1029 2733 tenuit
1057 2701 1146 2732 Prin-

270 2763 421 2796 cipatum.
451 2753 589 2786 Necdum
593 2750 745 2792 storebant
758 2749 934 2789 Antiochia,
961 2750 1120 2782 Laodicaea
1133 2772 1145 2789 ‚

272 2805 306 2837 (π
328 2807 492 2844 Apamaea,
517 2813 592 2845 quas
603 2801 688 2835 urbes
704 2801 766 2842 post
778 2800 980 2834 Alexandrum
1006 2801 1145 2833 &Mace-

270 2854 378 2886 donum
390 2857 547 2894 Imperium
559 2852 662 2885 audias
673 2852 724 2894 effe
745 2856 930 2893 cognovimus
947 2874 953 2880 .
982 2849 1144 2892 Loquitur

271 2913 313 2935 ex
334 2903 463 2936 laudato
491 2901 655 2946 Propheta
679 2913 686 2932 :
714 2904 815 2942 Caput
835 2902 922 2938 syriae
947 2898 1111 2942 Damascus
1136 2925 1143 2932 .

272 2952 460 2986 Graecorum
482 2953 556 2986 Rex
577 2949 767 2986 Antiochus
800 2949 939 2983 Rablata
967 2950 1001 2982 in
1025 2950 1145 2982 Antio-

269 3000 382 3036 chiam
392 3002 546 3036 exaltavit
558 3026 570 3043 ,
596 3002 774 3042 omnesque
785 2999 840 3033 fibi
856 2998 998 3033 subditas
1010 3009 1123 3043 gentes
1133 3024 1143 3039 ‚

269 3052 370 3087 etiam
385 3050 508 3093 Judaeos
518 3076 528 3092 ‚
556 3053 589 3085 in
604 3049 726 3096 grande
738 3049 933 3084 beneficium
944 3047 1063 3092 scripsit
1075 3048 1145 3082 An-

272 3100 467 3141 ‹iochenos3
496 3101 582 3141 quod
594 3099 774 3135 Antiochia
786 3102 849 3134 esse
859 3100 963 3133 totius
976 3098 1085 3143 Regni
1095 3110 1144 3132 ca·

270 3162 328 3195 put
350 3151 385 3186 &
405 3150 613 3192 metropolis.
641 3151 688 3185 Ita
710 3150 825 3183 mansit
848 3150 947 3192 usque
963 3148 1004 3182 ad
1030 3147 1159 3182 Adria--

270 3214 352 3235 num
378 3199 564 3246 Augustum
598 3201 630 3232 δε
652 3201 788 3233 Paulum
811 3199 957 3241 Tyrium
978 3224 988 3239 ‚
1015 3198 1055 3232 de
1074 3210 1140 3242 quo

272 3251 386 3285 Svidas
402 3265 413 3284 .-
442 3251 553 3284 Paulus
566 3252 666 3286 Tyrius
688 3258 782 3281 orator
788 3249 856 3290 fuit
881 3249 1059 3291 temporibus
1072 3248 1144 3281 Pha·-

270 3302 346 3334 lom's
370 3301 482 3340 Biblii,
509 3306 559 3343 qui
564 3296 621 3343 sub
646 3299 777 3330 Adriano
802 3302 997 3340 Imperatore,
1025 3300 1089 3331 cum
1100 3300 1141 3332 le-

267 3359 375 3393 gatum
398 3347 489 3393 egisset
511 3375 521 3390 ‚
563 3349 746 3390 Metropolim
777 3350 880 3384 Tyrum
895 3348 971 3389 fecit
994 3371 1000 3378 .
1042 3349 1086 3382 Et
1108 3350 1141 3381 in

268 3399 409 3433 Adriani
442 3400 507 3433 vita
534 3398 647 3434 AElius
667 3397 856 3443 Spartianus
882 3411 892 3431 .-
920 3399 1071 3433 Adrianus
1083 3403 1139 3432 An-

1215 205 1328 238 parare
1349 199 1471 232 voluerit
1483 223 1493 239 ‚
1519 212 1555 234 ne
1568 210 1610 234 tot
1620 208 1781 237 civitatum
1801 206 1970 249 metropolis
1994 211 2093 240 Antio-

1217 245 1284 278 chia
1292 247 1435 280 diceretur
1444 273 1452 281 .
1480 248 1685 286 Phoeniciam
1696 255 1760 287 una
1771 265 1848 287 cum
1870 255 1960 298 Syria
1973 267 2009 290 ac
2021 257 2096 290 Me-

1218 296 1398 340 sopotamia
1418 322 1429 337 ‚
1463 298 1606 342 Tigrani
1627 300 1862 339 Armeniorum
1883 304 1971 351 Regi
1995 330 2006 346 ,
2044 306 2092 340 uti

1217 347 1334 380 Sextus
1351 347 1460 381 Rufus
1486 348 1520 381 ἀ
1555 348 1752 385 Ammianus
1778 353 1991 390 Marcellinus
2016 357 2094 390 refe.
2110 351 2257 387 [dvc-²6

1217 406 1292 430 runt
1307 421 1317 436 ‚
1341 397 1537 432 subtrastam
1549 422 1559 438 ‚
1585 396 1761 442 pompejus
1771 403 1806 434 in
1828 403 2036 440 Provinciam
2049 416 2095 439 re.

1218 447 1328 490 degit,
1354 446 1463 482 divisit
1473 449 1552 482 vero
1571 447 1612 482 ab
1622 450 1736 483 eadem
1765 451 1880 493 Syria,
1900 455 1935 488 ὅ(
1956 457 2090 499 Tyrum

1219 497 1252 529 in
1273 497 1340 540 ipsa
1363 499 1520 533 exaltavit
1546 498 1710 533 Adrianus
1730 525 1737 532 .
1767 500 1958 537 Etiamnum
1983 507 2091 540 Sancti

1220 547 1388 581 Athanafii
1402 572 1412 587 ,
1438 549 1471 582 ἀ
1484 549 1584 592 Tyrii
1602 548 1752 583 adversus
1763 550 1868 593 ipsum
1881 552 2093 590 Concuubu-
2109 542 2168 577 La·
2186 549 2261 577 0⁴¹·

1220 596 1241 629 li
1254 606 1399 640 tempore
1409 599 1503 632 fuisse
1515 601 1645 634 unicam
1667 599 1876 634 Provinciam
1891 625 1901 641 ‚
1926 602 2093 640 adfirmare

1220 644 1344 680 videtur
1356 650 1388 680 in
1403 648 1612 683 Constantini
1629 650 1693 684 vita
1708 648 1866 685 Eusebius
1878 652 2090 687 Caesareenfis.

1222 697 1262 730 Et
1273 695 1352 731 hinc
1364 697 1511 742 Magnus
1522 701 1672 734 Damasci
1686 700 1865 744 Episcopus
1880 701 2017 745 synodo
2032 705 2094 738 Ni·

1218 757 1311 780 caenae
1338 747 1408 790 post
1443 748 1589 783 AEneam
1610 749 1854 785 ptolomensem
1881 752 2060 796 subscripsit
2080 778 2092 794 ,

1219 797 1332 840 utpote
1343 797 1485 832 necdum
1498 799 1715 844 Metropolim
1728 825 1738 840 ‚
1766 801 1819 835 sed
1832 801 1938 836 adhuc
1952 803 2009 837 sub
2021 804 2093 846 Ty·

1219 848 1267 881 rio
1279 846 1508 883 provincialis.
1541 849 1618 884 Post
1633 849 1772 884 Paulum
1784 850 2013 887 sidoniensem
2025 853 2096 887 sub-

1218 897 1336 941 scripsit
1348 898 1487 941 Synodo
1509 899 1886 943 Constantinopolitanae
1907 903 2095 944 etiamehi·

1217 947 1322 991 lippus
1347 950 1566 984 Damascenus
1590 975 1597 982 .
1625 951 1673 984 At
1695 950 1771 994 vero
1791 949 1948 993 Ioannem
1975 955 2096 988 Dama-

1218 1000 1346 1032 scenum
1370 999 1569 1042 Episcopum
1591 1001 1684 1034 fuisse
1707 1001 1957 1044 Metropolitam
1987 1005 2091 1047 liquet

1216 1060 1257 1082 ex
1279 1049 1372 1082 Adsis
1384 1049 1530 1083 Concilii
1553 1050 1726 1094 Ephesini.
1756 1051 1981 1096 Nempeinter
2009 1053 2094 1087 hanc

1218 1100 1251 1133 &
1266 1098 1358 1132 istam
1371 1099 1544 1141 Synodum
1556 1101 1728 1134 Phoenicia
1747 1101 1781 1134 in
1794 1102 1931 1144 primam
1942 1103 1975 1136 ἀ
1987 1103 2095 1137 secun-

1217 1150 1291 1182 dam
1315 1173 1325 1188 ,
1352 1150 1404 1183 seu
1427 1151 1459 1182 in
1483 1151 1681 1184 maritimam
1701 1163 1737 1184 ac
1763 1150 1967 1185 Libanesiam
1990 1152 2093 1187 divisa

1216 1199 1295 1233 suit:
1325 1198 1561 1234 Verofimiliter
1573 1212 1628 1244 per
1637 1199 1872 1236 Theodosium
1884 1201 2073 1247 Augustum
2085 1228 2093 1235 .

1216 1249 1264 1284 Ita
1286 1248 1431 1292 conjicio
1451 1261 1491 1284 ex
1515 1251 1605 1294 supra
1625 1251 1770 1285 adductis
1792 1252 1934 1295 Zozymi
1957 1252 1998 1286 de
2020 1253 2094 1297 ipso

1217 1300 1370 1344 querelis.

1265 1350 1376 1384 Etiam
1388 1350 1585 1392 palestinam
1597 1351 1690 1387 fuisse
1700 1352 1782 1388 olim
1793 1352 1927 1395 unicam
1939 1352 1996 1388 sub
2006 1352 2094 1388 Tur·

1216 1401 1241 1433 ri
1262 1401 1439 1440 Stratonis,
1468 1412 1566 1444 quam
1577 1401 1790 1445 Vespasianus
1804 1397 1974 1449 Azx‘gustus
1992 1404 2097 1438 Caesa·

1216 1461 1301 1484 ream
1326 1451 1515 1494 appellarit,
1541 1453 1714 1495 metropoli
1740 1453 1972 1494 provinciam,
1997 1453 2096 1488 tradit

1215 1500 1412 1543 Justinianus
1422 1498 1590 1545 Augustus
1607 1524 1618 1540 ‚
1645 1503 1677 1535 in
1691 1504 1763 1547 lege
1784 1503 1914 1538 novella
1935 1503 1976 1537 ad
2000 1504 2096 1547 Joan·

1217 1562 1290 1584 nem
1305 1550 1489 1584 Praefectum
1510 1552 1732 1586 Orientalium
1754 1552 1984 1588 Praetoriorum
1997 1578 2005 1585 .
2032 1553 2094 1587 Ve-

1214 1601 1284 1634 rum
1296 1600 1337 1634 de
1361 1601 1444 1634 versa
1458 1601 1492 1634 in
1507 1602 1683 1635 Caesaream
1706 1602 1985 1637 Stratonis—Turn
2001 1602 2095 1637 aliter
2111 1607 2139 1636 L.
2155 1614 2186 1636 10
2196 1613 2224 1642 3.

1214 1652 1247 1685 δε
1259 1650 1373 1684 rectius
1384 1650 1584 1684 Ammianus
1595 1651 1828 1686 Marcellinus:
1857 1650 2043 1695 Caesaraeam
2052 1653 2098 1686 ad

1214 1701 1350 1734 bonorem
1360 1700 1525 1734 Odavianl
1548 1704 1697 1744 Principis
1722 1701 1926 1744 exaedlficavlt
1940 1703 2072 1738 Herodes
2083 1729 2092 1735 .

1212 1750 1313 1797 Qod
1326 1752 1430 1794 ipsum
1442 1750 1545 1795 liquet
1556 1762 1597 1791 ex
1610 1752 1729 1786 Sancto
1742 1754 1830 1786 Luca
1844 1753 1878 1786 in
1892 1751 1984 1786 Adsis
1994 1778 2001 1785 .
2029 1754 2088 1796 Sy·

1213 1802 1290 1834 riam
1303 1801 1393 1835 iliam
1406 1825 1417 1842 ,
1444 1812 1514 1845 quae
1526 1801 1694 1836 palaestina
1708 1801 1828 1836 dicitur
1838 1827 1849 1842 ,
1876 1803 1911 1835 δε
1923 1800 2060 1844 Judaeam
2072 1802 2092 1836 a
2110 1795 2258 1830 L·¹4·c·²⁶

1211 1851 1353 1885 Claudio
1367 1850 1517 1894 Augusto
1530 1861 1670 1893 coeptam
1683 1851 1787 1895 redigi
1810 1851 1845 1884 in
1855 1851 2066 1885 Provinciam
2079 1875 2092 1891 ,

1211 1901 1405 1944 tandemque
1415 1899 1432 1932 ὲ
1448 1900 1646 1944 Vespasiano
1657 1901 1815 1935 redaetam
1829 1900 1973 1934 scribunt
1985 1900 2091 1936 Aure·
2107 1909 2140 1938 C.
2149 1918 2176 1944 9·
2196 1917 2242 1939 ιο.

1210 1952 1273 1985 lius
1287 1951 1423 1991 Victor,
1449 1950 1528 1984 &in
1541 1951 1660 1994 quinto
1682 1950 1890 1984 historiarum
1912 1950 1997 1985 libro
2008 1952 2089 1986 Cor·
2107 1950 2140 1976 C.
2155 1958 2202 1985 79·

1210 2002 1315 2034 nelius
1325 2001 1486 2034 Tacitus.
1515 2000 1623 2035 Addit
1635 2002 1670 2034 in
1683 1999 1824 2034 secundo
1843 1999 1950 2034 libro.-
1979 1999 2092 2044 Disces-

1204 2049 1271 2094 fire
1282 2054 1441 2083 Mucianus
1454 2049 1638 2092 Antiochiam
1650 2074 1661 2090 ,
1686 2048 1878 2093 Vespafianur
1903 2047 2010 2084 adhuc
2030 2051 2090 2084 mi-

1209 2102 1304 2135 litum
1329 2100 1408 2134 Dux
1432 2098 1619 2143 Caesaream.
1658 2101 1715 2134 Illa
1739 2102 1851 2141 syriae,
1877 2098 1940 2133 baee
1955 2101 2086 2146 Judqae

1207 2159 1295 2192 caput
1315 2149 1353 2190 est
1375 2175 1382 2181 .
1417 2150 1468 2183 Ex
1489 2160 1555 2193 quo
1576 2150 1679 2194 liquet
1701 2150 1906 2185 palaestinam
1927 2160 2007 2183 mox
2032 2161 2090 2193 per

1209 2201 1440 2244 Vespafianum
1454 2201 1547 2234 fuiffe
1557 2199 1577 2232 a
1589 2200 1679 2244 Syria
1690 2199 1844 2241 divisam,
1864 2211 1902 2234 ac
1911 2199 2012 2234 etiam
2021 2199 2089 2234 Ta-

1207 2252 1264 2284 citi
1285 2262 1430 2294 tempore
1453 2251 1584 2284 unicam
1608 2249 1700 2284 fuisse
1722 2249 1930 2284 provinciam
1944 2273 1952 2282 .
1980 2249 2088 2284 Fuisse

1208 2301 1335 2335 videtur
1345 2301 1443 2334 etiam
1456 2309 1601 2344 tempore
1614 2299 1784 2334 Ammiani
1798 2299 2008 2338 Marcellini,
2030 2299 2086 2343 qui

1207 2350 1265 2385 sub
1277 2349 1470 2384 Theodosio
1482 2351 1612 2395 Magno
1638 2350 1749 2385 floruit
1763 2375 1774 2391 ,
1800 2349 1985 2384 scribentis:
2011 2351 2084 2382 Ulti-

1205 2413 1255 2433 ma
1265 2402 1412 2439 Syriarum
1425 2399 1462 2439 est
1476 2400 1636 2440 Palaestinae
1649 2425 1656 2431 .
1683 2402 1797 2447 Qare
1807 2399 1934 2441 synodi
1947 2398 2087 2432 Nicaenae
2108 2409 2257 2444 μηκας

1208 2451 1287 2484 Asta
1300 2475 1311 2491 ,
1338 2450 1455 2494 quibus
1465 2449 1631 2483 Macarius
1643 2449 1963 2492 Hierosolymitanus
1976 2449 2085 2492 primo

1205 2501 1288 2534 inter
1315 2499 1503 2532 Palaestinos
1531 2498 1710 2542 Episcopos
1734 2523 1746 2539 ,
1770 2497 1942 2532 dumtaxat
1963 2497 2082 2541 quinto

1206 2548 1383 2591 subscripsit
1394 2549 1553 2582 Eusebius
1569 2549 1796 2588 Caesareensis,
1823 2549 1898 2582 sunt
1923 2547 2029 2592 palam
2042 2548 2085 2583 vi·

1205 2600 1282 2633 tiata
1295 2625 1301 2631 .
1329 2599 1377 2632 At
1388 2598 1466 2631 vero
1479 2598 1568 2632 idem
1580 2597 1756 2642 Imperator
1769 2596 2030 2642 Theodosiuslin
2039 2597 2082 2632 le-

1203 2661 1244 2694 ge
1261 2651 1321 2691 (a)
1339 2649 1379 2682 ad
1392 2648 1552 2691 Joannem
1564 2649 1721 2682 sacrarum
1745 2647 1958 2692 largitionum
1970 2641 2084 2704 qumi·
2140 2670 2190 2709 (a)
2212 2671 2255 2703 Est

1204 2712 1289 2738 tem,
1315 2700 1462 2733 exstante
1481 2699 1516 2732 in
1538 2698 1653 2733 codice
1665 2698 1895 2741 Justinianaeo,
1922 2707 2082 2743 memorat
2099 2710 2208 2743 meod,

1203 2751 1283 2784 duas
1304 2748 1510 2787 Palaestinas‚
1534 2758 1632 2791 atque
1655 2748 1777 2791 itaipse
1803 2747 1933 2782 videtur
1954 2747 2084 2791 provin-
2099 2748 2256 2790 Jun.1.u1t.>

1204 2802 1287 2834 ciam
1313 2800 1434 2843 primus
1455 2798 1611 2832 divisisse.
1635 2798 1767 2832 &initus
1779 2798 1920 2841 Joannes
1940 2796 1996 2832 Ch*
2012 2798 2084 2840 yso·
2100 2793 2133 2839 ΛΞ·
2144 2788 2253 2859 ῙΜΞῙΞ·

1203 2852 1347 2890 stomus‚
1375 2848 1433 2883 sub
1452 2848 1520 2892 ejus
1542 2848 1612 2882 filio
1631 2847 1777 2882 Arcadio
1795 2847 1973 2891 Episcopus
1994 2809 2084 2884 ἐστι·
2101 2829 2254 2900 k'g‘nffi

1203 2898 1514 2943 stantinopolitanus
1528 2922 1538 2938 ‚
1564 2907 1627 2932 tres
1646 2898 1764 2932 eodem
1785 2907 1897 2931 tenore
1917 2898 1958 2931 de
1970 2897 2085 2933 eadem
2101 2891 2170 2946 4¹:9·
2189 2909 2251 2938 Ad-

1203 2951 1337 2984 materia
1358 2949 1478 2992 scripsit
1490 2947 1653 2991 Epistolas
1666 2948 1706 2982 ad
1721 2947 1901 2991 Eulogium
1912 2948 2085 2982 Caesareen·
2101 2953 2230 2979 nor-Nor.

1203 3001 1269 3034 sem
1292 3025 1303 3040 ,
1330 3000 1490 3042 Ioannem
1513 2999 1885 3040 Hierosolymitanum,
1911 3009 1950 3032 ac
1970 2996 2085 3031 Theo·
2101 2989 2252 3028 EP⁸⁷⁰⁸3·

1203 3049 1328 3084 dosium
1340 3047 1655 3091 Schytopolitanum
1673 3048 1854 3091 Episcopus
1864 3072 1876 3088 ‚
1903 3059 2020 3082 omnes
2031 3059 2085 3091 pa·
2100 3031 2147 3063 ‘³⁹'

1203 3100 1268 3133 lam
1291 3097 1545 3141 Metropolitas,
1573 3108 1670 3140 atque
1692 3098 1737 3132 ita
1762 3097 1866 3142 liquet
1878 3097 2080 3131 Palaestinam

1203 3151 1236 3183 in
1257 3159 1318 3183 tres
1330 3148 1519 3182 Provincias
1542 3148 1635 3182 fuisse
1645 3146 1799 3182 divisam:
1826 3147 2055 3181 Caesareensem
2067 3167 2078 3183 ‚

1201 3198 1509 3242 Schytopolitanam
1527 3222 1538 3238 ,
1561 3209 1602 3231 ac
1622 3198 1960 3241 Hierosolymitanam
1981 3218 1992 3233 2
2013 3194 2079 3236 pas·

1203 3249 1260 3283 'fim
1271 3250 1386 3282 distant
1409 3248 1595 3281 salutarem.
1621 3247 1722 3294 Qod
1733 3246 1934 3282 caesareenfis
1954 3244 2076 3285 semper

1204 3300 1305 3343 prima
1318 3298 1468 3332 manserit
1479 3321 1490 3336 ‚
1514 3297 1617 3340 liquet
1628 3309 1670 3331 ex
1681 3297 1826 3331 adductis
1846 3296 1979 3329 Panum
1989 3293 2076 3326 testi-

1204 3349 1342 3388 moniis,
1370 3347 1562 3390 laudataque
1576 3347 1648 3392 lege
1659 3346 1850 3390 Iustiniani,
1874 3352 1946 3388 eam
1956 3352 2078 3377 ornan-

1203 3401 1243 3434 tis
1254 3399 1326 3435 sede
1338 3399 1372 3434 ὅτ.
1382 3397 1544 3444 dignitate
1554 3395 1781 3434 proconsulari
1791 3418 1799 3429 ·
1819 3391 2074 3475 Diafflfmjssu·

1954 3453 2022 3487 ogu
