2340 3736
537 174 610 218 Da
653 183 834 215 vocmus
869 169 1158 223 SunsrANrm,
1194 161 1425 219 Essmm,
1452 162 1787 223 PERSONA‚&C.

255 251 404 300 AEgypd
415 254 582 292 Dioecefin
591 278 601 286 .
616 251 698 285 Haec
709 250 798 284 vocis
809 248 914 295 gloria
927 249 989 284 fuit
999 249 1149 284 accusan-

256 307 337 341 di&
346 303 543 349 corripiendi
553 301 743 336 Patriarchae
754 300 1006 335 fundamentum
1019 325 1028 333 .
1041 299 1147 348 Qar-

255 357 296 392 to
319 355 494 394 discimus,
520 353 609 397 quod
633 354 733 387 etiam
755 351 935 394 Dionyfius
959 348 1145 385 Patriarcha

257 406 428 452 agnoverit
439 406 534 439 istam
551 403 639 438 vocis
651 401 905 446 abnegationem
918 400 982 435 effe
1005 399 1147 435 crimen.

256 457 352 491 Hinc
364 456 470 499 ipsum
480 453 656 499 abnegavit
670 477 680 492 ‚
708 450 862 494 rescripsit
887 450 976 485 aliud
997 449 1059 483 ase
1076 460 1144 482 non

257 506 383 541 distum
405 504 446 540 de
470 505 530 539 ista
553 515 655 543 voce,
681 513 779 546 quam
792 500 882 544 quod
907 511 976 534 non
996 500 1073 534 esset
1092 510 1147 533 ex—

1936 182 1958 224 3
1969 175 2027 220 25
2079 226 2085 234 .

1212 261 1247 283 ac
1268 260 1366 284 vocem
1389 253 1539 283 nominare
1556 253 1727 285 voluerunt.
1766 252 1812 286 Ob
1842 254 1877 287 id
1896 256 2006 288 Patres
2023 255 2093 297 illt,‘

1210 305 1261 343 qui
1275 300 1404 333 Paulum
1413 298 1630 343 Samosatenum
1640 303 1827 336 damnarunt
1839 327 1851 343 ‚
1877 304 1911 336 ob
1933 306 2023 338 talem
2044 309 2092 338 in-

1211 351 1485 393 ter-rogatiunculam
1494 374 1505 391 ‚
1531 357 1564 383 ut
1577 351 1687 384 Filium
1693 351 1895 396 fhbfistentm
1918 355 1952 387 (a
1962 354 2103 397 existen(

1211 409 1270 435 tem
1280 423 1290 440 ,
1316 401 1350 436 <5
1361 412 1426 434 eum
1437 406 1486 443 qui
1496 399 1540 444 est
1560 399 1623 443 esse
1634 402 1867 444 demonstrarent
1881 428 1892 443 ,
1920 414 1978 445 non
1991 413 2091 437 autem

1212 450 1386 486 vocabulum
1410 452 1551 493 aliquod,
1578 451 1692 484 Filium
1705 461 1738 484 ut
1749 452 1841 493 Usiam
1847 452 1901 496 seu
1914 456 1943 487 E
1942 451 2091 496 [sentiam

1213 510 1353 534 vocarent
1367 525 1377 541 ,
1387 501 1510 534 adducit
1516 499 1591 543 fient
1603 526 1611 533 .
1638 503 1713 544 ,Qua
1724 501 1793 541 Ufiae
1810 502 1861 545 seu
1871 502 2024 546 Essentiae
2040 511 2096 544 ap-.

257 558 360 601 press'a
381 557 417 590 in
435 555 530 590 sacris
553 555 685 589 litteris.
711 550 814 585 Haud
826 549 925 584 dubie
937 549 1002 593 hoc
1025 548 1148 584 dictum
1208 552 1368 593 pellattone
1380 552 1416 585 id
1426 549 1705 594 quodperseipsum
1717 550 1837 593 existit,
1864 553 1900 585 ab
1917 565 1947 587 eo
1955 553 2034 596 quod
2037 561 2094 594 per

258 606 446 642 fecitillum
466 605 643 648 suspectum
655 626 667 642 ,
692 601 954 636 &accusationis
977 598 1069 634 dedit
1088 598 1150 634 ori-

259 657 392 701 ginem.
419 656 464 690 Et
486 657 527 689 ad
548 655 581 688 se
605 651 811 697 purgandum
836 651 990 693 professus
1010 651 1055 684 est
1079 660 1147 685 non

258 704 473 742 solummodo
483 704 702 750 significatam
724 712 812 741 rem,
839 700 893 735 sed
914 701 948 734 ὅ(
971 701 1074 743 ipsam
1096 711 1150 734 vo·

259 767 334 793 cem
356 754 414 790 fibi
447 751 590 790 omnino
610 750 758 796 probari.
784 749 1046 795 Theognostum
1072 749 1150 784 San-

260 808 330 841 ‹stus
341 804 543 840 Athanafius
563 802 665 837 etiam
686 801 722 835 in
744 800 860 835 litteris
880 799 921 834 ad
942 801 1150 844 Serapionem

259 856 303 890 de
324 862 458 899 peccato
480 853 514 886 in
538 852 695 896 Spiritum
715 852 860 885 sanctum
881 849 1021 894 appellat
1051 850 1150 884 Admi-

259 907 391 939 randum
422 904 507 938 illum
523 927 534 943 ,
558 905 593 938 o·
610 910 757 945 perquam
770 897 930 944 studiosum
943 924 954 941 ,
979 911 1077 943 atque
1102 898 1153 932 ad-

259 953 388 1000 iungit.
414 955 514 996 Hujus
533 961 622 995 opera
635 951 766 996 legebam
780 975 791 991 ‚
810 962 874 984 cum
895 960 978 984 tuam
991 949 1153 992 Epistolam

258 1010 421 1047 acciperem
431 1028 439 1037 .
464 1002 578 1038 Palam
588 1002 739 1038 adfirmat
748 1001 841 1035 fuiffe
854 1001 1019 1045 Magnum
1032 1001 1154 1034 Dosto-

259 1067 351 1097 rem,
377 1053 533 1089 Eundem
554 1054 589 1087 in
612 1049 823 1087 Bibliotheca
846 1049 987 1084 Photius
1008 1048 1153 1084 inscribit

261 1106 418 1146 Beatum,
445 1104 583 1139 affirmat
597 1104 701 1147 ipsum
714 1099 918 1136 Alexandriae
941 1101 1033 1135 fuisse
1056 1101 1155 1134 sacra-

1206 600 1241 644 se
1262 612 1321 634 non
1343 600 1466 645 existit,
1493 601 1593 643 aliquo
1613 599 1781 644 discrimine
1798 600 1991 643 separarent.
2021 605 2097 635 Ete-

1212 656 1274 683 nim
1285 651 1455 684 vocabulum
1460 660 1517 693 per
1524 650 1559 694 se
1569 663 1626 685 non
1633 650 1780 696 subsistit,
1807 662 1857 684 nec
1868 651 1930 694 esse
1957 656 2013 686 Dei
2039 656 2097 685 Fi-

1211 701 1268 735 lius
1294 700 1409 744 potest.
1436 701 1559 735 Paulus
1579 701 1806 738 samosatensis
1828 701 1991 735 Divinum
2014 702 2097 735 Ver-

1214 749 1291 785 bum
1304 750 1510 785 substantiale
1522 762 1619 793 atque
1629 751 1885 795 Hypostaticum
1910 750 1995 785 dixit
2007 774 2017 790 ‚
2043 749 2097 784 sed

1213 800 1418 844 prolatitium
1431 801 1601 835 dumtaxat
1613 813 1651 836 ac
1665 801 1883 836 transitorium
1896 825 1904 835 0
1932 799 2098 838 Adversus

1215 848 1272 886 has
1295 849 1507 893 blasphemias
1529 847 1734 894 Epiphanius
1755 853 1864 885 censet
1895 860 2017 890 voces,
2043 848 2100 893 Es-

1214 898 1333 945 sentia,
1361 902 1396 937 (9
1426 899 1681 944 clo-essentiale,
1706 902 1769 938 effe
1792 912 1848 944 per
1867 900 1979 935 Patres
2000 901 2102 944 intro·

1215 950 1325 984 ducias
1348 953 1382 984 in
1403 950 1598 985 Ecclesiam.
1634 949 1831 996 Respondeo
1857 950 1920 987 effe
1940 949 2101 994 antiquio-

1215 1010 1279 1036 res.
1309 1001 1442 1038 Etenim
1455 1002 1491 1035 in
1511 999 1596 1036 libro
1615 1012 1730 1036 contra
1750 1002 2001 1047 Hermogenem
2020 1000 2103 1035 Ter-

1216 1049 1371 1087 tullianus
1380 1051 1528 1086 adfirmat
1549 1052 1720 1086 materiam
1743 1052 1879 1096 primam
1899 1051 1991 1095 juxta
2012 1050 2104 1085 istius

1217 1102 1332 1135 erroris
1353 1102 1513 1145 principia
1538 1103 1602 1136 effe
1632 1102 1708 1137 Deo
1730 1100 2043 1145 Confitbstantialem3
2068 1100 2104 1136 ἃ
2122 1092 2224 1126 C-44›

82 1122 115 1153 L
128 1123 205 1152 mm
260 1167 337 1191 rum
348 1155 529 1190 litterarum
538 1154 768 1197 Interpretem‚
794 1163 832 1186 ac
844 1150 909 1194 ejus
918 1150 1155 1193 Hypotyposes
1218 1151 1298 1185 reste
1309 1152 1390 1185 dicit
1400 1176 1407 1182 .
1436 1151 1571 1186 Etenim
1584 1153 1606 1186 fi
1627 1152 1763 1188 materia
1775 1152 1814 1187 fit
1836 1152 1986 1196 ingenita
2005 1161 2104 1195 atque

259 1206 387 1250 redegit
398 1206 434 1238 in
445 1204 688 1248 compendium.
713 1203 778 1237 Eas
788 1202 829 1237 de
839 1199 1034 1244 quibusdam
1046 1209 1156 1234 notat.
1217 1210 1354 1241 aeterna,
1381 1201 1426 1235 est
1452 1213 1543 1236 verus
1563 1202 1680 1244 Deus,
1715 1201 1863 1245 adeoque
1889 1203 1923 1236 ὃς
1949 1201 2104 1238 Domino

260 1253 414 1291 Andreas
423 1252 578 1289 Schottus
599 1254 708 1288 censet
725 1262 804 1287 tunc
824 1251 918 1286 fuiffe
935 1251 976 1286 ab
988 1249 1157 1285 Haereticis
1219 1251 1295 1285 Deo
1330 1249 1625 1287 consubstantialis
1642 1278 1650 1287 .
1703 1253 1748 1286 Et
1786 1251 2041 1287 Valentinianos
2068 1250 2106 1290 in

260 1304 492 1348 interpolatas.
520 1304 569 1339 At
578 1313 634 1337 cur
652 1303 761 1345 ipsum
785 1302 821 1336 in
846 1299 1071 1335 Ecclefiastica
1092 1299 1154 1332 Hi-
1218 1299 1371 1344 singulari
1398 1300 1568 1339 adversum
1600 1302 1687 1346 ipsos
1717 1302 1804 1337 libro
1839 1303 1950 1348 arguit
1965 1326 1976 1343 ,
2013 1299 2105 1345 quod

259 1354 362 1389 storia
373 1365 442 1388 non
457 1352 570 1388 laudat
583 1377 595 1393 ,
621 1349 726 1385 immo
746 1362 809 1385 nec
832 1351 984 1384 nominat
996 1347 1157 1383 Eusebius
1219 1352 1340 1393 Angelos
1347 1349 1403 1393 suo
1411 1353 1506 1386 Soteri
1516 1354 1646 1386 dicerent
1661 1351 1929 1397 Consubsiantivos
1941 1377 1948 1384 .
1972 1351 2105 1386 Eodem
2124 1361 2160 1391 c.
2174 1368 2225 1389 η.
2278 1357 2292 1386 ³.

128 1399 133 1403 ”
263 1403 473 1440 Caesareenfis
498 1403 511 1436 2
538 1402 709 1437 Dominus
729 1398 915 1436 Cardinalis
937 1399 1039 1435 Caefir
1061 1399 1158 1433 Baro-
1219 1399 1255 1433 in
1268 1399 1352 1435 libro
1363 1399 1487 1437 scribit:
1515 1404 1596 1435 Fere
1600 1408 1716 1443 paria,
1742 1400 2046 1444 &Consubstantiva
2073 1405 2106 1433 in

74 1472 102 1501 9,
115 1462 195 1494 σὼ
264 1456 341 1490 nius
360 1455 397 1489 in
416 1453 504 1489 notis
524 1450 567 1487 ad
587 1451 782 1487 Romanum
803 1449 1086 1494 Martyrologiurn
1096 1450 1156 1483 res-
1217 1450 1394 1483 alterutrum
1415 1451 1515 1485 valere
1519 1450 1643 1494 societas
1666 1460 1786 1485 naturae
1809 1457 1952 1494 negavit.
1980 1449 2024 1485 Et
2050 1450 2107 1485 ite·
2124 1440 2160 1470 C·
2173 1441 2220 1468 ¹⁸·
2267 1445 2293 1500 ²¹·
2310 1474 2332 1482 -

267 1503 412 1548 ponder:
441 1506 597 1547 ,Quaenam
599 1501 668 1544 fuit
680 1501 767 1544 causa
777 1526 787 1542 ,
814 1509 848 1534 ut
859 1498 1061 1543 Theologorum
1078 1504 1157 1532 anti-

267 1566 392 1597 quorum
413 1554 631 1588 celeberrimum
647 1549 856 1595 Theognqlium.
878 1548 1025 1592 Eusebius
1038 1548 1156 1591 silentio

263 1609 470 1646 praeterlerit‚
496 1600 550 1643 nifi
567 1603 646 1645 quod
659 1599 774 1644 sciebat
794 1610 860 1634 eum
882 1603 946 1633 Arii
966 1599 1154 1644 dogmatibus

267 1651 448 1695 adversari?
477 1654 571 1685 Porro
587 1651 680 1694 probi?
702 1656 785 1684 novit
804 1649 971 1694 Theognosti
985 1673 996 1689 ,
1023 1649 1094 1684 bene
1105 1662 1157 1683 ex-

1219 1510 1309 1534 rum:
1338 1505 1415 1533 Hinc
1435 1501 1516 1540 adest
1538 1500 1776 1544 consubstantiva
1801 1505 1921 1534 Virtus:
1958 1500 2108 1537 Consub-
2126 1520 2162 1549 ς,

1219 1549 1355 1583 stantiva
1379 1549 1459 1584 dicit
1472 1550 1529 1585 illa
1539 1550 1656 1594 quibus
1669 1551 1714 1584 est
1731 1561 1853 1585 naturae
1873 1552 2009 1585 societas
2023 1575 2030 1583 .
2061 1551 2106 1584 Et

1219 1599 1254 1632 in
1273 1599 1359 1633 libro
1378 1600 1551 1635 adversum
1573 1601 1731 1639 Praxeam
1754 1601 1902 1639 adfirmat
1922 1599 2053 1635 Patrem
2073 1601 2107 1635 &

1217 1649 1341 1684 Filium
1354 1651 1417 1684 effe
1427 1651 1715 1694 alium&alium‚
1743 1650 1880 1695 Perfimae
1900 1662 1956 1685 nen
1975 1650 2107 1694 substan·
2126 1675 2163 1703 C.
2186 1683 2238 1704 „-
2292 1673 2298 1693 ,ψ

1217 1705 1271 1734 tiae
1282 1704 1421 1739 nomine,
1445 1702 1492 1736 ad
1512 1701 1750 1742 diffamatum,
1777 1714 1834 1736 non
1857 1703 1902 1734 ad
1921 1700 2105 1742 divifionem,

1218 1749 1263 1783 Et
1276 1750 1362 1784 infra
1373 1748 1483 1784 scribit
1496 1752 1621 1788 Filium
1640 1752 1703 1786 effe
1727 1755 1784 1786 Dei
1794 1755 1961 1786 Sermonem
1986 1753 2020 1787 (β’
2043 1753 2109 1792 spi·
2128 1753 2161 1782 C·
2181 1763 2227 1787 14·

1218 1805 1310 1833 ritum
1340 1812 1378 1836 etc
1406 1799 1579 1843 substantiae
1599 1803 1779 1835 conditione.
1817 1801 1862 1836 Et
1881 1801 2018 1835 Sanctus
2045 1802 2107 1837 It&

1217 1861 1297 1891 neus
1318 1849 1573 1886 Valentinianos
1602 1853 1782 1895 interrogat
1797 1876 1807 1891 ,
1834 1863 1875 1885 an
1892 1852 2041 1894 ipsorum
2061 1852 2107 1885 fa-

1219 1899 1323 1933 bulofi
1345 1900 1478 1936 AEones
1497 1900 1819 1950 ejusdemfsubstantiae
1843 1901 1972 1940 exiliant
1995 1901 2042 1934 his
2055 1907 2107 1943 qut

1212 1947 1246 1992 se
1266 1949 1446 1992 emiserunt,
1470 1962 1512 1984 an
1532 1963 1570 1986 ex
1587 1951 1684 1985 altera
1705 1953 1838 1994 quadam
1855 1949 2023 1993 substantia
2038 1950 2108 1994 sub-

1209 1997 1356 2038 stantiam
1378 1998 1527 2036 babeant.
1566 2002 1611 2035 Et
1624 2002 1748 2035 rursum
1770 1999 1901 2043 ejusdem
1922 2011 2021 2034 autem
2037 2000 2106 2044 sub-

1210 2048 1333 2088 stantiae
1341 2049 1472 2091 cumfint
1481 2057 1701 2092 cumprincipio
1713 2052 1864 2091 emifflonis
1885 2050 2032 2094 ipsorum.
2061 2052 2105 2085 Et
2129 2043 2163 2071 C·
2175 2051 2223 2078 ²3·

1217 2099 1253 2132 in
1266 2099 1413 2141 sequenti
1425 2100 1560 2143 Capite:
1590 2099 1738 2142 Ejusdem
1751 2100 1922 2144 fitbstantiae
1942 2113 2039 2134 omnes
2060 2106 2107 2133 in·
2126 2106 2162 2135 C.
2174 2115 2220 2141 24-

2173 1528 2212 1555 37

265 1704 341 1737 culti
358 1707 470 1747 ingenii
488 1701 704 1736 lucubrationes
736 1699 861 1733 Sam‘lus
894 1699 1069 1741 Arbanafius
1103 1705 1157 1742 qui

264 1764 333 1786 aum
351 1758 425 1787 citat
444 1757 477 1786 in
499 1751 574 1786 libro
590 1751 628 1785 de
651 1755 772 1785 Decreta
794 1755 933 1783 Nicaenae
953 1751 1074 1789 synodi.
1102 1749 1155 1783 Ex

263 1800 318 1836 his
339 1813 420 1846 ergo
429 1802 563 1836 Sanctus
573 1798 771 1835 Athanasius
785 1798 955 1834 concludit
978 1798 1076 1834 istam
1096 1810 1156 1834 vo-

262 1862 339 1886 cem
349 1850 686 1890 noninventam‚aut
708 1851 745 1884 in
756 1849 917 1884 Ecclefias
939 1847 1154 1884 introdudlam

264 1901 283 1934 ἢ
298 1901 435 1935 Nicaena
445 1899 585 1942 synodo
596 1924 607 1940 ‚
633 1898 689 1934 sed
701 1899 871 1934 dumtaxat
883 1897 1052 1943 probatam
1067 1923 1078 1939 ,
1098 1909 1154 1934 aut

268 1950 470 1986 stabilitam.
498 1948 602 1995 Quod
628 1949 734 1992 ipsum
770 1949 886 1993 repetit
911 1949 947 1982 in
975 1948 1087 1984 litteris
1114 1948 1155 1983 ad

263 2000 443 2035 Africanos
465 1999 662 2044 Episcopus:
700 1996 858 2042 Episcopi,
884 1998 919 2032 in
941 1999 1076 2034 Nicaena
1100 2000 1154 2042 Sy-

264 2049 381 2090 nodo,
409 2049 559 2084 intelle-{la
574 2048 834 2084 Eusebianorum
848 2046 984 2090 fraude,
1011 2054 1044 2081 in
1065 2046 1155 2083 unum

2128 1927 2156 1955 L.
2170 1936 2195 1954 τ..
2205 1933 2229 1955 c.
2241 1935 2288 1954 zz-

264 2097 402 2142 exsacris
415 2101 527 2133 litteris
538 2099 709 2143 collegerunt
731 2098 789 2132 bas
811 2109 897 2133 voces
909 2122 920 2138 ,
942 2097 1132 2141 splendorem
1142 2123 1153 2139 ,

80 3322 189 3356 Hares.
197 3331 239 3363 7⁴3

83 3373 111 3395 c·
123 3373 170 3395 12·

257 2149 402 2191 fontem,
423 2150 577 2191 fluvium,
604 2151 639 2183 (a
654 2148 792 2192 formam
816 2159 882 2182 cum
898 2146 1082 2192 substantia.
1108 2153 1155 2182 Et

264 2199 342 2232 illud
351 2204 444 2241 item,
471 2204 504 2232 in
516 2203 644 2233 Lumine
656 2208 705 2233 tuo
723 2198 901 2232 videbimus
919 2199 1017 2232 lumen
1029 2224 1036 2231 .
1064 2200 1155 2232 Eril-

262 2249 321 2282 lud
349 2260 460 2292 quoque
473 2263 484 2283 .-
510 2251 576 2294 Ego
599 2251 633 2284 ὀ·
647 2252 739 2283 Pater
761 2260 854 2282 unum
870 2245 975 2291 sumus
988 2274 996 2281 .
1031 2252 1078 2283 Et
1097 2257 1155 2291 pro

263 2301 371 2341 majori
406 2300 599 2334 elucidatione
624 2297 807 2343 scripserunt
838 2300 952 2332 Filium
974 2302 1064 2332 Patri
1093 2297 1155 2342 esse

261 2347 563 2392 Consubstantialema
588 2349 633 2384 Et
655 2349 726 2393 post
740 2348 906 2393 quaedam:
934 2347 1075 2392 Epefiopi
1096 2360 1155 2382 non

261 2397 321 2433 bas
333 2409 418 2433 voces
427 2398 484 2441 ipfi
488 2405 692 2443 excogitarunt
705 2423 716 2439 ,
737 2397 855 2442 sedeas
878 2400 898 2430 ἃ
919 2399 1065 2432 Patribus
1091 2410 1154 2432 con·

264 2447 387 2487 testatas
406 2456 579 2489 aeceperunt
592 2473 603 2489 ‚
628 2446 792 2491 &scriptis
800 2446 869 2491 suis
882 2447 1062 2491 inseruerunt
1075 2473 1082 2480 .
1108 2451 1152 2482 Si-

264 2498 386 2539 quidem
400 2496 494 2540 Prisci
515 2497 656 2540 Episcopi
676 2498 715 2530 ab
728 2497 795 2531 binc
815 2503 905 2531 annis
921 2501 1016 2540 prope*
1036 2507 1151 2532 centum

265 2548 461 2591 &trigintan
485 2553 550 2579 tum
559 2549 724 2588 quiRomae
737 2570 748 2586 ,
773 2556 838 2580 tum
860 2553 955 2589 quiin
977 2547 1077 2592 nostra
1101 2552 1152 2582 Ci-

265 2602 365 2630 vitate
375 2596 585 2637 Pontificatum
588 2594 765 2639 gesserunt,
793 2595 1007 2639 accusaverunt
1029 2609 1076 2631 eos
1100 2603 1152 2641 qui

265 2647 380 2679 Filium
403 2647 530 2681 dicerent
550 2649 730 2679 creaturam
742 2670 753 2686 ,
779 2655 831 2679 aut
843 2653 896 2688 qui
919 2657 1061 2691 negarent
1086 2660 1151 2683 eum

264 2693 558 2738 consubstantialem
578 2698 686 2728 Patri.
725 2696 854 2730 Laudat
890 2697 924 2730 ὅς
959 2697 1149 2732 Romanum

263 2746 298 2780 &
335 2743 598 2780 Alexandrinum
635 2745 857 2791 Dionyfium.
885 2746 930 2781 Et
951 2745 1150 2782 demonstrat

262 2795 499 2829 Caesareensem
530 2793 709 2830 Eusebium
741 2797 777 2830 in
804 2796 868 2831 suis
884 2797 975 2841 supra
1007 2795 1150 2833 adductis

261 2844 379 2878 litteris
391 2845 430 2879 ad
446 2843 514 2880 haec
527 2843 610 2880 Asta
622 2845 789 2890 respexisse
803 2872 810 2879 .

314 2894 454 2942 Qestio
466 2894 603 2931 secunda
615 2894 660 2930 est
673 2920 683 2936 ‚
709 2907 751 2930 an
772 2894 849 2936 hic,
870 2906 927 2931 aut
950 2896 1006 2932 ille
1019 2897 1148 2942 Diony-

261 2944 326 2978 fius
350 2944 445 2979 istam
471 2956 585 2980 vocem
609 2946 794 2986 invenerit,
818 2958 856 2983 ac
878 2948 913 2982 in
934 2947 1149 2983 Ecclefiasin-

263 2994 471 3029 troduxerit?
506 2995 678 3031 Affirmare
697 2996 825 3031 videtur
842 2999 976 3032 Sanctus
1007 2997 1148 3042 Epipha-

262 3044 357 3078 nius.
378 3044 514 3079 Etenim
537 3045 702 3089 profitetur
724 3056 863 3088 vocem,
900 3046 986 3090 Usta,
1012 3049 1066 3082 seu
1089 3047 1149 3092 Es-

258 3092 359 3137 firmia
369 3118 380 3135 ,
392 3105 461 3129 non
472 3095 602 3138 reperiri
610 3095 645 3129 in
667 3096 762 3130 sacris
774 3096 908 3140 litteris;
935 3108 1033 3142 atque
1044 3099 1146 3143 prose-

263 3143 393 3188 quitur:
421 3149 528 3179 Verum
539 3156 603 3179 cum
629 3147 664 3179 ὑ
677 3147 773 3179 Filius
776 3146 817 3189 fit
837 3147 988 3191 existens,
1014 3151 1049 3184 &t
1072 3150 1150 3183 illud

257 3193 566 3235 fibicommuntcatum
590 3201 749 3237 acceperit,
778 3198 893 3232 Paulus
914 3197 1121 3241 samosatenus
1136 3223 1146 3239 ,

265 3244 471 3278 &Marcellus
499 3249 668 3285 ancyranus
686 3245 726 3279 ab
750 3247 803 3280 illa
817 3252 956 3293 Joannis
973 3247 1146 3291 sententia,

243 3326 251 3329 .
265 3295 304 3326 In
311 3300 460 3337 principio
469 3305 533 3330 erat
545 3295 671 3329 Verbum
679 3320 687 3334 ‚
715 3299 839 3331 Erroris
859 3296 1024 3339 occasionem
1036 3307 1146 3341 accepe-

243 3343 252 3352 “
264 3351 361 3385 runt,
385 3354 420 3378 ue
431 3349 487 3378 Dei
498 3346 610 3379 Filium
623 3347 695 3379 vere
716 3344 779 3390 esse
801 3348 914 3381 Filium
934 3349 1042 3381 nollent
1061 3361 1146 3392 agno-

260 3390 361 3435 scere.
389 3396 448 3429 sed
466 3406 505 3429 ex
523 3394 588 3439 ipsa
610 3395 699 3430 Verbi
724 3398 922 3438 appellatione
940 3395 1046 3440 ansam
1071 3405 1147 3431 arri-

260 3447 377 3485 pientes
386 3446 502 3480 Fillum
512 3448 569 3486 Dei
581 3446 752 3483 vocabulum
766 3471 778 3487 ,
801 3448 883 3489 quod
890 3447 930 3481 ab
939 3459 986 3481 ore
993 3450 1124 3490 procedit
1134 3472 1145 3489 ‚

1216 2153 1377 2182 veniuntur
1395 2160 1460 2183 cum
1492 2152 1605 2189 Patre,
1631 2160 1751 2184 tantum
1765 2149 1928 2193 secundum
1951 2157 2102 2196 magnitu-

1217 2199 1316 2232 dinem
1328 2223 1339 2239 ‚
1359 2196 1420 2242 sed
1426 2198 1649 2242 nonsecundsim
1660 2212 1802 2236 naturam
1811 2200 1984 2242 differentes
1997 2202 2036 2235 ab
2060 2207 2105 2235 in-

1216 2253 1334 2288 vicem,
1356 2249 1635 2294 &magnitudinem
1656 2252 1832 2294 complentes
1851 2254 1975 2290 Patris,
2005 2264 2105 2295 quem-

1215 2299 1374 2332 admodum
1386 2300 1473 2347 digiti
1485 2302 1628 2342 complent
1644 2313 1778 2342 manum,
1788 2300 1918 2345 ejusdem
1926 2300 1953 2345 s
1946 2302 2104 2342 ubstantiae

1211 2346 1304 2392 sunt,
1328 2350 1364 2384 ὁ*
1401 2351 1439 2383 de
1474 2351 1573 2384 eodem
1606 2363 1704 2385 omnes
1726 2377 1733 2384 .
1770 2350 2071 2386 consubstantiales
2091 2378 2102 2385 .

1214 2399 1423 2444 Qapropter
1434 2397 1483 2435 hae
1495 2411 1591 2436 voces
1603 2413 1708 2444 neque
1732 2401 1750 2434 ὲ
1769 2401 1924 2436 Romano
1945 2412 2001 2436 aut
2025 2402 2103 2436 Ale-

1213 2447 1376 2483 xandrino
1397 2450 1561 2494 Dionyfio
1575 2449 1725 2486 adversus
1737 2450 1878 2486 Paulum
1899 2453 2101 2487 Samosaten·

1213 2499 1277 2533 sem
1290 2523 1302 2540 ‚
1327 2510 1433 2544 neque
1444 2499 1463 2533 a
1474 2499 1688 2536 Tertulliano
1700 2527 1711 2542 ,
1738 2513 1843 2544 neque
1862 2502 1968 2536 itema
1980 2502 2101 2537 Sancto

1213 2548 1326 2592 Ireneo
1351 2550 1448 2590 sunt,
1476 2549 1530 2584 sed
1555 2552 1628 2584 sunt
1653 2550 1694 2584 ab
1714 2550 1788 2594 ipfis
1802 2551 1993 2595 Apostolis.
2022 2552 2100 2586 Ete-

1213 2601 1282 2632 nim
1292 2610 1360 2633 non
1375 2599 1546 2634 dumtaxat
1571 2610 1705 2644 uterque
1724 2601 1927 2643 Dionysius,
1952 2614 1990 2636 ac
2019 2602 2098 2636 item

1210 2648 1462 2691 TertullianuS,
1489 2650 1543 2685 sed
1567 2649 1601 2683 δε
1618 2650 1683 2694 ipse
1708 2650 1814 2685 Sancti
1835 2650 2010 2695 Polycarpi
2039 2652 2099 2686 Di·

1211 2698 1347 2742 scipulus
1386 2699 1519 2734 Sanctus
1545 2700 1681 2734 Irenaeus
1705 2701 1752 2736 eis
1775 2702 1901 2741 utitur,
1939 2712 2097 2745 tanquam

1209 2748 1439 2784 communibus
1463 2749 1497 2784 in
1519 2750 1684 2791 Ecclefia,
1710 2750 1847 2795 ideoque
1871 2749 2072 2795 Apostolicis
2087 2777 2095 2784 .

1210 2799 1274 2833 Eas
1293 2798 1528 2835 'Tertullianus
1552 2800 1571 2835 a
1596 2801 1734 2841 Latina,
1760 2800 1898 2837 Irenaeus
1923 2801 2046 2846 accepit
2071 2802 2091 2839 ὲ

1209 2850 1319 2884 Graeca
1332 2849 1499 2884 Ecclefia:
1524 2850 1619 2885 Hinc
1643 2850 1703 2886 illae
1723 2852 1808 2896 apud
1830 2861 1997 2896 utramque
2020 2854 2094 2887 sunt

1210 2899 1452 2943 antiquiffimae.

1258 2949 1375 2984 Tertia
1401 2950 1535 2995 quaestio
1553 2977 1565 2994 ,
1589 2951 1635 2987 est
1666 2965 1709 2989 an
1733 2953 1801 2988 ista
1822 2964 1942 2994 voces,
1978 2954 2092 2989 saltem

1197 3010 1297 3040 vox,
1324 2998 1499 3036 substantia
1520 3026 1532 3042 ,
1559 3004 1732 3046 reperiatur
1764 3005 1800 3039 in
1830 3005 1924 3039 sacris
1948 3003 2092 3039 litteris?

1207 3049 1342 3085 Sanctus
1361 3048 1549 3087 Phoebadus
1571 3052 1755 3088 constanter
1775 3053 1920 3088 adfirmat
1943 3054 2089 3098 reperiri:

1210 3099 1252 3134 Et
1262 3099 1375 3142 probat
1384 3110 1425 3134 ex
1448 3100 1501 3134 his
1522 3102 1628 3137 locis:
1664 3105 1778 3148 Infixus
1795 3104 1863 3148 siem
1883 3111 1915 3138 in
1936 3105 2005 3138 limo
2023 3112 2090 3146 pro-
2112 3101 2186 3147 ΡΜ.
2204 3107 2256 3135 68-

1200 3149 1295 3191 flmdl'
1322 3151 1357 3183 (θ’
1378 3161 1436 3183 7¹0⁷!
1453 3150 1493 3192 est
1507 3149 1692 3194 substantia.
1719 3157 1767 3188 Et
1781 3153 1947 3198 substantia
1969 3166 2034 3187 mea
2055 3159 2089 3187 ln
2110 3141 2183 3174 Psal·
2202 3148 2266 3175 ¹03·

1207 3198 1394 3241 inferioribus
1407 3203 1524 3235 Terrae.
1552 3204 1702 3238 scrutetur
1718 3204 1886 3246 fenerator
1897 3202 2088 3247 omnemsub-

1201 3249 1345 3288 stantiam
1363 3251 1428 3291 ejus
1442 3275 1450 3283 .
1476 3250 1624 3286 Adducit
1649 3254 1757 3290 &alia
1766 3254 1923 3296 ejusmodi
1945 3254 2089 3288 testimo-

1206 3300 1273 3339 nia,
1284 3310 1354 3342 quae
1366 3300 1473 3343 palam
1493 3301 1677 3347 fignificant
1701 3302 1796 3347 hujus
1809 3302 1932 3338 Mundi
1954 3303 2087 3339 thias

1207 3351 1259 3384 seu
1287 3350 1510 3392 possessiones.
1539 3352 1582 3387 Et
1598 3381 1600 3385 .
1619 3355 1786 3388 adversum
1808 3352 1876 3388 haec
1900 3352 2018 3388 Ariani
2038 3355 2087 3387 in-

1192 3399 1434 3435 tercedebant.-
1460 3405 1618 3435 Invenitur
1636 3405 1754 3445 quidem
1764 3410 1796 3437 in
1820 3407 1943 3439 Divinis
1964 3406 2086 3437 volumi-

1207 3450 1291 3483 nibus
1302 3461 1403 3485 nomen
1409 3448 1583 3494 substantia·
1592 3475 1604 3493 ‚
1610 3451 1669 3496 sed
1687 3465 1745 3489 non
1750 3453 1853 3496 statim
1867 3461 2022 3498 pertinens
2043 3452 2087 3487 ad

1968 3517 2037 3541 oan-
