2340 3736
90 1384 150 1416 L6.
171 1391 227 1417 cu-

327 162 382 210 18

263 244 349 276 nauti
362 244 489 277 curavit.
501 265 513 282 ,
540 251 655 277 eorum
666 263 678 283 ,
704 238 780 274 licet
792 237 834 274 de
846 240 878 274 st
892 250 960 273 non
972 237 1062 274 reste:
1075 239 1145 283 opi-

265 292 416 327 nantium
430 317 441 333 ,
469 292 536 326 sola
547 290 588 325 de
611 289 742 326 Christo
754 290 838 325 oe&
856 289 924 324 fide
945 298 1144 324 contentus.

266 347 322 377 An
337 344 419 378 reete
434 367 445 384 ,
470 340 644 387 Theologi
656 349 804 379 certant,
828 341 864 375 δε
875 338 983 374 adhuc
996 338 1055 374 sub
1063 339 1146 383 judi-

263 405 302 428 ce
314 392 352 427 lis
364 394 408 428 est
421 419 428 426 .
457 394 543 427 Eum
554 393 589 426 in
604 389 945 435 suoattJustinianum
958 389 1146 435 Augustum

261 443 431 486 detribus
451 442 613 486 Capitulis
632 440 828 477 Constituto
855 439 965 476 Laudat
997 440 1148 485 Vigilius

266 494 445 535 Pontifex,
471 503 640 537 tamquam
661 503 772 526 amore
798 492 885 535 pacis
910 487 1148 535 adimplentem

264 543 386 580 dictum
414 542 673 588 Apostolicum:
701 548 758 576 Cui
784 542 901 585 aliquid
923 539 1053 582 donastis
1076 565 1087 581 ‚
1115 541 1150 574 (θ’

262 607 313 638 ego
325 620 332 627 .
360 595 491 628 Auferri
503 594 535 628 ὃς
549 592 677 637 praecidi
691 602 864 637 potuerant
876 601 928 626 tot
945 589 1152 626 orthodoxo-

267 657 338 679 rum
352 645 490 680 fratrum
513 655 614 688 pravae
625 643 822 687 suspiciones
842 642 1080 682 &calumniae,
1107 639 1152 675 ob

267 695 489 737 quastandem
502 696 621 729 fastum
633 719 643 735 ,
664 692 754 737 quod
766 692 876 727 scribit
890 692 1064 727 Liberatus
1074 691 1153 725 Car-

267 745 476 790 thaginensis.
485 749 636 786 Evoptius
650 745 847 777 Ptolomaidis
861 743 1052 785 Pentapoleos
1063 746 1154 786 regio·

267 801 316 830 nis
327 793 493 839 Episcopus
503 820 513 835 ,
542 800 690 837 accipiens
702 794 857 835 exemplar
867 795 1042 826 litterarum
1065 792 1153 825 Theo-

266 847 362 881 doreti
376 870 387 885 ,
413 852 464 888 qui
469 843 628 889 scripserat
637 853 738 878 contra
752 845 900 878 duodecim
908 842 1051 885 Capitula
1063 842 1153 881 cyril-

265 899 311 937 li,
339 898 453 931 direxit
475 898 552 929 illud
575 897 702 937 cyrillo,
728 904 762 928 ut
783 892 968 937 responderet
980 893 1027 926 ad
1035 903 1094 932 ea,
1121 893 1155 924 (9

262 945 325 993 sud
342 946 485 989 capitula
504 953 660 989 exponeret
672 970 679 978 .
708 947 801 988 ‚Quod
815 943 974 988 gratiffime
992 940 1153 986 suscipiens

269 998 395 1035 cyrillus
411 996 490 1037 fecit
509 1001 787 1037 interpretationem
809 994 1012 1035 Capitulorum
1034 990 1155 1035 suorum

270 1048 421 1079 duodecim
432 1047 549 1080 addens
562 1044 749 1088 expositiones
763 1069 773 1084 ,
800 1055 855 1086 quo
866 1044 1021 1077 videretur
1028 1044 1155 1084 plenam

266 1105 323 1138 pro
333 1104 376 1130 eis
389 1102 532 1129 rationem
551 1097 672 1130 reddere
685 1119 692 1126 .
719 1094 768 1128 Ita
781 1095 863 1128 dicit
891 1093 1050 1129 firmatam
1062 1092 1155 1126 fuisse

271 1146 501 1189 nuperinitam
523 1145 739 1179 Ecclefiarum
763 1154 892 1186 pacem.
921 1144 1095 1178 Errantem
1110 1151 1155 1175 ta·

270 1207 347 1230 men
370 1195 502 1241 Cyrillo
533 1196 730 1238 opinionem
753 1193 827 1229 Ibas
849 1217 859 1235 ,
895 1192 1154 1235 Theodoram,

268 1246 390 1289 aliique
401 1255 515 1280 eorum
527 1245 674 1289 Collegae
685 1246 808 1288 semper
818 1244 1024 1278 retinuerunt
1035 1267 1045 1284 ,
1058 1243 1155 1287 Joan-

269 1306 326 1332 nes
335 1305 445 1331 autem
457 1293 643 1330 Patriarcha
658 1296 797 1332 Domno
811 1295 978 1329 successori
997 1292 1132 1328 tradidit
1144 1318 1154 1333 ,

269 1349 418 1390 resteque
453 1346 558 1391 pergit
582 1345 730 1380 laudatus
765 1345 940 1379 Facundus
962 1369 969 1376 .
998 1348 1154 1386 Contingit

270 1407 482 1438 nonnunquam
508 1403 588 1429 inter
603 1394 736 1439 ejusdem
744 1393 903 1438 sementiae
914 1402 996 1429 viros
1009 1417 1020 1434 ‚
1044 1404 1079 1428 ut
1091 1394 1154 1427 cum

268 1448 304 1481 de
316 1446 402 1479 rebus
415 1444 498 1488 ipsse,
523 1458 591 1489 quae
604 1452 635 1480 in
647 1444 878 1489 quastione-sunt
889 1470 899 1486 ,
925 1447 1003 1479 idem
1009 1443 1153 1488 sapiunt,

266 1501 304 1529 de
314 1495 346 1541 se
356 1507 456 1529 tamen
466 1503 595 1529 invicem
609 1497 695 1529 aliud
704 1495 907 1540 suspicentur,
931 1497 997 1528 cum
1007 1497 1028 1527 ἃ
1040 1496 1155 1527 dicente

269 1547 369 1579 minus
392 1552 529 1588 aperitur
549 1547 674 1586 verbis,
702 1548 781 1588 quod
801 1547 885 1578 corde
907 1553 1075 1586 conceptum
1093 1544 1133 1585 est
1145 1566 1155 1582 ,

267 1596 321 1632 snei
329 1596 368 1628 ab
378 1597 569 1629 audientibus
581 1597 679 1630 minus
691 1595 846 1639 inspicitur
860 1597 986 1628 dicentis
1008 1600 1150 1628 intentio.

271 1644 471 1689 Discernenda
489 1646 527 1687 est
551 1655 650 1679 autem
669 1651 808 1689 impietas
824 1670 834 1685 ,
860 1657 920 1687 qua
933 1646 970 1678 de
992 1647 1053 1678 Deo
1077 1644 1155 1678 male

266 1697 418 1737 creditur,
446 1696 485 1728 ab
506 1702 699 1740 ignorantia,
724 1708 784 1739 qua
795 1695 914 1739 quisque
936 1696 1023 1728 aliter
1034 1695 1070 1729 de
1086 1702 1155 1736 pro-

268 1753 349 1781 ximo
360 1771 370 1787 ,
396 1754 552 1788 tamquam
565 1746 645 1779 homo
656 1748 693 1779 de
706 1746 821 1779 homine
834 1768 845 1785 ‚
858 1742 1027 1788 suspicatur
1037 1770 1045 1777 .
1072 1744 1152 1778 Haec

270 1808 380 1829 tamen
394 1797 617 1831 Orientalium
636 1796 774 1841 suspicio
789 1821 798 1836 ,
824 1795 939 1839 utpote
951 1794 1044 1829 nullo
1056 1820 1067 1835 ,
1093 1795 1151 1828 nisi

270 1847 388 1881 dilecto
408 1845 564 1879 Nestoi-io
578 1871 588 1887 ‚
617 1847 694 1880 nixa
709 1847 945 1885 fundamento,
973 1845 1068 1888 culpa
1085 1857 1152 1879 non

269 1897 374 1929 caruit
395 1921 404 1935 ‚
436 1897 545 1931 nimiis
567 1898 817 1930 excusationum
850 1896 1025 1940 pigmentis
1051 1895 1157 1929 incru-

271 1945 395 1980 statura
405 1946 564 1981 Facundo
573 1971 583 1985 ‚
606 1946 800 1990 Divinaque
811 1946 936 1989 Justitia
950 1946 1041 1988 super
1052 1945 1153 1989 ipsam

271 2007 310 2031 ac
321 2006 362 2029 ex
384 1995 450 2039 ipsa
465 1996 499 2029 in
512 1994 673 2039 prefina
694 1997 831 2039 synodo
845 1997 1031 2030 concitatos
1045 2005 1155 2029 motus

271 2057 341 2081 non
363 2043 574 2080 dormitavit.
602 2045 705 2093 Qod
729 2046 912 2080 Celestinus
934 2044 1092 2079 Pontifex
1119 2045 1153 2078 in

268 2096 334 2130 illis
344 2094 577 2139 dispensatorie
590 2094 799 2130 diffimulavit
808 2120 821 2136 ‚
846 2095 1080 2130 latrocinaliter
1090 2095 1155 2128 fine

269 2144 490 2181 misericordia
510 2145 638 2188 punivit
660 2145 694 2179 in
719 2146 786 2189 ipsa
819 2144 984 2188 Ephefina
1020 2145 1155 2179 civitate

269 2196 450 2233 Dioscorus
475 2219 486 2236 ,
512 2194 758 2232 Alexandrinus
789 2194 973 2238 Episcopus
997 2218 1008 2235 ‚
1046 2205 1157 2238 percu-

269 2247 354 2280 tiens
365 2256 421 2279 eos
433 2246 467 2278 in
490 2245 666 2289 posteriora
680 2268 692 2285 ,
717 2244 902 2288 faciensque
921 2243 1155 2286 immiffiones‚

271 2306 438 2339 tamquam
451 2293 602 2339 Angelus
612 2294 716 2328 malus
727 2320 734 2327 .

322 2343 482 2379 Notanda
505 2345 580 2379 sunt
591 2344 729 2381 adducta
749 2343 896 2381 Facundi
912 2342 1023 2378 verba:
1051 2345 1132 2376 Sicut
1146 2368 1156 2383 ‚

274 2395 374 2430 adhuc
382 2393 559 2433 Eutychiani
566 2403 679 2436 putant
692 2419 699 2426 .
730 2394 922 2429 Abutuntur
932 2392 1051 2435 Cyrilli
1062 2392 1156 2436 Capi-

274 2446 352 2479 tulis
376 2469 387 2485 ,
413 2443 583 2488 quomodo
605 2443 785 2489 Augustini
808 2443 914 2477 verbis
946 2442 1156 2484 Calvinistae,

274 2506 442 2538 tamquam
474 2494 515 2528 ad
536 2494 650 2538 lupum
682 2494 863 2538 tegendum
899 2494 1008 2527 ovinis
1042 2492 1126 2528 lanis
1148 2519 1156 2528 .

273 2544 407 2580 Deinde
415 2544 459 2579 ob
469 2547 612 2579 rationes
624 2544 715 2587 supra
724 2557 764 2578 ex
778 2544 928 2587 Hypatio
942 2542 1157 2587 Ephesiorum

274 2595 440 2641 Episcopo
459 2595 611 2631 adductas
631 2593 902 2629 Chalcedonensis
931 2593 1085 2637 Synodus
1108 2606 1157 2627 ea-

272 2648 346 2680 dem
370 2645 525 2690 Capitula
538 2644 697 2682 diserte&
718 2645 888 2689 expreflim
900 2655 967 2677 non
987 2643 1158 2679 confirma-

274 2698 340 2730 vit.
368 2696 461 2730 Hinc
470 2695 663 2732 Gennadius
675 2696 789 2739 Regiae
798 2695 940 2728 civitatis
953 2694 1135 2737 Episcopus
1146 2718 1156 2734 ,

277 2749 311 2779 in
323 2745 542 2781 Orientalium
554 2745 791 2789 Episcoporum
801 2744 979 2788 &Ioannis
990 2744 1158 2787 Presbyte-

275 2794 521 2830 riAntiocheni
544 2796 761 2839 suspicionem
783 2796 887 2839 lapsus
898 2794 942 2828 est
956 2817 966 2834 ,
994 2793 1158 2828 detestans

277 2845 431 2888 Capitula
443 2871 453 2886 ,
480 2858 547 2880 non
569 2858 605 2880 ut
617 2845 766 2881 hominis
776 2844 918 2880 haeretici
936 2846 1053 2879 foetum
1066 2868 1077 2884 ,
1104 2844 1158 2879 sed

276 2905 312 2931 ut
335 2905 413 2928 tunc
435 2897 621 2939 grassantis,
649 2895 739 2939 cujus
752 2897 818 2939 ipse
839 2894 956 2929 durum
970 2893 1157 2938 flagellum,

276 2944 496 2990 Eutychianae
507 2958 543 2979 ac
555 2946 829 2989 Apollinaristicae
839 2945 1017 2988 impietatis
1031 2945 1158 2981 fomen-

182 3030 194 3044 μ
229 3032 235 3039 .
276 3006 347 3030 tum
358 3017 365 3025 .
388 2994 485 3032 Talia,
504 2995 610 3038 inquit
620 2996 806 3042 Facundus,
818 2997 855 3028 de
868 2996 972 3034 cyrillo
983 2995 1157 3028 Gennadius

276 3056 333 3077 non
350 3043 512 3087 ftriberet,
538 3045 593 3086 nifi
610 3047 735 3080 dicentis
758 3051 945 3079 intentionem
956 3046 1055 3078 minus
1074 3046 1159 3077 intel-

276 3093 406 3137 lexi-sset.
435 3097 535 3128 Potuit
558 3097 594 3127 de
614 3095 785 3136 Christiana
810 3096 977 3139 Rugum,
1002 3106 1069 3137 quae
1081 3095 1159 3128 retia

274 3145 344 3188 szmt
355 3170 365 3184 ,
390 3146 511 3178 credens
531 3156 587 3178 non
599 3147 777 3181 intellec‘lum
796 3146 913 3179 beatum
926 3145 1065 3184 cyrillum
1077 3145 1159 3178 retia

280 3201 440 3228 intentione
462 3196 597 3237 culpare.
626 3196 700 3239 Ego
722 3197 828 3230 dicere
854 3195 991 3236 malim,
1019 3195 1108 3238 quod
1120 3196 1160 3230 ad

281 3245 422 3286 superins
446 3243 581 3280 adducta
605 3245 740 3290 Joannis
764 3244 968 3279 Antiocheni
993 3245 1089 3279 verba
1115 3247 1161 3279 ait

283 3294 476 3329 Gennadius
496 3293 699 3331 Massiliensis
712 3307 722 3327 .·
749 3296 842 3338 ,Quod
852 3297 943 3329 valde
967 3301 1096 3328 inaniter
1116 3298 1162 3329 di-

281 3349 321 3378 cit
331 3366 338 3373 .
368 3342 495 3377 Eodem
507 3344 605 3378 modo
617 3342 756 3379 Isidorus
776 3342 951 3378 Pelusiotes
965 3345 1103 3378 nimium
1117 3348 1160 3381 fa·

282 3394 344 3428 erle
356 3392 492 3429 credidit
504 3394 708 3433 calumniosis
718 3394 916 3428 clamoribus
927 3394 1161 3438 Episcoporum

282 3441 504 3476 Orientalium
518 3466 525 3473 .
546 3443 696 3486 Capitula
708 3444 840 3478 tandem
851 3443 960 3477 denuo
971 3443 1160 3480 solemnissi—

283 3492 335 3526 me
349 3491 497 3534 probavit
508 3491 621 3534 quinta
633 3493 784 3535 Synodus
798 3519 807 3534 ,
827 3495 984 3527 famosam
997 3493 1060 3528 lbae
1070 3496 1162 3529 Edes-

283 3542 350 3578 seni
364 3540 543 3587 Epistolam
554 3541 586 3573 ὃς
600 3540 808 3579 Theodoreti
824 3544 856 3577 in
872 3543 1035 3589 Cyrillum
1045 3545 1160 3590 scripta

1270 35 1283 50 Ι

850 155 897 203 D
933 173 950 201 ι
985 170 1004 202 s
1041 170 1060 201 s
1094 162 1491 204 carr-⁶2:121«)

1212 239 1372 273 damnans
1383 262 1395 279 ,
1419 240 1510 283 quod
1532 240 1685 284 Capitula
1708 253 1744 289 ut
1766 241 1868 290 impia
1889 245 1923 280 ὃ(
1949 243 2106 283 haeretice*-

1213 289 1456 335 impugnassent
1471 315 1478 322 .
1503 290 1635 328 Exinde:
1659 296 1775 330 euhsta
1787 296 1829 331 de
1854 296 1919 331 illis
1930 308 2027 341 prava
2035 298 2098 335 sus»

1213 341 1302 385 Picio
1312 339 1357 375 est
1370 339 1453 374 fabia
1465 338 1662 388 damnabilis
1673 368 1681 376 .
1707 345 1867 394 Qisquis
1875 347 1907 381 ei
1928 347 2100 393 indulgere

1213 390 1355 435 perrexit
1366 412 1376 430 ,
1402 389 1575 425 anathema
1586 389 1740 431 incurrit.
1769 396 1881 432 Etiam
1893 398 1981 434 sexta
1994 399 2110 442 syno·.

1214 439 1275 475 dus
1297 449 1392 475 vocat
1411 442 1557 483 Capitula
1579 444 1690 475 Divini
1712 446 1813 482 cmiii
1826 471 1833 479 .
1900 449 1958 483 uin
1979 448 2097 483 eadem

1213 491 1422 526 confirmavit
1441 492 1475 525 δε
1493 491 1647 534 synodus
1666 490 1964 539 Chalcedonensis,
1990 498 2103 533 adsen-

1213 541 1300 576 tiens
1321 541 1457 587 Legatis
1480 542 1682 585 Apostolicis
1703 567 1715 584 ‚
1740 542 1964 583 adserentibus
1981 544 2099 583 omnia

1217 590 1333 635 Ephesi
1339 593 1373 626 ni
1387 591 1554 626 latrocinii
1566 594 1635 627 asta
1643 594 1708 628 eise
1720 604 1776 637 per
1785 594 1939 630 Sanctum
1950 598 2102 634 Leonem

1216 642 1415 676 Pontificem
1440 642 1557 676 cassata
1580 653 1688 686 praeter
1696 643 1948 679 damnationem
1962 646 2101 687 'Domni
2120 623 2183 656 A&
2210 636 2253 655 ¹⁰*

1216 690 1410 726 Patriatchae
1422 691 1629 727 Antiocheni
1642 718 1650 725 .
1679 693 1761 728 Earn
1769 694 1806 728 ἀ
1817 694 1921 730 didius
1931 695 2103 738 Pontifex,

1214 740 1390 777 &laudata
1410 741 1566 784 synodus
1589 742 1730 778 habuere
1742 755 1867 786 ratam,
1894 746 1984 790 quod
1997 747 2102 783 Dom-

1218 804 1277 826 nus
1290 792 1411 836 Cyrilli
1424 791 1580 835 Capitula
1590 795 1726 829 tacenda
1752 795 1938 839 scripsisset.
1964 796 2105 836 Basilius

1217 843 1310 877 Cilix
1331 842 1376 876 est
1389 842 1541 886 responso
1564 841 1723 888 indignus
1735 867 1747 884 ‚
1770 846 1847 887 quia
1858 844 1962 880 homo
1985 846 2104 881 Nesto·

1216 894 1259 926 ria
1266 904 1325 927 nus
1352 906 1360 925 :
1396 892 1475 927 licet
1506 892 1696 930 Nestorium
1727 895 1862 930 damnet
1883 920 1894 937 ,
1931 897 2103 940 profitetur

1216 943 1407 978 Diodorum
1428 942 1652 977 Tharsensem
1679 968 1690 985 ,
1715 957 1753 980 ac
1775 944 1998 981 Theodorum
2026 948 2105 982 Mo·

1217 993 1421 1037 psuestenum
1435 1019 1441 1025 .
1470 994 1524 1027 De
1535 994 1749 1029 Maximiano
1761 995 2106 1041 Constantinopolita-

1217 1055 1262 1078 no
1274 1042 1435 1089 Episcopo
1448 1068 1460 1084 ‚
1485 1054 1524 1078 ac
1533 1044 1603 1087 ejus
1613 1045 1750 1088 Synodo
1764 1046 1833 1079 falli
1854 1046 1952 1081 credo
1971 1046 2104 1083 Libera-

1216 1105 1287 1129 tum
1300 1093 1594 1139 Carthaginensem
1607 1120 1614 1127 .
1644 1095 1727 1129 Eam
1740 1095 1828 1130 enim
1841 1097 1883 1130 rei
1897 1097 2107 1140 impoffibilis-

1218 1144 1475 1189 postulationem
1491 1144 1548 1178 fibi
1560 1147 1577 1179 ὲ
1602 1145 1671 1179 solo
1683 1147 1811 1191 Joanne
1829 1146 2047 1182 Antiocheno
2065 1158 2103 1182 ac

1215 1195 1283 1238 ejus
1295 1195 1435 1238 synodo
1442 1196 1557 1229 faciam
1567 1196 1626 1230 scri
1633 1195 1679 1229 bit
1686 1196 1804 1230 diserte
1813 1196 1959 1240 Cyrillus
1969 1197 2011 1232 ad
2020 1197 2107 1232 Aca-

1216 1246 1304 1280 cium
1327 1246 1513 1285 Melitinae,
1540 1246 1575 1281 &
1597 1247 1771 1281 Donatum
1795 1247 2001 1290 Nicopoleos
2028 1247 2108 1292 Epi-

1218 1297 1351 1339 scopum
1366 1319 1377 1336 ,
1402 1296 1518 1330 veteris
1529 1296 1883 1340 EpiriMetropolitam
1895 1322 1902 1330 .
1921 1317 1923 1320 ⁴

1241 1345 1355 1380 Restat
1367 1357 1600 1390 argumentum
1610 1346 1652 1381 de
1664 1348 1856 1381 auctoritate
1868 1345 1982 1391 Ephesi
1988 1357 2036 1382 nae
2046 1349 2105 1392 Sy-

1218 1395 1298 1431 nodi
1307 1406 1363 1440 per
1373 1394 1487 1431 Sedem
1501 1396 1531 1430 A
1535 1396 1728 1440 postolicam
1755 1397 1969 1432 confirmatae:
1998 1409 2105 1442 neque

1216 1446 1305 1480 enim
1326 1457 1431 1480 unum
1454 1446 1620 1489 Cyrillum
1643 1471 1654 1487 ,
1680 1447 1735 1482 sed
1754 1448 1787 1482 δε
1808 1446 1894 1482 hanc
1921 1448 2103 1483 Orientalis

1215 1496 1372 1531 Dioecefis
1385 1509 1423 1531 ac
1436 1496 1697 1542 illiadhaerentes
1708 1508 1829 1532 novem
1840 1498 1911 1532 aliae
1920 1497 2106 1533 Provinciae

1216 1546 1413 1580 damnarunt
1432 1547 1547 1581 erroris
1562 1572 1569 1579 .
1597 1548 1787 1590 Respondet
1808 1548 1958 1582 laudatus
1977 1549 2107 1583 Facun-

1214 1595 1274 1630 dus
1284 1620 1291 1629 .
1320 1601 1392 1630 Haec
1411 1598 1608 1631 Orientalium
1618 1622 1630 1638 ,
1654 1599 1988 1642 aliorumque-*Patrum
2012 1599 2049 1632 de
2057 1600 2106 1638 5,—
2121 1610 2182 1644 1--7-
2200 1612 2259 1640 (Α,

1214 1649 1288 1679 nodo
1298 1645 1448 1689 prefina
1467 1645 1589 1690 suspicio
1597 1671 1609 1687 ,
1636 1659 1696 1689 qua
1709 1647 1911 1686 existImantes
1931 1660 1998 1681 eam
2006 1650 2107 1681 tradi-⁴
2262 1654 2267 1658 ‘

1215 1702 1308 1730 tiones
1318 1706 1466 1739 paternas
1478 1697 1528 1739 effe
1539 1694 1745 1739 transgressam
1760 1721 1769 1736 ,
1777 1705 1835 1738 pro
1844 1695 1912 1740 ipsa
1917 1697 1980 1739 fide
1989 1720 2000 1736 ,
2010 1702 2105 1740 quam

1213 1753 1403 1780 communiter
1416 1746 1557 1779 tenebant
1569 1770 1579 1785 ,
1605 1748 1757 1779 adversus
1766 1758 1832 1779 eam
1842 1747 2000 1780 certabant
2011 1769 2023 1786 ,
2047 1752 2104 1780 mi·

1215 1795 1354 1839 bistmtlis
1380 1797 1501 1829 videtur
1511 1801 1537 1828 ei
1550 1793 1729 1839 suspicioni,
1757 1807 1824 1838 quae
1826 1797 1858 1838 J
1859 1795 1906 1838 efic
1919 1801 2017 1830 Nave
2027 1805 2103 1830 tem-

1210 1847 1331 1889 poribus
1340 1845 1517 1887 ortafuerat
1528 1851 1560 1878 in
1575 1847 1681 1887 populo
1692 1843 1788 1888 Israel
1798 1871 1807 1884 ,
1834 1847 1899 1879 cum
1908 1845 2102 1880 laudabiliter

1215 1895 1346 1939 ejusdem
1351 1897 1454 1938 populi
1460 1904 1534 1937 pars
1541 1904 1598 1937 pro
1612 1899 1666 1928 Dei
1677 1897 1755 1929 cultu
1760 1894 1878 1938 solicita
1887 1897 2041 1930 adversos
2058 1899 2103 1929 ai-

1215 1955 1437 1988 terampartem
1463 1947 1546 1988 aequ?
1553 1944 1698 1989 solicitam
1719 1952 1914 1979 concitaretur
1927 1971 1937 1986 ‚
1965 1952 2104 1980 intentio·

1217 2009 1280 2031 nem
1290 1999 1354 2038 eius
1372 2000 1514 2040 ignoran's
1529 2021 1535 2027 .
1562 1995 1676 2030 Altare
1687 2020 1697 2035 ,
1726 1996 1766 2030 ad
1795 1996 1943 2038 Jordanis
1954 1997 2057 2039 ripam
2080 1998 2101 2031 a

1217 2046 1291 2081 filiis
1301 2045 1422 2080 Ruben
1434 2069 1445 2086 ,
1471 2045 1545 2079 Gad
1556 2068 1567 2084 ,
1592 2057 1630 2080 ac
1640 2046 1748 2079 media
1758 2045 1845 2079 tribu
1855 2046 2007 2081 Manaffe
2017 2047 2104 2080 resia.

1217 2108 1326 2131 mente
1346 2098 1483 2131 etesium
1494 2120 1503 2136 ,
1532 2096 1663 2138 reliquae
1673 2095 1774 2130 tribus
1796 2105 1834 2128 ut
1860 2094 2106 2130 schismaticum

1216 2158 1366 2191 accepere
1380 2170 1391 2185 ‚
1404 2146 1505 2188 parati
1518 2145 1685 2178 vindica-re
1695 2145 1796 2179 etiam
1807 2145 1922 2186 armis.
1952 2145 2102 2179 Historia

1217 2206 1295 2231 nota
1308 2197 1353 2229 est
1364 2221 1375 2236 ‚
1389 2196 1558 2239 pergitque
1569 2194 1745 2228 Facundus
1756 2219 1763 2227 .
1793 2195 1882 2226 Vides
1896 2199 1988 2236 igitur
1998 2217 2009 2233 ,
2022 2196 2106 2236 quod

1212 2256 1268 2290 pro
1279 2248 1382 2280 eadem
1393 2246 1528 2287 religione
1538 2268 1548 2283 ,
1558 2255 1619 2285 qua
1629 2244 1706 2276 telle
1715 2244 1813 2276 colitur
1826 2246 1919 2283 Deus,
1933 2255 1991 2275 non
2005 2243 2108 2286 solum«

1217 2298 1362 2339 diffentire
1374 2297 1394 2326 ἃ
1403 2293 1436 2336 se
1447 2298 1575 2326 invicem
1585 2318 1595 2333 ‚
1623 2293 1728 2326 verum
1738 2298 1829 2325 etiam
1846 2292 2036 2326 laudabiliter
2041 2301 2102 2335 pu-

1211 2356 1306 2391 gnare
1316 2344 1479 2378 adversum
1486 2341 1520 2386 se
1532 2341 1653 2386 religiofi
1658 2354 1692 2376 ac
1702 2342 1842 2382 rec‘liffxmi
1847 2343 2038 2384 pffnt‚dum
2048 2355 2101 2381 eos

1217 2407 1274 2430 non
1284 2396 1362 2428 ratio
1385 2397 1494 2427 Divini
1520 2394 1613 2426 cultus
1626 2417 1637 2433 ‚
1657 2391 1718 2436 sed
1725 2392 1850 2426 alterius
1877 2394 2005 2429 alterum
2024 2395 2102 2427 latet

1216 2451 1340 2479 intentio
1359 2469 1367 2476 .
1394 2446 1584 2487 ,Quapropter
1607 2449 1657 2485 qui
1683 2442 1767 2475 nobis
1789 2444 1891 2475 dicunt
1901 2465 1912 2482 ,
1930 2442 1960 2484 fi
1977 2442 2100 2485 prefi-

1218 2509 1287 2530 nam
1297 2495 1439 2533 synodum
1448 2492 1606 2534 recepistis,
1615 2493 1806 2526 condemnate
1817 2496 1986 2526 Provinciae
1994 2497 2102 2527 Orien-

1218 2552 1257 2579 tis
1270 2548 1303 2579 er
1314 2546 1443 2577 aliarum
1454 2553 1558 2576 novem
1578 2545 1807 2575 Provinciarum
1832 2541 1992 2586 Episcopos
2005 2567 2017 2583 ‚
2043 2555 2102 2576 me-

1217 2599 1275 2630 rito
1285 2596 1411 2628 audient
1420 2618 1430 2632 ‚
1455 2602 1489 2626 ut
1493 2591 1522 2634 fi
1528 2594 1562 2626 (9—
1571 2590 1625 2634 ipſs
1628 2595 1708 2637 filios
1730 2593 1836 2626 Ruben
1848 2595 1882 2627 (3
1893 2594 1967 2625 Gad
1975 2617 1987 2634 ‚
2008 2595 2046 2628 ,δ’
2053 2595 2106 2626 dt-

1217 2647 1341 2679 midiam
1362 2643 1473 2677 tribum
1486 2643 1616 2685 Manaffe
1637 2648 1784 2684 recipiunt
1795 2667 1807 2683 ,
1832 2645 2028 2677 condemnent
2047 2649 2104 2676 tri-

1217 2697 1287 2730 bum
1297 2698 1376 2728 Levi
1396 2695 1431 2727 δ’
1441 2694 1520 2726 alias
1531 2705 1637 2726 novem
1661 2693 1757 2725 tribus
1771 2716 1782 2732 ,
1808 2705 1884 2735 quas
1895 2694 1958 2726 cum
1963 2691 2104 2735 fratrum

1212 2745 1330 2790 suorum
1339 2745 1444 2777 lateret
1463 2748 1588 2776 intentio
1600 2767 1610 2782 ,
1638 2754 1685 2776 eos
1712 2742 1859 2776 debellare
1881 2750 2084 2777 convenerant
2093 2767 2109 2775 ..

1219 2800 1247 2829 E
1251 2805 1264 2828 t
1276 2796 1350 2829 certe?
1362 2800 1395 2826 in
1406 2794 1454 2827 illo
1460 2795 1565 2835 populo
1587 2803 1674 2826 erant
1684 2798 1776 2826 etiam
1792 2792 1947 2835 prophetae
1960 2817 1971 2834 ,
1995 2803 2046 2827 nec
2056 2798 2104 2826 eis

1217 2852 1348 2887 imputat
1370 2841 1526 2886 quisquam
1538 2867 1548 2883 ‚
1573 2844 1654 2884 quod
1661 2849 1826 2876 animorum
1835 2843 1975 2884 fratrum
1982 2842 2102 2886 suorum

1213 2896 1349 2939 prudens
1360 2891 1504 2935 confilium
1511 2904 1569 2925 non
1578 2893 1713 2926 viderint
1723 2918 1733 2933 ‚
1759 2894 1822 2925 cum
1827 2892 1923 2935 facile?
1931 2894 2012 2936 pfft
2017 2904 2103 2925 oran-

1201 2923 1205 2994 l
1218 2946 1298 2979 tibus
1307 2956 1346 2978 ex
1357 2952 1475 2985 accepta
1481 2942 1646 2986 prophetiae
1651 2949 1756 2987 gratia
1767 2945 2037 2977 revelaris:0mnes
2046 2953 2101 2975 au-

1201 2996 1278 3038 ltem
1302 2996 1467 3028 Orientales
1479 3018 1489 3033 ‚
1515 3003 1603 3035 atque
1614 2995 1743 3026 aliarum
1767 2996 1993 3026 Provinciarum
2018 2996 2110 3025 Anti-⁵

1202 3041 1205 3069 l
1212 3046 1297 3087 stites
1309 3070 1319 3085 ‚
1347 3056 1416 3086 quos
1429 3045 1636 3085 Capitulorum
1645 3043 1725 3077 beati
1732 3045 1839 3082 *Cyrilli
1852 3045 1944 3076 latuit
1953 3048 2082 3076 intentio
2090 3068 2101 3082 ,

1202 3094 1205 3115 l
1219 3103 1252 3130 ut
1272 3094 1454 3137 prefinam
1472 3095 1677 3136 synodumpro
1699 3105 1796 3126 eorum
1801 3092 1981 3136 susceptione
2004 3094 2104 3133 culpa·

1219 3154 1285 3180 rent
1297 3169 1308 3185 ,
1333 3141 1491 3186 Episcopos
1506 3145 1630 3178 dicimus
1643 3168 1654 3184 ,
1680 3155 1739 3176 non
1749 3144 1915 3185 Prophetas
1927 3170 1936 3178 .
1964 3142 2105 3185 Elegan-

1203 3211 1206 3230 ε
1220 3207 1268 3231 ter
1279 3194 1425 3239 pluribus
1437 3195 1580 3229 ostendit
1591 3205 1648 3229 eos
1661 3195 1700 3228 de
1708 3194 1836 3237 Synodi
1850 3205 1917 3228 non
1929 3192 2086 3235 dogmate
2094 3213 2107 3231 ,

1222 3245 1274 3280 sed
1290 3246 1373 3278 fasto
1386 3243 1456 3278 solo
1466 3254 1563 3287 atque
1574 3244 1761 3278 intentione
1774 3243 1885 3278 errasse
1895 3265 1902 3273 ·

1271 3294 1410 3329 Videtur
1419 3294 1594 3329 difficultas
1607 3303 1675 3328 non
1686 3294 1750 3329 effe
1767 3302 1921 3329 evacuata
1934 3316 1941 3322 .
1968 3289 2111 3326 Etenim

1220 3345 1260 3379 de
1273 3344 1433 3390 generalis
1446 3345 1573 3387 Synodi
1584 3344 1775 3389 dogmatico
1785 3341 1872 3375 fano
1882 3350 1981 3384 atque
1993 3341 2109 3374 >inten-

1221 3396 1312 3429 tione
1323 3394 1412 3434 falli,
1442 3395 1475 3428 &
1486 3406 1632 3438 paternas
1644 3391 1834 3428 Christianae
1850 3390 2002 3425 dofflinae
2012 3388 2111 3424 tradi·

1220 3446 1325 3479 tiones
1335 3444 1377 3478 ab
1390 3445 1455 3487 ipsa
1470 3445 1605 3478 violatas
1613 3442 1800 3477 existimare
1810 3440 1855 3474 est
1868 3439 2013 3474 omnino
2037 3439 2108 3474 falli

1224 3497 1257 3529 in
1270 3496 1444 3539 dogmate:
1474 3494 1529 3528 Est
1541 3492 1666 3528 credere
1677 3491 1860 3535 legitimam
1870 3491 1904 3524 δε
1918 3489 1959 3524 ab
1967 3488 2111 3533 Aposto-

1222 3545 1282 3581 lica
1295 3544 1375 3580 Sede
1386 3544 1612 3581 confirmatam
1623 3540 1795 3584 synodum
1808 3540 1894 3585 poffe
1908 3541 1942 3575 in
1952 3538 2110 3584 dogmate

1982 3600 2063 3625 8112·
