2340 3736
604 177 916 230 Scironis,
955 188 1016 216 ετ
1053 185 1229 217 noi-15
1264 174 1642 220 Ιιιυέτιωιτῐ.

227 265 303 299 ricis
322 261 465 305 prosecta
484 259 560 294 vitae
578 258 767 293 communis
792 254 1031 297 desertoribus,
1057 257 1104 292 di-

224 325 276 349 cat
298 313 331 346 in
350 313 457 355 primo
468 311 616 345 sermone
636 309 677 343 de
697 309 869 342 communi
884 308 948 341 vita
961 306 1107 341 Clerico-

222 374 308 398 rum.
337 365 403 405 Ego
415 366 442 395 ei
465 372 524 395 non
544 360 645 402 aufero
668 361 847 392 clericatum
862 383 869 389 .
894 360 1054 401 ,Quantum
1071 357 1109 398 fit

216 415 402 456 perieulum,
427 421 501 445 ante
530 412 620 444 oculos
637 408 740 453 posui:
762 408 881 450 faciat,
908 407 988 449 quod
1013 408 1095 440 vult.

220 468 308 496 Novi
333 469 434 502 enim,
459 462 538 505 quod
555 460 582 502 Ιῖ
598 463 725 503 aliquem
745 459 798 492 hoc
822 458 987 499 facientem
1003 458 1108 500 degra-

219 514 293 546 dare
311 514 449 552 voluero,
477 523 532 545 non
548 517 573 544 ei
595 514 722 545 deerunt
737 513 883 550 patroni,
909 518 970 539 non
991 511 1018 539 ei
1040 508 1106 540 dee-

198 598 205 612 (
218 572 291 596 runt
303 561 520 606 suffragatores
533 587 543 603 ,
569 563 603 596 cb*
624 560 670 593 his
692 560 727 592 ὁ·
746 559 830 600 apud
849 554 1026 600 Episcopos,
1055 563 1105 600 qut

217 614 341 653 abeant:
369 614 460 657 ‚Quid
478 613 552 645 mali
564 611 662 653 fecit?
687 611 760 641 Non
779 607 869 649 potest
880 615 976 640 tecum
999 608 1104 641 tolera-

215 663 345 705 i,e:⁵slam
369 670 485 697 vitam:
516 665 622 693 Extra
640 656 851 701 Epifivpatum
875 659 945 691 vult
964 669 1084 691 manere
1095 683 1105 698 ,

217 713 367 750 &nivere
377 715 540 754 deproprio
555 735 565 751 ,
591 711 656 742 ideo
673 720 731 742 non
741 709 827 742 debet
834 710 960 750 perdere
977 710 1104 742 clerica-

217 773 296 796 tum.
328 765 372 799 Et
403 762 444 796 ad
474 759 693 794 Dominicum
713 756 1009 804 Carthaginensem
1031 758 1105 802 Epi-

43 832 160 871 Lfflgp,
169 841 178 852 ‚
183 842 198 869 3
215 815 349 858 scopum
362 811 470 847 scribit
483 809 662 854 Gregorius
675 810 822 854 Magnus
835 835 841 841 .
860 811 1006 852 ‚Queritur
1017 811 1104 841 Cum.

164 852 176 870 ³
214 866 345 906 quodeus
359 860 458 895 Abbas
467 886 478 901 ,
501 868 573 903 quia
576 859 607 902 fi
613 861 731 902 quando
744 858 896 893 monachos
907 856 965 902 sub
976 860 1103 902 regulari

216 916 341 948 voluerit
361 909 519 956 disciplina
553 910 723 954 restringere
735 934 746 950 ,
770 908 975 949 monasterium
996 911 1103 942 temere

214 962 375 1007 deserant,
403 963 437 995 (5
460 962 537 994 licite*
557 972 732 1003 quocumque
754 959 925 1000 voluerint,
951 967 1101 1002 vagantes

175 1035 177 1037 >
213 1013 366 1053 existant.·
390 1016 413 1044 A
436 1010 609 1054 quibusdam
621 1010 778 1054 EpiscopiJ
803 1012 868 1044 illos
880 1008 977 1052 asserit
999 1009 1104 1051 defen-

35 1065 197 1103 .L.1.Ep.33
209 1061 292 1107 sari.
321 1062 476 1106 Ejusdem
489 1061 663 1095 Pontificis
674 1072 821 1104 tempore
835 1059 1022 1095 venantius
1033 1071 1102 1093 mo-

49 377 83 409 'C
93 390 121 415 4·

1923 188 1988 234 77

1168 254 1352 298 eodemque
1374 254 1416 288 de
1446 253 1576 297 flagitio
1606 255 1750 297 queritur
1784 256 1872 291 sexta
1899 255 2054 298 synodus

1169 305 1337 341 Toletana
1351 331 1358 339 .
1386 304 1494 349 Ipsum
1509 303 1527 336 ὲ
1540 304 1662 339 Carolo
1681 306 1813 351 Magno
1826 308 1861 340 in
1884 305 2056 341 monachis
2080 311 2114 340 C.
2129 312 2158 339 6.

1171 355 1406 400 Longobardis
1427 354 1591 398 compesci
1615 366 1707 399 rogat
1727 356 1812 400 apud
1848 356 2055 390 Fiant-iseum
2083 349 2165 389 Epist.
2186 358 2235 384 94·

1170 406 1215 440 du
1227 405 1357 441 Chesne
1372 405 1537 439 Adrianus
1557 404 1698 447 primus.
1727 407 1769 440 Et
1793 407 1926 441 Sanetus
1944 405 2058 440 Petrus

1172 456 1330 490 Damiani
1354 455 1474 499 scripfit
1501 453 1716 498 opusculum,
1743 458 1796 489 cui
1818 457 1952 490 titulus:
1982 456 2058 489 Rhe·
2079 463 2235 504 Opust-16.

1173 506 1291 540 thoricae
1316 507 1532 539 declamationis
1559 505 1688 538 invectio
1713 510 1745 537 in
1763 506 1941 548 Episcopum
1962 518 2061 539 monas

1172 557 1237 590 chos
1263 558 1306 589 ad
1324 555 1466 600 saeculum
1489 564 1673 589 revocantem
1695 580 1701 587 .
1744 555 1910 597 Ejusmodi
1945 558 2057 598 itaque

1171 608 1355 641 temerarios
1390 608 1485 641 ausus
1521 607 1699 649 compescit
1734 605 1854 638 Canon
1874 630 1884 645 ,
1921 606 1940 639 ii
1965 606 2061 649 pluri-

1170 657 1232 690 mis
1252 657 1462 699 postmodum
1490 656 1876 702 Synodisconfirmarus.
1907 655 2058 691 Unde&

1172 707 1305 741 Sanetus
1330 706 1537 752 Augustinus
1564 707 1678 750 prioris
1706 705 1975 750 pusillanimitatis
1994 717 2059 749 Ροε-

1170 758 1279 791 nitens
1302 757 1383 791 dicit
1411 757 1452 791 ad
1478 759 1635 801 populum
1659 758 1694 790 in
1730 757 1874 790 secundo
1911 756 2058 790 sermone

1169 808 1210 841 de
1232 808 1403 842 communi
1428 808 1493 841 vita
1507 808 1711 840 Clericorum
1730 832 1736 838 .
1764 806 1871 840 Delebo
1887 817 1953 839 eum
1964 807 2002 838 de
2014 816 2061 838 ta-

1170 858 1241 891 bula
1252 860 1446 891 clericorum.
1474 859 1642 899 Interpellet
1665 867 1766 890 contra
1786 869 1833 890 me
1854 858 1933 889 mille
1955 861 2060 889 Conci-

1169 911 1233 946 lia,
1259 915 1381 952 naviget
1403 916 1502 941 contra
1525 920 1570 940 me
1591 933 1601 948 ‚
1626 919 1681 949 quo
1705 909 1830 942 voluerit
1852 922 1862 941 .·
1900 908 1942 938 Sit
1964 908 2059 946 certe,

1171 958 1219 990 ubi
1238 965 1391 1000 potuerit,
1415 957 1575 1000 adiuvabit
1593 971 1638 991 me
1657 960 1735 991 Deus
1751 983 1760 998 ,
1787 968 1821 991 ut
1833 958 1883 991 ubi
1906 969 1953 1000 ego
1983 959 2059 998 Epi-

1164 1007 1265 1052 scopus
1283 1007 1371 1052 sum,
1395 1009 1455 1041 illic
1486 1010 1620 1042 Clericus
1646 1011 1696 1052 effe
1733 1020 1790 1041 non
1809 1010 1907 1050 poffit.
1946 1006 2059 1050 Atque

1169 1060 1213 1092 ita
1247 1058 1339 1093 firma
1373 1058 1540 1102 persistunt
1574 1068 1653 1093 vota
1684 1059 1865 1096 monastica
1888 1058 2058 1093 adversum

213 1113 337 1148 nachus
348 1112 388 1148 ad
400 1112 501 1146 Italiae
513 1111 791 1146 Cancellariatum
803 1109 1004 1153 apostatavit.
1028 1109 1100 1143 Alii
1168 1107 1377 1145 Lutheranos
1401 1110 1434 1143 &
1455 1109 1652 1145 Calvinistas
1666 1132 1674 1141 .

212 1160 295 1199 ''i'tem
307 1163 348 1199 ad
359 1162 490 1206 nuPtias
512 1163 547 1199 δε
558 1162 697 1197 militare
719 1161 892 1207 cingulum
915 1161 990 1205 lapsi
1002 1161 1077 1197 sunt
1092 1183 1105 1200 ‚

592 1428 1271 1503 CANON
1391 1427 1734 1541 VIIL

353 1614 499 1662 Lerici
521 1648 534 1672 ‚
570 1613 648 1678 qui
684 1609 973 1678 praeficiuntur
1009 1606 1375 1676 ptochodochiis,
1410 1612 1455 1657 &
1490 1609 1569 1674 qui
1595 1607 1850 1657 ordinantur
1886 1610 2054 1658 inmo-

220 1613 352 1752 C
388 1682 580 1731 nasteriis
616 1685 659 1729 &
694 1680 885 1731 Basilicis
921 1685 1171 1747 Martyrum
1198 1716 1211 1739 ,
1247 1676 1324 1726 sub
1360 1677 1674 1746 Episcoporum
1699 1716 1712 1738 ,
1748 1681 1826 1744 qui
1865 1681 1912 1728 in
1948 1697 2056 1728 una-

146 1748 148 1752 *
212 1770 391 1819 quaque
427 1753 611 1800 civitate
648 1748 772 1809 sunt,
810 1749 1045 1800 secundum
1081 1748 1321 1798 sanctorum
1359 1753 1534 1799 Parrum
1570 1748 1826 1798 traditiones
1867 1786 1880 1809 ‚

861 1838 938 1888 per
974 1823 1298 1869 contumaciam
1346 1819 1403 1869 ab
1439 1819 1656 1889 Episcopo
1690 1819 1764 1869 suo
1799 1819 2004 1870 dissiliant
2043 1856 2057 1869 .

212 1823 322 1872 state
357 1835 639 1890 permaneant
667 1856 682 1882 ‚
731 1837 811 1868 nec

1925 1766 2055 1817 pote-

213 1895 303 1961 Qi
340 1892 448 1942 vero
485 1889 645 1941 audent
680 1889 875 1941 evertere⁴
909 1889 1202 1955 hujuscemodi
1240 1890 1423 1940 formam
1459 1908 1741 1958 quocumque
1778 1889 1937 1951 modo,
1973 1909 2053 1941 nec

210 1964 390 2032 proprio
426 1961 707 2027 subjiciuntur
742 1960 959 2029 Episcopo
980 1998 993 2020 ‚
1034 1959 1246 2027 siquidem
1281 1962 1449 2010 Clerici
1486 1960 1582 2010 sunt
1622 1999 1635 2022 ‚
1685 1966 1917 2010 Canonum
1954 1979 2052 2010 cor-

211 2033 489 2099 reptionibus
524 2031 772 2096 subjaceant
811 2053 825 2092 3
881 2032 914 2083 fi
949 2031 1054 2082 vero
1088 2032 1191 2084 laici
1239 2032 1309 2082 vel
1346 2034 1551 2084 monachi
1589 2032 1750 2082 fuerint
1794 2068 1808 2092 ,
1858 2049 2053 2080 commu-

210 2118 349 2152 nione
388 2104 621 2171 priventur
635 2136 649 2148 .

443 2261 878 2312 SCHOLION.

282 2407 529 2446 Toehodochia
554 2435 566 2451 ‚
603 2412 656 2445 seu
690 2423 867 2455 pauperum
903 2409 1096 2455 hospitalia,

307 2459 433 2504 aliaque
454 2460 486 2494 id
497 2471 601 2504 genus
626 2462 677 2505 pia
692 2462 766 2496 loca
777 2463 854 2496 sunt
877 2463 1011 2506 quintus
1023 2463 1098 2497 titu-

210 2510 279 2550 lus,
304 2510 345 2545 ad
368 2522 465 2555 quem
491 2510 629 2545 Ecclesia
654 2513 777 2555 semper
800 2512 951 2546 Clericos
971 2512 1099 2546 ordina-

210 2562 280 2595 vit.
310 2561 446 2595 Etenim
469 2560 560 2604 supra
581 2561 599 2593 ἐι
620 2562 758 2605 Synodo
783 2563 949 2606 Berytensi
974 2562 1100 2596 audivi-

211 2619 284 2644 mus
305 2634 316 2648 ‚
339 2611 429 2656 quod
455 2609 529 2644 lbas
553 2610 730 2646 Edeffenus
753 2612 969 2656 Metropolita
998 2613 1098 2648 Abra-

211 2659 360 2694 hamium
382 2660 574 2694 Diaconum
587 2685 597 2701 ,
624 2673 721 2705 quern
737 2663 937 2706 Episcopum
962 2674 1030 2696 non
1044 2675 1099 2706 po-

34 2734 68 2765 L
82 2736 107 2763 3·
129 2741 155 2764 e·
170 2744 195 2761 Ζ·
210 2711 298 2748 tuit,
323 2709 568 2744 Xenodochum
591 2712 753 2746 ordinarit
768 2737 775 2744 .
802 2714 846 2747 Et
867 2713 1020 2746 Hermias
1033 2714 1100 2747 Zo-

36 2783 81 2803 η.
211 2771 369 2794 zomenus
393 2759 502 2794 scribit
521 2761 563 2794 de
573 2761 694 2796 lfidoro
715 2762 877 2797 Pelusiota
891 2788 901 2804 ‚
930 2763 1098 2805 Presbyte-

211 2823 248 2844 ro
273 2810 422 2844 Ecclesiae
433 2810 686 2846 Alexandrinae:
713 2817 795 2847 Erat
817 2819 1039 2857 peregrinorum
1063 2817 1097 2848 (θ’

205 2868 372 2903 pauperum
395 2861 560 2902 Praefec‘lus
585 2887 592 2894 .
620 2864 665 2897 Et
689 2864 850 2908 Evagrius
873 2862 1100 2908 Epiphanien-

210 2912 250 2944 tis
270 2911 312 2944 de
337 2907 466 2945 Acacio
497 2911 660 2956 Episcopo
699 2913 1096 2957 Constantinopolitano.

37 2965 98 2995 1..2.
120 2971 192 2993 c-u-
209 2960 421 3003 orphanorum
442 2961 555 3004 collegio
573 2963 740 3005 praefuerat
757 2990 765 2997 .
795 2964 908 2999 Etiam
928 2964 1097 2999 celeberri-

210 3022 266 3044 mo
290 3012 347 3045 suo
369 3011 455 3054 apud
478 3012 692 3047 Caesareenses
713 3013 938 3048 Xenodochio
962 3015 1096 3058 Presby-

36 3080 126 3114 070.
149 3071 315 3111 ,mterum
338 3062 477 3104 praefecit
500 3063 630 3097 Sanetus
653 3064 810 3098 Basilius.
838 3064 1047 3099 Monachum
1061 3064 1095 3098 fi-

32 3120 64 3148 1.
78 3129 102 3153 7.
120 3117 192 3149 Indi,
209 3110 343 3145 milibus
361 3111 472 3154 praefici
495 3112 652 3148 mandant
667 3113 800 3150 Arabici
824 3114 979 3151 canones
991 3140 998 3147 .
1026 3114 1095 3151 An·

33 3168 60 3186 ²·
210 3162 339 3194 :onium
351 3159 598 3196 Subdiaconum
610 3188 621 3203 ,
633 3163 780 3199 Romani
793 3163 1008 3199 Xenodochii
1022 3177 1095 3209 prae-

209 3211 347 3254 politum
363 3236 373 3251 ‚
399 3211 510 3246 laudat
530 3214 663 3246 Sanctus
682 3214 861 3259 Gregorius
882 3239 893 3255 ,
919 3215 1093 3259 scribitque

30 3271 172 3309 Epjst‚27‚
209 3259 249 3294 ad
271 3261 459 3305 Januarium
485 3263 684 3306 Episcopum
704 3264 947 3300 Calaritanum.
977 3266 1094 3309 signifi-

33 3314 91 3346 L-7.
109 3314 193 3350 Epist·
207 3306 304 3343 camus
320 3312 482 3356 pervenlffe
503 3313 548 3345 ad
570 3325 621 3346 nos
641 3338 652 3353 ‚
677 3311 906 3356 consuetudinem
921 3315 1011 3359 fuisse
1025 3339 1036 3356 ,
1061 3325 1092 3349 ut

37 3360 81 3387 ²3·
209 3362 419 3403 Xenodocbia‚
445 3374 512 3404 quae
531 3361 603 3406 sunt
624 3369 656 3396 in
667 3363 851 3398 Calaritanis
873 3365 1009 3407 partibus
1030 3378 1081 3399 con

203 3408 306 3448 stituta
328 3436 338 3451 ,
366 3413 453 3454 apud
472 3411 655 3456 Episcopum
679 3419 815 3447 civitatis
833 3413 951 3458 fingulis
977 3414 1093 3459 quibus²

206 3470 264 3499 que
285 3462 458 3502 temporibus
478 3461 549 3505 suas
564 3463 715 3506 subtiliter
739 3471 867 3498 rationer
891 3473 1090 3506 exponerent,

206 3510 268 3549 ejus
291 3512 428 3545 videlicet
448 3518 572 3547 tuitione
605 3515 640 3548 (9⁶
657 3513 843 3558 solieitudine
870 3515 1084 3560 gubernanda.

1159 2263 1252 2306 ,Quod
1270 2268 1341 2305 quia
1361 2261 1460 2304 fertur
1477 2268 1530 2294 tua
1551 2260 1692 2295 hactenus
1706 2259 1851 2294 Charitas
1875 2263 2027 2305 neglexisse
2039 2288 2052 2307 ‚

1158 2314 1310 2346 hortamur
1323 2336 1333 2351 ‚
1361 2321 1393 2345 ut
1419 2312 1474 2345 tibi
1490 2311 1611 2355 singulis
1626 2310 1784 2355 quibusque
1805 2311 1985 2353 temporibus
2001 2326 2052 2345 ra-

1158 2370 1249 2396 tiones
1267 2361 1341 2406 suas
1363 2360 1532 2396 Xenodochi
1541 2360 1692 2405 subtiliter
1714 2364 1868 2398 reddant.
1900 2369 1991 2409 Atque
2003 2373 2051 2397 ta·

1158 2414 1200 2447 les
1211 2420 1243 2446 in
1254 2419 1317 2452 eis,
1349 2420 1400 2454 qui
1406 2411 1530 2455 praefint
1542 2437 1554 2453 ‚
1578 2413 1773 2452 ordinentur,
1800 2420 1849 2455 qui
1870 2418 1937 2445 vita
1953 2438 1963 2454 ,
1987 2426 2047 2446 mo·

1157 2462 1239 2496 ribus
1252 2488 1263 2503 ,
1290 2471 1378 2506 atque
1400 2462 1548 2503 industria
1572 2469 1772 2496 inveniantur
1794 2464 1844 2505 effe
1870 2464 2026 2506 digmffimi
2042 2489 2049 2496 .

1156 2513 1290 2557 Religiosi
1309 2515 1473 2546 dumtaxat
1491 2537 1502 2552 ‚
1531 2524 1603 2555 quos
1627 2525 1741 2547 vexare
1758 2515 1784 2555 J
1791 2515 1890 2545 udices
1917 2524 1973 2546 non
1997 2513 2049 2547 ba-

1158 2564 1248 2597 beant
1266 2564 1439 2606 potestatem
1454 2588 1464 2603 ,
1491 2575 1526 2596 ire
1539 2561 1788 2605 fitalespersonae
1796 2563 1919 2604 fuerint
1933 2588 1942 2603 ‚
1970 2573 2047 2604 quas

1157 2621 1190 2647 in
1217 2613 1305 2657 ficum
1322 2615 1438 2657 possunt
1468 2625 1589 2646 evocare
1608 2615 1758 2654 judicium
1790 2636 1800 2652 ,
1828 2613 2047 2652 vastandarum

1159 2676 1259 2698 rerum
1281 2665 1444 2704 debilium,
1472 2675 1539 2705 quae
1555 2664 1616 2696 illic
1627 2666 1781 2704 rejacent,
1804 2662 1977 2704 praebeatur
1998 2674 2044 2695 oc-

1157 2714 1228 2756 casto
1239 2739 1250 2755 ‚
1277 2716 1314 2748 de
1326 2715 1433 2757 quibus
1446 2713 1531 2746 rebus
1548 2711 1695 2756 summam
1717 2722 1746 2747 te
1758 2725 1855 2746 curam
1873 2725 1975 2756 gerere
1995 2725 2046 2746 vo-

1156 2765 1252 2797 lamus
1267 2789 1277 2804 ‚
1303 2774 1337 2798 ut
1349 2766 1420 2798 nulli
1433 2763 1497 2805 fine
1507 2773 1560 2797 tua
1580 2767 1697 2797 licentia
1710 2789 1720 2804 ,
1745 2769 1893 2796 notitiave
1911 2764 2019 2796 dentur
2031 2787 2043 2803 ,

1158 2827 1195 2847 ne
1218 2813 1358 2858 usquead
1375 2817 1572 2856 direptionem
1593 2826 1694 2848 earum
1717 2826 1753 2847 ex
1779 2823 1839 2846 tuae
1852 2817 2044 2847 Frater-nita-

1158 2871 1199 2898 tis
1207 2872 1406 2907 perveniatur
1427 2870 1557 2898 incuria.
1586 2864 1693 2899 Unde
1716 2864 1954 2899 &sacrosanista
1966 2864 2045 2897 Tri·
2063 2874 2125 2908 qest]
2153 2886 2180 2911 7-

1157 2916 1298 2953 dentina'
1317 2916 1469 2958 Synodus
1493 2915 1626 2949 mandat
1649 2915 1819 2958 Epist-opis
1839 2938 1850 2954 ,
1876 2926 1912 2950 ut
1937 2914 2043 2958 hospi·
2070 2926 2087 2944 ὀ
2102 2927 2140 2951 ¹5-

1157 2966 1233 3000 talia
1254 2967 1395 3010 quaevis,
1421 2966 1522 3000 etiam
1548 2967 1657 3010 Regiae
1680 2965 1873 3008 protectioni
1899 2966 2036 3006 supposi-
2061 2955 2122 2987 ΥΠ·
2134 2969 2178 2987 ²²·-

1157 3026 1188 3050 ta
1202 3039 1212 3055 ,
1238 3025 1352 3050 curent
1376 3015 1458 3050 bene
1480 3015 1655 3061 gubernari
1676 3015 1765 3058 juxta
1780 3013 1925 3050 Concilii
1939 3014 2042 3049 Vien-
2063 3009 2088 3027 c.
2113 3000 2137 3027 8'

1158 3067 1261 3100 nensis
1280 3066 1555 3100 constitutionem
1581 3065 1721 3099 omnino
1742 3064 1919 3099 videndam
1941 3091 1946 3097 .
1968 3065 2041 3098 Pas-

1158 3117 1215 3151 fim
1238 3117 1328 3150 enim
1349 3127 1464 3151 eorum
1485 3116 1762 3150 administratores
1781 3114 1899 3149 Clerici
1921 3117 2041 3158 quaesie-

1158 3176 1232 3199 runt
1258 3177 1314 3199 aut
1338 3165 1442 3206 nulli,
1471 3176 1526 3199 aut
1548 3165 1634 3200 certe
1645 3166 1753 3209 potius
1774 3165 1857 3199 laico
1870 3164 2040 3208 Magistra-

1157 3216 1204 3249 tui
1220 3240 1230 3255 ‚
1257 3215 1355 3258 quam
1370 3215 1544 3259 Episcopis
1555 3214 1674 3249 subesse
1686 3240 1699 3256 ,
1723 3227 1859 3258 eamque
1877 3215 2041 3248 temerita-

1156 3277 1221 3300 tem
1234 3266 1342 3299 noster
1353 3265 1473 3299 Canon
1496 3266 1673 3308 compescit
1686 3291 1693 3298 .

1207 3315 1319 3350 Etiam
1333 3314 1486 3350 monachi
1508 3315 1710 3360 professionis
1732 3313 1831 3349 titulo
1845 3313 1887 3348 ad
1912 3315 2039 3349 nudum

1159 3367 1341 3400 Clericatus
1363 3364 1526 3401 honorem
1552 3366 1732 3400 consecrati
1755 3366 1844 3398 fuere
1863 3365 1973 3408 passim
1987 3377 2039 3398 eo-

1159 3417 1226 3451 nati
1242 3427 1390 3450 excutere
1411 3417 1524 3460 jugum
1537 3414 1730 3459 Episcopale
1745 3439 1751 3446 .
1781 3415 1862 3451 Huc
1871 3416 1960 3449 enim
1975 3415 2038 3449 fnit

1156 3467 1194 3500 lis
1206 3467 1290 3500 inter
1301 3468 1453 3501 Sanctum
1472 3467 1719 3508 Hieronymum
1736 3465 1768 3498 &
1783 3466 1942 3509 Joannem
1958 3466 2039 3498 Hie-

1156 3517 1326 3560 rosolymae
1347 3517 1544 3561 Episcopum
1567 3541 1580 3558 ,
1608 3515 1773 3551 volentem
1800 3514 1914 3558 subjici
1928 3514 2037 3599 1ilblum

1940 3576 1950 3598 i
1976 3576 1988 3598 i
