2340 3736
354 121 451 151 222

273 189 420 227 nianaeo,
449 183 779 222 Leo&Anthemlus
799 183 960 232 Augusti.
990 186 1155 221 Etdeillo

270 238 466 281 Zozymus:
493 238 663 271 Marcellino
671 237 845 280 commissum
854 247 922 272 erat
943 243 975 270 in
1000 237 1155 268 Palatinos

187 273 216 301 '3'
271 289 391 321 ordines
400 292 579 331 Imperium3
606 291 734 320 Romam
745 288 919 332 Magistrum
931 287 1094 328 officiorum
1107 296 1155 318 vo-

273 348 362 374 cant.
391 338 435 372 Et
459 337 640 381 Procopius
661 337 864 372 Caesareensis
885 337 920 370 in
944 336 1051 379 primo
1072 335 1158 369 libro

273 388 316 424 de
329 388 418 423 bello
437 387 586 422 Persicoz
615 389 762 421 ordinum
785 394 816 420 in
836 388 954 421 Palatio
976 385 1161 428 Praefedus,

272 450 362 482 quem
374 437 547 482 Magistrum
568 441 681 472 Romaei
703 439 875 480 appellant.
904 436 948 469 Et
969 435 1049 471 hinc
1072 435 1162 479 Apo·

269 489 434 524 *stolorum
446 486 614 532 Principes
625 487 756 522 Petrum
769 488 802 521 &
813 487 952 521 Paulum
965 497 1007 520 ex
1017 486 1163 520 Neronis

276 538 421 583 Augusti
435 538 643 584 delegatione
656 562 668 579 ,
695 538 780 571 &ex
800 537 913 571 officio
931 537 1065 570 San&os
1087 535 1164 570 Pro-

276 591 396 623 cessum
410 589 445 623 &
466 589 728 627 Martinianum,
754 586 795 621 ab
818 587 883 620 inis
903 587 938 621 in
961 586 1164 620 Mamertino

276 650 405 674 carcere
415 638 455 673 ad
466 639 631 673 Christum
654 637 844 671 Dominum
865 637 1037 671 conversos
1049 661 1059 677 ,
1085 635 1164 680 judi-

277 690 366 725 cavit
401 689 579 730 Paulinus,
606 698 703 731 quem
744 685 949 721 laudatorum
976 688 1163 730 Martyrum

277 740 366 783 apud
378 740 508 773 Surium
520 739 600 774 Asia
614 744 734 772 vocant
743 736 940 784 Magisteriae
953 737 1120 781 potestatis
1132 739 1164 771 ὃς

279 791 382 825 officii
397 788 593 834 Magistrum
606 801 617 821 .·
645 786 749 835 Qod
758 798 875 830 nempe
887 786 921 821 hi
933 788 1033 821 essent
1045 787 1166 821 Palati-

275 841 314 875 mi
326 840 470 881 milites,
496 840 529 873 δε
542 839 593 872 isti
607 838 641 871 in
653 837 782 872 Palatio
794 838 960 880 praesertim
981 849 1102 872 novam
1123 837 1164 871 le—

276 902 356 936 gem
380 889 617 934 Evangelicam
639 888 875 931 praedicassent.
912 886 1012 921 Adeo
1034 887 1165 932 antiqua

276 940 324 975 est
338 940 397 974 ista
409 938 564 984 Augustae
574 937 690 973 domus
700 936 870 981 disciplina
882 962 889 969 .
916 938 1030 985 Qare
1041 938 1166 973 Roma-

277 1002 362 1025 num
373 989 575 1023 Breviarium
587 1013 598 1029 ‚
624 987 801 1022 Paulinum
817 986 916 1022 istum
939 999 1060 1022 vocans
1082 988 1167 1022 mili-

277 1050 352 1075 tum
374 1039 582 1081 Praefectum,
608 1036 753 1084 intelligi
774 1036 870 1073 debet
889 1035 931 1073 de
949 1038 1026 1074 solis
1048 1037 1169 1074 Palati·

277 1102 329 1125 ms
340 1116 347 1123 .

328 1140 460 1174 Flavius
492 1139 603 1184 itaque
625 1128 832 1174 Ariobindus
850 1139 1039 1181 Martialis,
1065 1141 1165 1175 sacro-

276 1202 347 1225 rum
372 1190 570 1224 Officiorum
591 1189 750 1234 Magister
763 1214 773 1229 ‚
799 1200 909 1224 coram
931 1190 1086 1225 tribunali
1107 1192 1165 1225 suo

276 1241 422 1275 discuffit
443 1252 602 1286 magnum
623 1240 867 1281 silentiarium,
896 1240 963 1275 haec
983 1252 1041 1284 pro
1062 1241 1164 1284 Euty-

282 1290 379 1325 chete
388 1293 604 1326 mentientem
620 1304 631 1324 .·
658 1292 740 1332 saepe
752 1290 880 1324 direc‘ius
897 1290 966 1334 sum
986 1290 1164 1334 asacratiffi-

275 1353 323 1374 mo
333 1342 493 1384 &piiffimo
503 1343 627 1374 Domino
638 1340 728 1381 nostro
747 1341 793 1372 ad
802 1339 1083 1385 Archi-Episcopum
1097 1343 1166 1375 Fla-

276 1397 405 1425 vianum
416 1416 427 1432 ,
452 1400 486 1425 ut
496 1392 604 1435 adesset
615 1390 903 1434 magnificentifflmus
919 1394 953 1425 Co·
959 1392 1164 1436 gloriofifflmus

275 1441 504 1483 Ex·Praefhc¹iis
527 1442 560 1474 ὑ
580 1440 778 1484 Consulibus,
814 1442 847 1474 Θ
870 1444 1022 1475 Patricius
1045 1444 1164 1475 Floren-

275 1497 337 1525 tius
347 1493 455 1531 synodo
466 1517 477 1533 ‚
502 1503 568 1534 quae
575 1490 687 1534 futura
696 1498 762 1524 erat
777 1496 809 1522 in
821 1490 977 1533 Episcopio
996 1490 1088 1533 hujus
1110 1496 1166 1526 Re-

271 1547 334 1585 giae
360 1547 499 1575 civitatis
512 1565 522 1581 ,
567 1543 601 1574 Θ·
621 1540 733 1580 distulit
753 1539 1021 1583 Archi-Epifiopus
1042 1543 1142 1575 dicens
1154 1556 1165 1576 .-

276 1593 364 1633 ,Quia
374 1603 433 1624 non
452 1598 561 1632 oportet
570 1589 616 1622 bic
621 1589 754 1633 fatigari
774 1591 908 1622 eumdem
928 1597 1029 1624 virum
1051 1598 1164 1636 magni-

270 1639 478 1683 ficentiffimum
491 1641 694 1680 Florentium,
721 1642 866 1682 quiajam
885 1641 922 1674 de
931 1640 981 1675 boc
985 1641 1091 1684 forma
1110 1643 1165 1675 da-

272 1701 308 1725 ta
322 1691 360 1730 est
372 1716 383 1731 ,
410 1693 444 1726 Θ
465 1692 629 1724 damnatus
655 1688 804 1729 Eutyches
823 1690 978 1724 monachus
991 1715 1001 1732 ,
1027 1698 1165 1733 quoniam

270 1739 398 1785 secundo
412 1750 534 1775 vocatus
546 1752 604 1774 non
615 1740 749 1773 obedivit
758 1765 765 1772 .
797 1740 981 1780 Postmodum
992 1744 1061 1774 vero
1085 1742 1165 1775 obtu-

273 1785 458 1824 lerunbmhz·
481 1790 617 1825 chartam
634 1792 798 1832 quamdam
819 1788 975 1825 habentem
998 1793 1165 1825 damnatio·

270 1852 342 1875 mm
354 1843 438 1882 ejus.
466 1841 521 1875 Ad
533 1852 603 1885 quae
626 1840 867 1874 Constantinus
881 1840 1079 1884 Eutychetis
1097 1853 1163 1875 mo-

271 1891 399 1925 nachus
413 1892 627 1925 &vicarium
657 1890 768 1930 Postulo
789 1890 906 1931 (eboc,
932 1901 965 1924 ut
989 1892 1165 1934 profiteatur

271 1946 409 1975 Domnus
432 1952 555 1984 magnus
577 1943 768 1973 silentiarius
786 1964 796 1979 ,
835 1946 906 1982 quia
929 1949 1000 1974 ante
1021 1944 1165 1979 synodum

272 1993 431 2025 damnatio
434 1990 526 2032 falla
538 1990 593 2030 est.
623 1989 666 2023 Et
689 1990 746 2023 ille
760 2003 771 2022 .-
796 1993 843 2022 Et
863 1991 951 2031 prius
970 1993 1059 2036 dixi,
1086 1994 1167 2034 quod

272 2050 347 2074 ante
356 2041 727 2080 synodumdamnationem
749 2038 920 2079 Eutycho-tis
943 2040 1017 2075 mihi
1039 2041 1161 2080 ostende-

269 2100 346 2125 runt
359 2116 366 2123 .
701 2127 707 2133 ¹

325 2138 515 2176 Monachus
524 2139 705 2175 examinari
727 2140 903 2184 postulavit
926 2143 1026 2177 etiam
1049 2143 1166 2187 spelta-

271 2190 376 2227 bilem
399 2192 504 2224 virum
532 2191 795 2231 Macedonium,
821 2192 1033 2232 Tribunum,
1060 2194 1168 2228 Nota-

273 2243 360 2276 rium
373 2266 383 2282 ,
410 2253 447 2275 ac
461 2241 730 2275 Referendan‘um
743 2267 752 2282 ,
781 2242 814 2275 ὅ(
836 2243 979 2285 profiteri
1001 2243 1112 2278 audita
1125 2243 1166 2279 ab

275 2290 409 2326 Asterio
425 2290 623 2334 Presbytero
636 2303 673 2325 ac
687 2291 831 2326 Notario
846 2292 994 2326 Ecclesiae
1005 2293 1165 2328 Constan-

272 2340 504 2384 tinopolitanae
515 2366 522 2373 .
550 2341 628 2376 Hoc
642 2340 809 2386 Eutyches
819 2342 836 2376 a
849 2341 1002 2386 Principe
1014 2337 1167 2387 non‘sup-

276 2391 434 2435 plicarat,
461 2390 600 2434 ideoque
625 2392 790 2426 Martialis
801 2392 987 2427 officiorum
1009 2392 1167 2438 Magister

277 2441 324 2476 est
343 2440 577 2475 interlocutus:
604 2438 760 2484 'Quamvis
780 2447 812 2474 in
818 2443 957 2484 precibus
970 2442 1032 2476 baec
1047 2449 1165 2485 petitio-

276 2497 329 2525 nis
344 2499 423 2533 pars
444 2492 565 2524 minime*
584 2498 790 2532 contineatur,
815 2500 949 2526 attamen
967 2499 1095 2535 propria
1116 2505 1166 2528 vo-

277 2542 417 2581 luntate,
436 2540 467 2582 fi
474 2540 621 2581 voluerit,
643 2539 816 2584 speaeabilis
839 2542 1013 2583 Tribunus,
1038 2554 1105 2584 quae
1126 2555 1167 2576 co-

273 2596 439 2636 gnoverit,
459 2589 636 2632 profiteatur
651 2615 658 2622 .
686 2591 729 2624 Et
750 2591 992 2626 Macedonius:
1020 2596 1097 2626 Ante
1116 2592 1167 2626 boc

273 2641 481 2686 sacratuffimus
505 2641 539 2674 Θ
555 2639 711 2684 piissimus
734 2640 823 2681 noster
844 2646 1006 2683 Imperator
1022 2648 1167 2685 praecepit

278 2692 372 2734 colligi
385 2700 450 2724 tam
460 2694 490 2723 E
489 2688 618 2733 piscopos
629 2715 640 2731 ,
666 2703 758 2733 quam
787 2693 1095 2736 magnificentiffimum
1109 2695 1168 2726 Pa-

279 2747 396 2774 tricium
407 2741 594 2774 Florentium
603 2764 613 2780 ,
634 2741 773 2783 precibus
785 2742 867 2774 datis
878 2742 917 2774 ab
941 2742 1073 2780 Eutyche
1084 2754 1169 2777 reve-

279 2792 452 2833 rendiſsimo
464 2790 724 2824 Archi-Mandata
735 2816 747 2832 ,
773 2793 807 2825 (Β
818 2791 970 2835 accusante
994 2793 1081 2833 Gesta
1100 2804 1167 2836 quae

256 2864 258 2867 -
281 2841 348 2873 aeia
352 2838 379 2883 s
373 2849 426 2873 unt
439 2865 449 2880 ‚
469 2846 628 2883 *tamquam
638 2842 767 2884 maligne³
779 2843 800 2875 ἃ
818 2846 960 2875 Notariis
984 2848 1145 2876 immutata
1156 2867 1168 2884 ‚

232 2893 235 2896 '
283 2891 317 2923 (ν
327 2900 408 2923 certa
416 2889 567 2933 subsecuta
572 2889 644 2934 fiant
656 2890 786 2933 infaHa
798 2893 817 2923 5
812 2893 906 2930 ‚modo
915 2916 923 2924 .
950 2894 1028 2926 Cum
1040 2896 1111 2926 vero
1124 2904 1167 2926 re-

280 2941 433 2979 cederem,
458 2942 580 2974 obviam
591 2940 665 2974 mibi
670 2941 777 2983 sallus
798 2940 836 2981 est
858 2941 986 2982 Asterius
1013 2943 1169 2980 Presbyter

281 2989 494 3031 (volmarius,
518 2993 666 3028 adiurans
679 3003 724 3024 me
733 2993 836 3025 audire
847 2991 885 3023 ab
912 2991 974 3035 ipso
996 3003 1063 3034 quae
1084 2992 1186 3033 effaris

282 3038 418 3072 volebat.
447 3039 605 3083 Accusabat
614 3050 713 3075 autem
736 3043 934 3075 reverendum
957 3035 1186 3075 abrahamiuml

284 3089 319 3122 <it
339 3091 504 3130 Notarios3
531 3099 684 3133 tamquam
704 3097 897 3125 immutantes
919 3097 953 3125 in
974 3092 1070 3132 Gestis
1090 3069 1186 3135 quoe-l

284 3139 356 3170 dam
366 3138 515 3179 capitula:
541 3143 586 3171 Et
598 3148 668 3182 quia
690 3142 871 3185 neceffarium
891 3141 983 3176 habet
1004 3141 1086 3186 ipse,
1113 3125 1187 3189 me!

285 3197 373 3220 tuens
384 3186 548 3230 hujusmodi
559 3191 779 3232 malignitatem
794 3216 803 3231 ‚
828 3194 890 3225 illos
902 3194 1021 3234 quidem
1044 3192 1170 3232 ostende·
1183 3192 1186 3214 ὅ

286 3249 317 3269 re
338 3238 433 3276 talia,
455 3235 513 3280 sed
526 3236 588 3278 fine
611 3239 697 3279 ipsius
716 3239 840 3281 scientia
862 3241 1038 3285 commisisse.
1067 3242 1170 3277 Hisce

287 3287 384 3319 armis
394 3285 456 3320 sese
465 3285 617 3327 dolosus,
643 3299 679 3320 ac
693 3289 855 3332 malignus
870 3291 1038 3333 Eutyches
1058 3291 1097 3326 ad
1114 3293 1172 3326 im-

289 3336 500 3379 pugnandum
514 3338 547 3370 in
561 3337 723 3379 Ephesino
736 3337 912 3374 latrocinio
926 3341 1077 3377 sanetum
1099 3343 1171 3378 Fla*

289 3385 422 3419 vianum
432 3396 469 3419 ac
480 3386 545 3429 ejus
556 3386 726 3430 Synodum
739 3389 933 3433 praeparabat
948 3415 954 3423 .

933 108 1396 151 Arreunrx

1256 235 1558 287 CAPUT
1627 235 1794 295 TER
1826 242 2076 296 TluM.‘

1222 378 1440 446 Exponitur
1475 375 1703 425 Antiochena
1728 415 1743 441 ‚
1782 389 1912 448 Tyria
1947 405 1993 434 ac
2028 389 2104 435 sse-

1319 447 1471 513 rytensis
1507 452 1538 493 S
1524 447 1673 511 ynodus
1708 453 1745 497 in
1780 454 1895 518 causa
1929 457 2002 505 Jbae

1423 517 1677 588 Metropolitae
1717 518 1899 586 Edeffim'.

1227 634 1337 721 IBas
1359 636 1537 674 Edeffenus
1563 637 1881 688 Archi-Episcopus,
1908 644 1965 687 qui
1993 645 2107 690 Ephesi

1298 698 1375 721 cum
1398 688 1523 731 Joanne
1544 689 1731 725 Patriarcha
1754 693 1811 727 suo
1834 693 2050 730 Antiocheno
2075 698 2110 732 δε

1226 737 1297 771 aliis
1315 738 1496 773 Orientalis
1515 739 1690 775 dioeceseos
1713 742 1884 787 Episcopis
1905 743 1940 778 in
1958 746 2111 780 Sanstum

1227 787 1439 831 Cyrillum&
1453 791 1740 833 veramSynodum
1763 803 1910 828 moverat
1933 805 2028 830 notas
2049 806 2113 830 tur·

1226 836 1304 878 bas,
1332 839 1402 881 post
1424 840 1542 874 initam
1563 840 1777 877 Ecclesiarum
1800 855 1913 887 pacem
1935 844 2113 881 Theodori

1227 888 1449 932 Mopsuesteni
1463 889 1670 926 librosvertit
1692 893 1726 926 in
1753 893 1901 939 linguam
1923 894 2088 937 Syriacam
2101 921 2113 938 ,

1225 937 1382 973 deflorata
1391 951 1434 974 ex
1446 941 1515 983 ipso
1529 951 1624 984 prava
1641 942 1795 986 Capitula
1808 946 1872 978 effe
1894 946 1990 988 ipfius
2011 958 2114 991 agno·
2158 948 2160 952 '

1226 988 1354 1023 scere&
1373 990 1431 1024 sub
1441 989 1509 1033 ejus
1520 993 1657 1026 nomine
1681 993 1834 1028 damnare
1855 996 1984 1036 noluit,
2012 998 2116 1031 famo-

1227 1040 1292 1072 sam
1302 1039 1343 1074 ad
1352 1039 1476 1074 Marim
1486 1041 1623 1076 Persidis
1635 1043 1835 1087 Episcopum
1855 1045 1973 1088 scripsit
1988 1046 2116 1090 Episto-

1225 1088 1290 1123 lam
1303 1114 1315 1131 ‚
1340 1090 1448 1125 Sancti
1460 1091 1580 1135 Cyrilli
1593 1092 1748 1137 Capitula
1761 1094 1793 1128 ὅ(
1805 1095 1932 1138 Synodi
1946 1095 2115 1139 Ephesinae

1227 1139 1306 1174 Aeta
1313 1150 1445 1185 arguere
1454 1142 1488 1176 δε
1498 1141 1654 1178 damnare
1666 1144 1805 1187 perrexit
1818 1169 1828 1184 ,
1854 1155 1953 1188 atque
1968 1145 2014 1179 ita
2022 1146 2111 1189 apud

1228 1189 1348 1224 multos
1358 1191 1399 1225 de
1418 1201 1543 1226 retenta
1565 1194 1653 1227 intra
1676 1203 1822 1228 mentem
1843 1195 2039 1230 Nestoriana
2063 1195 2116 1230 lue

1228 1239 1366 1276 reddidit
1377 1242 1440 1276 sese
1461 1243 1602 1286 graviter
1611 1243 1807 1288 suspetSium.
1835 1245 1977 1289 Joannes
1998 1246 2117 1280 Antio·

1226 1288 1306 1325 chiae
1316 1291 1524 1334 patriarcha,
1551 1293 1570 1326 ὲ
1586 1295 1704 1328 Sansto
1729 1294 1860 1338 Cyrillo
1881 1305 2035 1339 rogatus,
2063 1307 2118 1330 ne-

1225 1339 1328 1385 glexit
1342 1340 1436 1376 illum
1447 1344 1606 1386 corripere
1619 1345 1652 1378 &
1672 1345 1855 1388 corrigere,
1880 1356 1979 1390 atque
1997 1347 2043 1380 ita
2063 1347 2117 1380 Sa-

1226 1390 1338 1431 muel,
1364 1393 1494 1435 Cyrus,
1532 1393 1666 1436 Maras,
1690 1395 1725 1428 &
1752 1394 1936 1440 Eulogius,
1965 1395 2116 1430 Ecclefiae

1228 1441 1393 1475 Edeffenae
1413 1441 1618 1485 Presbyteri,
1645 1444 1750 1489 ipsum
1771 1444 1882 1479 denuo
1904 1445 1990 1490 apud
2009 1446 2116 1481 Dom-

1228 1502 1307 1525 uum
1328 1491 1575 1534 Patriarcham‚
1601 1495 1736 1538 Joannis
1747 1496 1992 1537 Succesmoem,
2018 1507 2114 1530 accu-

1226 1541 1431 1576 sarunt&de
1441 1541 1504 1577 fide
1525 1544 1559 1577 &
1580 1543 1622 1577 de
1641 1543 1804 1578 moribus.
1833 1545 1888 1580 De
1909 1545 1997 1586 fide,
2022 1545 2113 1590 quod

1226 1593 1379 1625 Sanctum
1390 1592 1557 1636 Cyrillum
1569 1593 1669 1628 etiam
1680 1593 1751 1638 post
1776 1594 1895 1629 initam
1917 1606 2031 1639 pacem
2058 1606 2116 1629 vo-

1225 1641 1322 1675 caffet
1335 1640 1521 1676 haereticum
1532 1667 1544 1683 ,
1569 1642 1603 1677 δε
1615 1643 1705 1687 quod
1717 1643 1823 1687 palam
1835 1645 1986 1688 erupisset
2010 1645 2046 1679 in
2063 1643 2117 1679 ha-

1225 1691 1275 1725 sce
1287 1702 1386 1726 voces
1404 1691 1533 1735 peffime
1546 1692 1760 1729 Nestorianas
1780 1702 1876 1737 atque
1897 1694 2092 1740 Pelagianas
2105 1706 2120 1728 z

1226 1746 1298 1775 Non
1326 1743 1449 1776 invideo
1468 1742 1582 1783 Christo
1596 1742 1680 1785 fado
1701 1747 1783 1784 Deo,
1807 1750 1840 1778 in
1859 1754 2008 1788 quantum
2032 1750 2117 1779 enim

1225 1791 1381 1833 illefac‘lus
1406 1791 1465 1832 est,
1490 1804 1539 1836 ego
1554 1791 1660 1834 fac‘lus
1676 1792 1761 1836 sum.
1799 1794 1863 1829 Eas
1883 1795 1917 1828 in
1946 1794 2117 1830 Breviario

1226 1841 1395 1876 Liberatus
1417 1841 1708 1887 Carthaginensis,
1733 1844 1766 1877 &
1790 1843 1825 1877 in
1847 1843 2046 1887 supplicibus
2072 1843 2116 1878 ad

1225 1891 1397 1935 synodum
1419 1893 1606 1936 praesentem
1631 1892 1778 1936 precibus
1805 1893 1957 1928 Edeffeni
1991 1893 2116 1929 Clerici

1226 1940 1365 1976 lucidius
1375 1951 1546 1986 exponunt
1559 1954 1566 1975 :
1593 1947 1666 1976 Non
1675 1945 1798 1977 invideo
1808 1943 2014 1985 Christofablo
2027 1946 2089 1978 Deo
2101 1968 2115 1984 ,

1224 1997 1361 2035 quoniam
1385 1993 1501 2036 &ego‚
1527 1990 1558 2034 fi
1573 1994 1638 2026 volo
1651 2017 1661 2034 ‚
1679 1993 1789 2037 poffum
1806 1993 1874 2035 fieri
1894 1992 2058 2042 secundum
2078 1996 2116 2028 il-

1222 2044 1302 2076 lum.
1332 2042 1415 2076 E‘am
1429 2043 1521 2077 fuisse
1537 2043 1573 2078 δε
1584 2042 1859 2077 Nestorianorum
1871 2044 1905 2077 δε
1919 2043 2117 2088 Pelagiano-⁴
2132 2063 2168 2092 C·
2184 2073 2226 2092 m

1227 2105 1296 2127 rum
1321 2092 1497 2135 palmarem
1517 2092 1750 2136 blasphemiam
1770 2092 1870 2127 tradit
1902 2093 1936 2126 in
1963 2091 2048 2127 libro
2073 2093 2117 2129 de
2132 2103 2195 2132 αι,
2203 2113 2225 2131 1.

1227 2140 1516 2177 Praedestinatione
1527 2143 1719 2177 Sanstorum
1731 2166 1743 2183 ,
1769 2143 1845 2177 &in
1858 2142 1942 2177 libro
1956 2143 1998 2178 de
2008 2144 2116 2179 Dono

1229 2193 1468 2238 perseverantiae
1478 2193 1610 2227 Sanctus
1621 2191 1844 2238 Augustinus.
1872 2191 1934 2226 lbae
1955 2193 1996 2228 de
2016 2194 2115 2228 mori-

1225 2243 1285 2278 bus
1308 2243 1473 2278 accusatio
1496 2242 1613 2278 habuit
1625 2243 1808 2280 cstodecim
1821 2244 1947 2288 capita,
1967 2243 2112 2288 superius

1226 2293 1354 2328 abunde
1367 2293 1543 2337 explanata
1556 2319 1565 2326 .

1276 2341 1510 2377 Accusationis
1520 2345 1690 2379 exordium
1703 2345 1736 2379 δε
1746 2345 1883 2379 modum
1894 2344 2043 2389 exposuit
2066 2343 2113 2387 ip-

1225 2395 1256 2428 se
1265 2392 1336 2427 lbas
1346 2394 1381 2426 in
1391 2394 1529 2437 Synodo
1541 2394 1707 2437 Berytensi
1722 2418 1732 2434 ,
1760 2406 1861 2439 agens
1871 2394 1912 2429 de
1926 2395 1975 2429 sui
1985 2395 2113 2428 accusa-

1225 2443 1350 2478 toribus
1363 2443 1522 2477 Clericis:
1549 2446 1696 2477 Excomm
1720 2449 1896 2478 nicaverunt
1916 2442 2109 2488 fi’motipfhs‚

1222 2492 1280 2537 sua
1301 2491 1473 2536 conscientia
1493 2495 1663 2527 vulnerati.
1723 2504 1735 2527 t
1758 2505 1893 2538 rogatus
1908 2517 1919 2533 ,
1946 2494 2042 2541 Quot
2065 2495 2114 2529 es-

1227 2545 1318 2582 sent,
1343 2543 1484 2586 reposuit
1507 2557 1517 2576 :
1543 2541 1619 2577 Su'nt
1635 2545 1705 2585 plus
1726 2544 1826 2576 minus
1851 2545 2041 2586 quindecim,
2060 2548 2115 2588 qul

1222 2591 1334 2636 stipsos
1355 2595 1375 2625 ἂ
1397 2599 1592 2627 communione
1615 2591 1855 2636 suspenderunt,
1881 2606 1953 2627 nam
1977 2605 2028 2638 ego
2052 2605 2113 2628 non

1225 2649 1476 2679 excommunicavi
1489 2655 1554 2676 eos.
1581 2644 1692 2677 Maras
1701 2643 1872 2687 Presbyter
1883 2642 1967 2678 dixit
1990 2645 2056 2678 sese
2066 2645 2116 2678 so-

1227 2693 1297 2727 lum
1316 2704 1392 2727 cum
1417 2693 1564 2727 Samuele
1584 2691 1777 2736 Presbytero
1796 2694 1910 2728 fuisse.
1935 2689 2114 2742 Qidquid

1226 2744 1262 2777 sit
1276 2767 1287 2784 ,
1313 2746 1366 2778 seu
1378 2744 1462 2777 veris
1474 2744 1660 2786 sewputatis
1671 2742 1734 2777 lbae
1745 2743 1922 2778 exceffibus
1932 2744 2044 2778 offensi
2056 2743 2117 2778 ali.

1227 2802 1310 2836 quot
1322 2793 1444 2827 Clerici
1457 2795 1542 2835 sese,
1567 2793 1657 2836 juxta
1673 2794 1828 2837 temporis
1850 2794 1940 2828 istius
1962 2804 2112 2834 morem,

1226 2843 1268 2878 ab
1289 2842 1357 2886 ejus
1378 2843 1616 2878 communione
1638 2842 1890 2887 suspenderunt,
1926 2842 2015 2888 quod
2037 2843 2115 2887 quia

1226 2893 1292 2927 fine
1301 2894 1499 2937 competenti
1511 2892 1726 2928 fundamento
1738 2894 1857 2928 factum
1871 2893 1944 2931 lbas
1953 2892 2091 2928 credidit
2102 2917 2116 2935 ,

1226 2943 1310 2978 dixit
1321 2944 1407 2987 ipsos
1420 2955 1487 2978 non
1501 2944 1612 2985 asese,
1638 2944 1691 2978 sed
1713 2944 1732 2976 a
1753 2944 1925 2988 semetipsis
1947 2944 2042 2978 fuiffe
2060 2954 2115 2978 ex-

1229 2995 1491 3028 communicatos
1504 3019 1511 3026 .
1538 2994 1642 3042 Qod
1664 3005 1807 3038 namque
1827 2995 1896 3029 sine
1914 2992 2116 3038 competenti

1229 3044 1446 3078 fundamento
1468 3045 1656 3088 semetipsos
1676 3044 1695 3078 a
1717 3045 1765 3078 sui
1788 3045 1941 3088 Episcopi
1968 3054 2113 3079 commu-

1231 3095 1331 3127 nione
1350 3094 1414 3127 sese
1434 3095 1640 3139 segregantes
1661 3095 1952 3129 excommunicent
1970 3092 2117 3135 semetip-

1231 3145 1304 3183 sos,
1330 3143 1370 3176 ad
1392 3146 1541 3178 ostavam
1562 3144 1735 3188 Synodum
1755 3144 1791 3178 in
1817 3143 1930 3178 Photii
1951 3143 2044 3177 causa
2064 3140 2114 3175 est

1231 3193 1414 3228 ostensum.
1443 3194 1481 3226 ln
1503 3194 1618 3228 vieinae
1640 3195 1826 3229 Eufratesiae
1850 3192 2022 3238 provinciae
2041 3190 2114 3224 Me-

1230 3243 1375 3287 tropoli,
1411 3244 1547 3278 civitate
1569 3244 1844 3288 Hieropolitana,
1880 3250 2024 3274 mortuus
2044 3249 2113 3274 erat

1232 3295 1372 3338 Ioannes
1394 3292 1575 3337 Episcopus
1594 3320 1604 3335 ,
1636 3294 1839 3332 Alexandri,
1866 3292 1922 3334 qui
1946 3290 2114 3332 Ephefinae

1232 3344 1368 3386 Synodo
1381 3344 1526 3377 adfuerat
1538 3370 1547 3382 ‚
1577 3345 1645 3388 post
1658 3342 1853 3378 Panolbium
1875 3339 2034 3374 successor
2046 3364 2056 3380 ,
2069 3349 2116 3373 at-

1231 3405 1294 3438 que
1307 3394 1350 3427 ita
1366 3392 1719 3427 Domus-patriarcha
1733 3390 1838 3424 versus
1847 3389 1966 3423 dietam
1989 3390 2116 3423 Metro·

1234 3444 1336 3490 polim
1357 3441 1535 3479 adornabat
1546 3443 1629 3486 iter,
1651 3440 1852 3486 Stephanum
1873 3439 2010 3475 electum
2023 3464 2052 3527 ‚st
2057 3439 2117 3484 qui

1981 3501 2024 3536 ΡΟ
2054 3508 2066 3516 ·
