2340 3736
54 1368 115 1402 L-3.
137 1365 211 1402 tit.4.

53 1415 79 1436 c.
93 1410 134 1436 16.

52 1601 151 1635 1..3.c.
167 1603 211 1635 58.

52 1834 120 1869 L.3.
139 1834 192 1872 Ep.

54 1881 100 1907 39·

56 2750 213 2783 L46,c.2.

615 167 916 225 Scitotns,
952 182 1012 211 ετ
1051 177 1227 210 Norrs
1277 176 1672 213 ittusrrtA-m.

1925 179 1992 229 67

232 247 534 329 piffimolucri
555 254 816 305 commodo:
854 259 895 302 Is
920 255 999 321 qui
1024 253 1105 301 hoc
1120 248 1346 300 attentasse
1371 250 1577 319 probatus
1596 253 1724 302 fuerit
1739 290 1751 314 ,
1789 256 1954 321 proprii
1970 271 2066 315 gra-

231 330 309 378 dus
332 328 528 397 periculo
549 325 816 392 subjacebit:
855 329 898 372 &
935 326 1013 389 qui
1050 321 1276 370 ordinatus
1310 321 1399 380 est,
1436 322 1547 369 nihil
1575 338 1627 369 ex
1652 324 1732 371 hac
1762 323 2065 381 ordinatione,

230 401 302 450 vel
329 400 607 467 promotione
641 415 715 465 per
751 396 1101 457 negotiationem
1139 392 1251 440 fabi-a
1287 391 1513 459 proficiat,
1551 389 1623 439 sed
1659 391 1710 439 sit
1747 394 1911 442 alienus
1948 391 1973 440 a
1999 392 2066 439 di-

230 471 420 530 gnitate,
444 468 527 518 ‘vel
557 464 847 516 sollicitudine
874 499 886 523 ‚
922 479 1055 529 quam
1092 463 1287 528 pecuniis
1325 462 1583 528 acquisivit.
1620 462 1794 526 Si-quis
1830 462 1938 512 vero
1977 480 2066 510 me-

228 521 372 588 diator
409 555 500 588 tam
537 537 732 603 turpibus
767 538 810 582 δε
846 531 1041 582 nefandis
1077 531 1192 580 datis
1229 533 1300 581 vel
1349 534 1542 600 acceptis
1578 533 1796 591 extiterit,
1834 537 1875 580 δε
1912 530 1996 600 ipse
2033 531 2066 580 fi

229 609 408 677 quidem
444 610 637 658 Clericus
675 603 828 664 suerit,
864 606 1043 672 proprio
1077 600 1214 666 gradu
1249 601 1450 652 decidat:
1489 602 1520 651 fi
1555 601 1660 652 vero
1696 601 1830 650 laicus
1866 618 1940 651 aut
1969 619 2065 651 mo-

230 680 391 729 nachus
402 717 416 744 ,
451 676 853 727 anathematizetur
864 710 877 721 .

453 848 883 897 SCHOLION.

331 995 452 1032 Amnat
469 1010 506 1033 ac
518 998 612 1042 punit
622 1010 756 1032 ornnem
767 995 949 1031 Simoniam
959 994 1112 1028 commis-

353 1051 419 1084 sam
441 1060 508 1082 non
522 1050 736 1082 dumtaxarin
748 1047 929 1081 donatione
952 1047 1112 1078 sacrorum

231 1098 422 1140 Ordinum,
449 1099 504 1133 sed
523 1099 601 1132 &in
626 1098 835 1142 promotione
858 1096 899 1130 ad
920 1096 1029 1129 officia
1053 1095 1113 1128 Ec-

229 1149 404 1183 elefiastica
427 1149 667 1193 Dispensatoris
689 1150 741 1183 seu
774 1146 970 1185 (Economi,
991 1144 1112 1179 Defen-

229 1199 332 1241 soris‚
359 1209 416 1234 aut
438 1199 674 1240 Manfionarii,
712 1209 809 1242 quem
834 1196 974 1230 secunda
993 1194 1110 1228 horum

228 1249 409 1282 Canonurn
433 1248 535 1282 editio
568 1259 665 1283 vocat
700 1245 985 1282 paramonarium.
1025 1244 1111 1286 Ejus-

227 1298 302 1332 dem
327 1298 479 1333 meminit
503 1298 615 1332 Gloffa
641 1299 794 1341 Epistolae
817 1296 968 1341 Gregorii
980 1295 1059 1328 noni
1073 1292 1112 1328 ad

227 1347 449 1382 Patriarcham
461 1347 713 1382 Antiochenum
725 1372 735 1388 ‚
763 1357 933 1390 exponens
958 1345 1037 1387 quid
1049 1344 1108 1376 sint

232 1399 324 1432 istius
350 1385 501 1433 Ecsiefiae
524 1399 711 1439 canonici,
746 1396 826 1440 quid
847 1395 973 1430 Affiffi:
1011 1394 1110 1436 Afflfios

229 1448 377 1490 Pontifex
396 1458 480 1482 vocat
500 1448 681 1491 beneficiatos
693 1472 704 1488 ,
733 1454 784 1491 qui
797 1459 854 1480 non
863 1445 936 1489 sunt
949 1450 1091 1478 canonici
1102 1470 1111 1484 ,

225 1497 401 1541 quiservire
413 1499 519 1532 debent
533 1496 681 1539 Ecckfiae,
714 1510 766 1531 nec
789 1506 934 1531 vocantur
945 1497 990 1528 ad
1014 1507 1109 1528 omnes

226 1548 375 1581 uallatus
399 1561 465 1582 cum
490 1553 649 1582 Canonicis
663 1573 672 1588 ‚
700 1550 734 1581 Θ
748 1549 885 1580 dicuntur
905 1545 1006 1587 Affisii,
1033 1544 1117 1588 quasi

227 1596 343 1640 aſsidui
359 1623 366 1630 .
395 1603 432 1632 In
443 1599 544 1631 multis
573 1597 707 1639 Ecclefit's
725 1596 799 1639 sunt
816 1597 919 1638 plures
941 1597 1038 1633 tales,
1063 1601 1112 1637 qui

228 1647 418 1690 Manfionarii
441 1650 598 1680 dicuntur.
639 1648 681 1680 Et
716 1647 855 1689 Joannes
881 1646 1051 1680 Diaconus
1078 1646 1110 1677 in

229 1698 298 1731 vita
319 1699 427 1732 Sansti
451 1698 603 1741 Gregorii
627 1697 748 1740 Magni
771 1697 877 1736 dicit,
904 1695 992 1738 quod
1015 1695 1111 1728 Late-

226 1747 367 1779 ranenfis
378 1747 527 1781 Ecclefiae
540 1747 780 1780 Manfionarius
802 1746 973 1779 Basilicam
992 1745 1111 1786 aperiat

224 1796 259 1829 &
281 1794 434 1836 claudat,
462 1795 637 1830 luminaria
663 1805 769 1839 patet,
796 1795 952 1829 accendat
967 1817 977 1833 ,
1002 1794 1037 1827 ὅ(
1062 1804 1112 1826 ex-

225 1846 390 1890 stinguat.
420 1846 464 1879 Et
487 1846 552 1889 ipse
575 1846 708 1880 Sanitus
733 1846 913 1889 Gregorius
934 1844 969 1876 in
995 1842 1110 1876 litteris

224 1897 265 1929 ad
291 1896 546 1930 Constantinam
575 1896 759 1941 Augustam
780 1894 890 1929 scribit
922 1892 1110 1927 Monachos

223 1947 259 1980 δε
281 1946 522 1988 Mansionarios
545 1947 692 1980 Ecclefiae
715 1945 820 1980 Sancti
841 1943 1109 1980 Laurentiiextra

223 2007 335 2030 muros
356 1996 389 2029 in
415 1995 556 2039 ejusdem
587 1996 694 2030 Sansti
723 2007 882 2039 corpore,
909 1994 999 2037 quod
1025 1995 1109 2028 circa

223 2044 353 2079 thecam
374 2046 519 2087 quaedam
533 2047 887 2089 meliorarioporteret‚
916 2044 1106 2079 effodiendo

224 2094 402 2128 laborasse.
431 2095 499 2127 Eos
523 2094 603 2128 liber
626 2095 827 2129 Pontificalis
849 2103 945 2129 vocat
965 2094 1109 2129 Cubicu-

222 2144 342 2183 larios,
369 2144 488 2177 dicens
500 2144 540 2178 de
563 2144 681 2178 Sansto
691 2145 806 2178 Leone
829 2144 959 2187 Magno
970 2144 1110 2178 Pontifi-

222 2205 263 2227 ce
273 2218 283 2233 ‚
297 2193 387 2236 quod
398 2192 591 2226 Sanitorum
610 2193 847 2236 Apostolorum
862 2194 999 2227 Petri&
1011 2193 1104 2227 Pauli

223 2241 401 2286 sepulchris
418 2241 603 2277 adhibuerit
614 2244 763 2277 custodes
775 2268 786 2283 ‚
811 2239 930 2286 eosque
942 2242 1110 2286 appellarit

224 2293 473 2327 Cubicularios.
502 2293 546 2326 Et
562 2292 763 2336 Epiphanius
784 2293 968 2336 Tyriorum
989 2293 1112 2327 Metto-

223 2343 327 2387 polita
341 2344 374 2376 in
388 2343 504 2377 litteris
516 2342 558 2376 ad
572 2344 745 2386 Synodum
769 2342 1111 2385 Constantinopolita-

222 2404 300 2427 nam
323 2392 381 2427 sub
404 2393 530 2426 Menna
545 2392 731 2427 patriarcha
755 2393 834 2427 facit
848 2393 1051 2426 mentionem
1064 2391 1105 2426 de

223 2443 348 2485 Joanne
362 2443 596 2478 Paramonario
622 2443 769 2477 Ecclefiae
793 2445 913 2477 Sanstae
934 2442 998 2476 Dei
1020 2443 1112 2487 geni-

223 2494 335 2527 tricis.
364 2493 408 2527 Et
431 2493 466 2526 in
492 2493 604 2527 litteris
627 2493 668 2527 ad
690 2493 828 2527 eandem
851 2493 1024 2535 Synodum
1037 2492 1113 2527 Cle-

231 2554 286 2577 rus
309 2542 521 2587 Apameenfis
548 2545 673 2577 accusat
699 2543 832 2577 Petrum
859 2543 952 2576 suum
981 2543 1112 2586 Episco-

233 2604 313 2634 pum
327 2617 337 2632 ‚
364 2591 453 2635 quod
477 2593 668 2627 mercantias
690 2594 786 2627 faciat
807 2591 991 2627 ordinando
1026 2591 1112 2627 Pres-

235 2642 392 2685 byteros‚
418 2642 474 2683 qui
497 2643 638 2677 statuant
666 2646 892 2676 Paramonarios
919 2645 953 2677 (ς’
974 2641 1112 2686 Hospita-

232 2694 322 2725 Iarios
348 2690 498 2735 neceffaria
529 2694 672 2726 alimenta
699 2701 865 2735 pauperum
898 2693 1003 2734 ubtque
1024 2691 1112 2735 dispi-

231 2743 352 2774 lantes.
381 2742 424 2775 Et
449 2741 647 2785 Justinianns
673 2742 840 2788 Augustus
862 2745 894 2776 in
917 2742 1043 2776 Codice
1056 2743 1113 2776 sub

232 2792 331 2826 titulo
355 2790 395 2825 de
427 2792 596 2836 Episcopis
631 2793 665 2826 <Sc
697 2793 834 2827 Clericis
864 2792 1113 2827 Paramonarios

232 2843 421 2876 adnumerat
440 2842 628 2877 ‹Economis
646 2868 656 2884 ‚
683 2843 900 2878 Xenodochis
932 2866 944 2882 ‚
968 2843 1119 2879 Nosoco-

760 3127 1244 3193 CANON

1183 843 1266 885 mis,
1292 841 1601 888 Orphanotrophis,
1639 845 1776 889 aliisque
1809 845 1934 888 piarum
1972 843 2066 878 afflo-

1185 906 1264 929 num
1289 893 1617 930 Administratoribus
1640 907 1694 938 per
1717 896 1897 939 Episcopos
1910 894 2064 928 constitu-

1182 945 1243 978 tis.
1264 945 1338 980 Ubi
1363 945 1403 979 ad
1426 955 1540 979 vocem
1555 970 1565 985 ‚
1592 948 1821 979 Paramonarios
1834 970 1845 986 ‚
1875 954 1969 978 notat
1982 944 2069 978 Dio-

1182 996 1289 1037 nyfius
1301 993 1545 1029 Gothofredus:
1573 999 1614 1028 Hi
1636 1006 1724 1029 erant
1735 998 1852 1036 villici,
1871 994 1935 1037 five
1949 995 2066 1027 Adorei·

1175 1045 1378 1087 possessionum
1392 1069 1402 1085 ,
1425 1056 1462 1078 ex
1486 1057 1583 1078 eorum
1599 1057 1731 1089 genere,
1755 1052 1807 1089 qui
1833 1059 1881 1079 res
1895 1043 2064 1085 Ecclefiasti-

1178 1104 1228 1126 cas
1250 1095 1476 1135 administrant.
1507 1095 1631 1129 Eadem
1655 1096 1700 1131 est
1729 1107 1819 1130 mens
1842 1096 1956 1139 Jacobi
1970 1095 2067 1138 Cuja-

1179 1143 1240 1177 cii.
1304 1145 1434 1178 uocirca
1458 1144 1658 1179 OEconomus
1690 1147 1725 1180 ὅ(
1748 1145 1995 1179 ParamonarIus
2019 1146 2068 1179 di-

1180 1193 1390 1238 stinguuntur
1414 1204 1580 1238 tamquam
1598 1205 1704 1238 genus
1724 1196 1757 1229 <Sc
1792 1197 1932 1238 species:
1974 1197 2065 1231 (Εἰσο-

1181 1255 1298 1277 nomus
1318 1244 1362 1277 est
1388 1244 1492 1277 totius
1507 1244 1735 1278 Ecclefiasticae
1747 1244 1925 1279 substantiae
1946 1245 2066 1281 Restor

1181 1295 1381 1328 universalis:
1409 1294 1659 1328 Paramonarius
1681 1294 1725 1328 est
1749 1294 1869 1329 Reflor
1893 1296 1989 1329 unius
2007 1297 2071 1330 vil-

1181 1344 1238 1384 lae,
1266 1345 1319 1378 seu
1352 1344 1545 1383 mannonis,
1572 1344 1712 1388 ideoque
1743 1345 1844 1379 distus
1881 1346 2068 1379 Manfiona-

1179 1395 1260 1427 rius.
1290 1394 1422 1427 Mansio
1443 1395 1533 1428 enim
1555 1395 1639 1438 apud
1663 1395 1809 1429 Romani
1838 1396 1920 1439 Jutis
1945 1397 2066 1439 peritos

1182 1444 1252 1477 sunt
1273 1445 1446 1478 diversoria
1467 1443 1507 1477 ad
1529 1445 1758 1479 itinerantium
1787 1446 1945 1479 nofflurna
1959 1445 2069 1489 hospi-

1179 1494 1249 1534 tia,
1275 1495 1378 1528 diffita
1393 1493 1504 1536 paffim
1535 1495 1576 1528 ad
1595 1506 1694 1528 unam
1717 1495 1865 1530 diaetam.
1894 1496 1989 1529 Hinc
2015 1508 2065 1530 to-

1179 1545 1238 1577 ties
1262 1544 1296 1577 in
1324 1544 1440 1578 litteris
1461 1545 1526 1577 suis
1547 1546 1693 1588 queritur
1716 1544 1951 1579 Theodoretus
1978 1545 2061 1596 xCyri

1179 1593 1357 1637 Episcopus
1377 1595 1407 1628 se
1429 1593 1470 1627 ab
1497 1593 1849 1638 Ephefinolatrocinio
1867 1596 2064 1630 damnatum

1178 1644 1269 1677 fuisse
1292 1644 1456 1678 absentem
1489 1645 1656 1689 plusquam
1688 1645 1728 1680 ad
1751 1647 1890 1690 triginta
1918 1647 2065 1690 quinque
2084 1667 2159 1706 ppist
2174 1668 2240 1701 150,

1178 1694 1376 1728 mansiones.
1414 1694 1458 1735 Et
1481 1694 1553 1728 lbas
1575 1695 1791 1739 Metropolita
1818 1694 1995 1730 Edeffenus
2015 1696 2066 1730 di·
2082 1691 2145 1739 Ᾰᾶ,
2161 1690 2206 1739 ’χω
2229 1691 2237 1700 ’

1179 1745 1227 1777 xit
1257 1743 1298 1778 ad
1331 1744 1415 1778 hanc
1444 1744 1587 1779 nostram
1617 1744 1809 1789 Synodum:
1837 1746 1984 1785 Eutyches
2005 1756 2064 1789 per

1177 1795 1380 1838 quadraginta
1406 1792 1564 1836 mansiones
1586 1797 1700 1829 direxit
1722 1794 1784 1829 me.
1816 1796 1861 1829 Et
1873 1797 2063 1841 Capitulare

1178 1845 1353 1878 secundum
1376 1845 1538 1878 Ludovici
1558 1847 1603 1890 pii
1625 1846 1833 1890 Imperatoris
1847 1848 1999 1881 meminit
2014 1847 2063 1881 lo-

1177 1906 1313 1935 corum,
1351 1897 1384 1928 in
1415 1895 1532 1938 quibus
1555 1902 1608 1930 via
1640 1898 1674 1930 t&
1696 1894 1898 1937 Manfionatici
1932 1898 2063 1932 fuerunt

1177 1944 1319 1979 ordinati
1339 1945 1358 1978 a
1378 1944 1474 1978 Patre
1497 1947 1552 1979 suo
1573 1946 1695 1980 Carolo
1717 1946 1866 1991 Magno.
1910 1948 1953 1981 Et
1984 1946 2063 1982 hinc
2081 1939 2151 1977 0³5³·
2180 1948 2219 1973 ¹⁷·

1163 1994 1374 2030 descendunt
1396 1995 1554 2030 vocabula
1577 1994 1710 2030 barbara
1722 2020 1732 2036 ‚
1759 1997 1792 2030 in
1806 1998 1948 2041 antiquis
1961 1998 2059 2032 Fran-

1171 2056 1285 2079 corum
1307 2046 1341 2079 &
1363 2045 1605 2080 Germanorum
1630 2047 1838 2090 scriptoribus
1849 2049 2058 2091 frequentia,

1172 2094 1352 2138 Mansusi&
1373 2094 1584 2137 Mansuarius.
1612 2096 1776 2141 roirca
1801 2097 2063 2135 Ecclefiasticum

1172 2145 1433 2178 Manfionarium
1445 2145 1543 2179 credo
1555 2145 1636 2178 olim
1647 2146 1739 2179 fuisse
1754 2148 1880 2180 varium
1892 2147 1985 2190 juxta
2012 2160 2066 2183 va-

1174 2195 1254 2227 riam
1269 2194 1412 2228 Ecclefiae
1422 2195 1641 2229 mansionem.
1662 2195 1758 2229 Alius
1769 2196 1868 2240 prope
1882 2198 2064 2233 Ecclesiam

1173 2245 1212 2277 ad
1226 2243 1316 2277 illam
1325 2245 1513 2278 servandam
1523 2269 1532 2284 ,
1544 2245 1768 2280 mundandam
1781 2247 1981 2285 ,ornandam
1995 2273 2006 2289 ‚
2020 2249 2064 2282 ad.

1174 2293 1309 2328 alendos
1318 2293 1460 2337 hospites
1471 2295 1674 2339 &paupere8‚
1688 2296 1727 2329 ad
1741 2297 1924 2341 peragenda
1935 2298 2064 2333 Divina.

1173 2344 1301 2387 officia;
1328 2344 1409 2378 alius
1434 2345 1469 2377 in
1488 2345 1555 2388 ejus
1577 2344 1665 2378 villis
1687 2346 1979 2389 &possessionibus
1994 2360 2062 2383 ma-

1175 2394 1290 2428 nebat.
1332 2394 1376 2427 Et
1398 2405 1514 2428 omnes
1538 2394 1633 2428 hosce
1654 2396 1895 2431 Mansionarios
1934 2398 2055 2433 Canon

1175 2455 1261 2478 vetat
1285 2444 1388 2487 pretio
1412 2445 1615 2487 promoveri.
1643 2446 1746 2480 Erant
1763 2447 1850 2481 enim
1866 2446 1986 2491 subjec‘li
2005 2452 2062 2483 Re-

1170 2496 1261 2539 gula,
1290 2495 1343 2528 seu
1367 2493 1510 2528 Clerici:
1540 2494 1708 2538 Antiquus
1729 2499 1820 2530 enim
1844 2497 1963 2532 Canon
1989 2499 2061 2532 nul-

1176 2546 1243 2578 lum
1266 2544 1385 2578 laicum
1409 2544 1450 2578 ad
1473 2544 1700 2579 Ecclefiasticae
1733 2547 1914 2581 substantiae
1947 2549 2065 2592 guber-

1177 2606 1293 2629 namen
1320 2593 1484 2628 admittit.
1514 2595 1565 2627 Ex
1586 2606 1652 2638 quo
1679 2594 1767 2629 vides
1790 2609 1858 2631 non
1882 2599 2060 2632 tantumin

1176 2645 1332 2685 Divinis,
1359 2644 1410 2677 sed
1433 2646 1467 2678 ὅ(
1492 2646 1524 2678 in
1538 2644 1688 2679 humanis
1700 2647 1846 2680 Ecclefiae
1866 2647 1961 2681 rebus
1974 2660 2065 2683 corn·

1180 2696 1267 2728 mitti
1288 2695 1489 2729 fimoniam:
1518 2695 1562 2729 Et
1594 2695 1727 2739 quidem
1757 2696 1775 2730 a
1809 2696 2062 2732 mediatoribus.

1177 2744 1271 2792 Qid
1293 2745 1414 2778 fuerint
1441 2746 1655 2780 Ecclefiastici
1668 2746 1751 2781 olim
1770 2747 1987 2787 Defensores,
2012 2748 2063 2782 di-

1177 2806 1248 2830 cam
1270 2794 1346 2830 loco
1367 2796 1473 2841 magis
1489 2806 1699 2840 opportuno.

1336 3131 1531 3196 III.

231 3259 510 3395 PErvenit
546 3259 602 3308 ad
638 3259 824 3311 sanciam
861 3265 1109 3333 Synodum,
1146 3263 1272 3334 quod
1305 3267 1512 3334 quidam,
1549 3272 1627 3338 qui
1663 3272 1710 3318 in
1748 3271 1881 3319 Clero
1907 3269 2062 3320 viden-

363 3345 433 3378 tur
468 3330 607 3380 allecii
632 3368 644 3391 ,
696 3349 874 3400 propter
909 3337 1027 3386 lucra
1063 3340 1208 3405 turpia
1243 3337 1525 3389 conductores
1574 3342 1815 3389 alienarum
1850 3339 2062 3409 possessio-

230 3416 332 3446 num
368 3399 499 3460 fiant,
535 3405 578 3449 &
613 3400 823 3451 saecularia
859 3409 1035 3468 negotia
1072 3407 1148 3455 sub
1183 3425 1283 3457 cura
1330 3407 1402 3459 sua
1450 3409 1706 3477 suscipiant,
1743 3413 1832 3460 Dei
1880 3411 2063 3479 quidem

231 3469 511 3518 ministerium
548 3473 954 3540 parvi-pendentes,
1008 3475 1264 3528 saecularium
1301 3480 1405 3530 vero
1452 3478 1732 3531 discurrentes
1779 3480 1933 3533 domos
1955 3518 1968 3540 ‚
2021 3487 2065 3531 &

327 3541 352 3568 C
355 3537 427 3578 brist.
442 3543 519 3582 Lupi
529 3545 610 3582 Oper.
626 3545 701 3580 Tem.
714 3548 752 3577 11.

1586 3552 1604 3586 1
1629 3563 1651 3588 2
1945 3562 2016 3596 pro·
