2340 3736
94 312 178 355 Epist.
186 324 231 351 79-

96 429 178 468 Epist.
186 432 231 459 80-

93 468 177 509 Epist.
187 472 201 499 8
208 480 231 499 1-

100 2642 184 2680 E'pist.
208 2646 253 2671 60.

105 3059 191 3104 Epist.
213 3064 259 3091 86.

345 157 404 200 32

267 223 355 258 idern
380 225 526 269 scriptor
555 226 591 260 in
618 224 733 261 litteris
758 222 799 259 ad
822 222 1017 261 Anatolium
1042 226 1142 261 Patri·

267 273 378 309 cium:
406 277 498 320 ,Quod
505 277 630 316 synodos
652 274 737 316 apud
747 275 932 308 Antiochiam
952 278 1058 318 affldur?
1066 288 1140 320 coge-

266 334 385 366 remus,
414 328 449 367 φ
471 326 644 362 orthodoxos
666 324 855 363 turbaremus
868 351 875 362 ,
905 325 1018 368 Edicit
1035 327 1068 361 &
1086 328 1139 369 Sy-

268 375 434 414 nodorum
460 377 588 413 causam
613 387 622 408 ε
647 375 846 418 Indignamur
872 378 1006 412 nonnulli
1027 401 1037 417 ,
1063 377 1143 421 quod

270 426 426 465 Phoenices
452 423 642 466 Ecclelt‘arum
661 431 782 462 ruinam
801 427 934 469 lugemus
954 452 961 460 .
990 427 1074 474 Qae
1097 438 1141 461 re-

270 476 352 521 petit
373 477 408 516 in
431 476 547 513 litteris
568 473 610 511 ad
633 474 847 515 Euttechium
869 476 1080 517 Praefet‘ium‚
1108 477 1141 513 &

269 525 305 567 in
329 526 444 560 litteris
464 523 506 558 ad
525 524 677 563 Nomum
698 527 750 562 seu
764 525 918 565 Nonium
940 527 1143 566 Consulem,

269 576 410 619 ideoque
431 574 602 616 faetahaec,
623 576 699 611 sunt
718 587 809 610 anno
832 576 973 611 Domini
993 576 1142 620 quadrin—

268 625 447 671 gentesimo
474 624 719 670 quadragesimo
740 627 860 668 quinto
883 652 894 669 ,
931 628 988 669 qui
1009 626 1146 661 scriben-

268 677 293 712 ti
316 676 378 717 fuit
391 675 595 719 Episcopalis
619 676 793 721 dignitatis
813 677 985 721 vigesimus
1002 677 1144 722 quintus.

266 726 321 765 Eo
342 725 444 771 igitur
462 737 608 770 tempore
621 726 786 769 Iuvenalis
810 727 1053 771 Hierosolymae
1072 727 1147 771 Epi-

267 775 385 819 scopus
409 801 419 817 ,
444 775 463 812 ὲ
485 776 643 811 damnato
666 788 721 820 per
741 778 913 820 synodum
950 777 1145 822 Ephesmam

265 825 393 865 ambitu
414 837 484 861 non
508 826 697 871 quiescens,
726 827 912 871 impetravit
934 828 1034 865 sacras
1057 838 1143 872 prag-

264 876 403 912 maticas
437 901 450 918 ‚
495 876 514 910 a
546 875 674 920 Synodi
708 874 984 912 Chalcedonensis
1013 876 1144 921 septima

266 925 411 966 Aetione
433 927 590 969 cassatas,
617 926 737 971 quibus
760 939 828 961 non
851 928 981 965 tantum
1002 939 1064 962 tres
1089 926 1143 962 Pa·

265 976 417 1017 laestinae,
443 976 537 1017 sed&
554 975 677 1014 Arabia
701 975 821 1015 aeduae
832 976 1056 1013 Phoeniciaein
1079 975 1146 1019 ejus

265 1027 489 1071 quasinovarn
501 1025 756 1063 patriarchalem
776 1025 882 1060 sedem
893 1026 1133 1062 transcribeban

265 1087 320 1113 tur
341 1102 348 1110 .
371 1077 450 1112 Erat
481 1076 666 1122 graviffima
699 1075 942 1111 Patriarchatus
967 1075 1146 1111 Antioche-

265 1126 302 1163 ni
324 1126 492 1163 mutilatio
515 1135 613 1169 atque
635 1125 753 1168 injuria
779 1150 791 1167 ,
827 1126 970 1170 ideoque
992 1128 1146 1162 Domnus

264 1173 452 1213 Patriarcha
474 1186 530 1220 per
551 1175 690 1216 assiduas
709 1174 862 1217 synodos
887 1176 992 1213 inibat
1013 1177 1145 1211 consilia

263 1225 477 1269 reparationis
500 1250 508 1257 .
545 1223 594 1260 At
630 1223 851 1268 periculosum
874 1226 920 1260 est
954 1226 1089 1261 scribere
1111 1227 1144 1259 in

263 1286 365 1316 eum,
392 1275 450 1319 qui
471 1273 575 1321 potest
598 1273 811 1317 proscribere.
840 1275 975 1311 Etenim
994 1276 1148 1320 Princeps

264 1325 519 1362 Theodoretum
544 1349 556 1365 ‚
587 1324 799 1368 synodorum
834 1326 967 1361 istarum
999 1327 1146 1373 linguam

262 1377 298 1413 ὅ(
317 1385 463 1411 mentem
488 1400 499 1416 ,
526 1385 695 1418 tamquam
718 1375 814 1413 sacris
836 1377 1045 1421 pragmaticis
1071 1389 1148 1412 con-

264 1435 430 1473 tumacem
444 1450 454 1466 ,
464 1426 499 1462 δε
514 1423 661 1460 Ecclefiae
671 1437 709 1460 ac
724 1425 926 1470 Reipublicae
936 1427 1148 1468 turbatorem,

264 1474 445 1521 proscripsit
464 1476 482 1512 a
506 1474 672 1519 synodis,
697 1475 732 1512 &
754 1477 838 1512 intra
861 1477 1020 1521 Cyrenses
1039 1489 1149 1513 muros

264 1525 548 1569 circumscripsit,
583 1526 729 1561 futurum
761 1525 917 1570 deinceps
953 1537 1147 1562 contentum

265 1577 504 1611 communione
535 1574 634 1611 solius
665 1575 729 1609 suae
750 1575 929 1610 Ecclefiae.
969 1572 1148 1623 Decretum

265 1627 426 1671 fignatum
443 1625 504 1662 fuit
528 1625 655 1669 propria
678 1636 778 1659 manu
792 1625 953 1670 Principis
975 1651 986 1667 ,
1013 1627 1147 1662 insinua·

265 1687 337 1711 tum
360 1688 414 1720 per
435 1676 563 1712 Rufum
585 1674 757 1709 Comitem
778 1700 789 1717 ,
817 1676 1010 1712 mandatum
1035 1689 1149 1714 execu-

266 1726 352 1765 tioni
373 1728 390 1761 a
411 1724 561 1762 Militum
584 1724 748 1770 Magistro
770 1749 777 1758 .
805 1724 867 1761 Per
893 1726 1147 1763 adversariorum

266 1776 396 1811 infidias
417 1776 451 1810 in
475 1777 507 1810 se
518 1773 703 1813 inauditum
724 1785 839 1811 contra
863 1777 1089 1821 omnemjuris
1100 1790 1149 1813 or-

264 1827 378 1860 dinem
403 1827 564 1860 emanasse
584 1826 727 1869 queritur
751 1826 986 1863 Theodoretus
1016 1853 1026 1870 ,
1053 1829 1088 1864 &
1109 1827 1147 1863 ad

272 1877 340 1919 ejus
350 1878 562 1911 cassationem
574 1877 680 1910 movit
690 1888 791 1911 omne
814 1878 1003 1921 imperium.
1033 1879 1081 1914 At
1097 1890 1149 1924 per

269 1926 472 1970 Ephesinum
493 1926 704 1961 latrocinium
726 1927 787 1961 fuit
809 1929 940 1964 austum
961 1930 995 1963 in
1019 1930 1149 1965 damna-

266 1976 367 2010 tionis
393 1975 607 2014 sententiam,
631 1986 700 2017 quae
721 1978 836 2012 mansit
859 1979 960 2020 usque
982 1979 1022 2013 ad
1045 1981 1151 2023 Syno-

265 2026 344 2060 dum
368 2025 672 2061 Chalcedonensem
692 2051 700 2059 .
728 2024 973 2062 Lamentabiles
1005 2029 1145 2065 eruditisv

264 2076 338 2114 fimi
349 2077 501 2120 Episcopi
512 2076 553 2110 ad
575 2075 679 2110 varios
701 2075 815 2110 litterae
835 2078 909 2112 sunt
939 2080 1082 2113 omnino
1107 2081 1150 2114 le-

264 2126 404 2170 gendae.
443 2124 499 2160 Ab
520 2124 706 2167 Eutychete
733 2128 1015 2171 circumscriptum
1051 2129 1144 2164 fuisse

266 2177 453 2220 Principem
484 2175 615 2209 testatur
641 2174 811 2210 Liberatus
834 2177 1002 2212 Diaconus
1034 2180 1147 2215 Eccle-

265 2227 313 2261 siae
340 2224 622 2270 Carthaginensis.

316 2276 410 2311 Licet
432 2275 509 2310 vero
533 2275 782 2318 circumscriptae
804 2276 1012 2321 relegationis
1041 2278 1146 2312 decre·

266 2336 339 2362 tum
351 2336 553 2370 nequaquam
573 2325 613 2360 de
627 2325 823 2359 Nestoriana
845 2326 899 2360 lue
913 2351 924 2366 ‚
952 2328 1006 2361 sed
1028 2325 1068 2361 de
1080 2328 1146 2361 sola

267 2376 468 2410 turbulentia
492 2385 618 2408 notaret
640 2373 890 2409 Theodoretum
903 2400 914 2416 ‚
942 2377 1145 2420 Eutychiani

268 2435 379 2461 tamen
403 2437 470 2459 non
490 2424 650 2458 desierunt
670 2424 765 2459 illum
786 2425 909 2468 ubique
930 2427 971 2460 de
982 2426 1037 2460 illa
1058 2427 1144 2461 diffa-

269 2488 375 2510 mare.
404 2476 512 2515 Eum,
539 2475 717 2518 omnesque
736 2476 922 2511 orientales
945 2474 1146 2520 Epffcopos,

269 2526 359 2570 quod
382 2526 536 2568 Princeps
566 2524 644 2558 fidei
669 2524 902 2568 quaestionibus
928 2526 1051 2560 misceri
1075 2527 1143 2561 nol·

268 2577 334 2616 let,
361 2576 545 2610 detulerunt
566 2574 607 2608 ad
629 2575 827 2609 Dioscorum
853 2574 1061 2615 Alexandriae
1073 2577 1147 2620 Epi-

270 2628 403 2670 scopum
416 2651 427 2666 ,
453 2625 639 2669 proximum
652 2625 759 2659 Sancti
772 2625 892 2668 Cyrilli
915 2626 1125 2661 successorem
1137 2650 1148 2666 ,

269 2677 359 2719 cujus
370 2677 504 2711 virtutes
528 2686 630 2719 nuper
652 2674 877 2718 depraedicarat
889 2675 1146 2718 Theodoram,

270 2725 409 2769 ideoque
420 2725 487 2769 ejus
507 2723 650 2760 tribunal
674 2724 844 2759 videbatur
865 2736 932 2758 non
958 2725 1148 2773 subterfugi·
1169 2763 1171 2766 ,

269 2786 379 2811 turus.
408 2777 449 2810 Et
463 2775 567 2810 revera
591 2786 659 2809 non
682 2773 895 2820 subterfugit.
922 2775 1060 2811 Exstant
1079 2776 1147 2819 ejus

271 2826 504 2862 officiosiliimae
541 2824 581 2859 ad
619 2825 714 2858 illum
753 2825 980 2859 satisfastionis
1014 2826 1146 2868 litterae‚

272 2876 564 2919 communiumque
585 2875 626 2910 ab
648 2874 803 2910 omnibus
824 2875 1003 2910 Orientalis
1020 2877 1146 2911 Dioece-

273 2927 341 2960 seos
354 2925 521 2969 Episcopis
543 2927 722 2960 litterarum
746 2925 858 2959 seriem
878 2925 1017 2961 edisserit
1039 2926 1072 2959 in
1095 2926 1144 2960 lit-

273 2975 349 3010 teris
370 2975 409 3008 ad
432 2977 583 3010 Sanctum
617 2975 813 3010 Flavianum
834 2975 1035 3019 Episcopum
1060 2975 1146 3009 Con-

273 3024 622 3067 stantinopolitanum.
651 3029 724 3058 Rati
736 3037 788 3058 nos
810 3026 981 3066 adjutorem
1003 3036 1037 3057 ac
1042 3023 1148 3068 socium

275 3076 319 3108 ad
338 3086 374 3108 ea
397 3099 408 3115 ‚
439 3086 505 3116 quae
526 3085 627 3109 contra
648 3076 741 3117 fidem
763 3074 951 3116 Apostoli-*cam
971 3086 1150 3114 moventur,

277 3124 429 3158 babituros
456 3125 517 3157 Deo
553 3126 723 3165 carissimum
745 3125 939 3158 Alexandriae
971 3123 1149 3168 Episcopum

277 3178 435 3208 Dominum
447 3172 631 3217 Dioscorum‚
659 3175 784 3216 mrfimus
806 3186 897 3208 unum
919 3174 1148 3218 &religioſsffimis

279 3223 479 3263 Presbyteris,
499 3223 815 3267 prudentiainfignem
829 3249 839 3264 ,
869 3228 982 3257 Pietati
995 3227 1061 3266 ejur
1078 3226 1143 3269 firg-

275 3283 414 3317 gerentes
427 3296 437 3311 ‚
462 3286 515 3307 nos
535 3279 567 3306 in
577 3272 732 3314 eofaedere
745 3298 763 3316 ,⁸
781 3276 860 3315 quod
861 3273 916 3316 siaeb
929 3274 1022 3308 beatae
1050 3288 1151 3309 memo-

279 3329 334 3356 riae
358 3325 579 3360 cyrilloimtum
596 3322 656 3364 est,
677 3331 849 3364 permanere
862 3348 871 3362 ‚
893 3323 1092 3368 scriptamque
1113 3326 1151 3357 ab

280 3384 310 3405 eo
323 3371 486 3412 Epifioiam
503 3373 639 3415 amplecti
650 3397 661 3412 ,
688 3375 722 3407 (ν
734 3373 882 3413 beatiffimi
894 3384 1001 3415 quoque
1020 3375 1152 3408 Athana-

276 3421 312 3465 fii
335 3420 497 3463 Epistulam
510 3446 520 3461 ‚
547 3435 636 3464 quam
646 3425 690 3455 ad
701 3422 818 3456 beatum
838 3424 1009 3464 Epzc‘ietum
1016 3423 1130 3467 scriplr‘t
1143 3449 1153 3464 ‚

280 3471 405 3511 libenter
423 3469 570 3517 suscipere
583 3496 595 3517 2
618 3483 707 3516 atque
728 3482 799 3511 ante
810 3472 872 3510 haec
891 3473 1025 3517 fidemin
1047 3479 1155 3511 Nicaea
1219 3479 1249 3512 se
1263 3477 1463 3514 adversatum
1477 3476 1621 3522 queritur
1631 3469 1862 3509 Theodoretus
1873 3472 1906 3508 in
1926 3470 2039 3509 litteris
2049 3469 2093 3505 ad
2109 3484 2246 3527 Epist-87-

858 140 1490 192 Dissau'ratrlo

1204 224 1382 265 Bytbiniaea
1399 224 1516 268 sanffls
1526 227 1670 264 Patribus
1692 231 1869 277 expofitam:
1896 235 1943 268 Et
1959 231 2074 268 hortm

1201 274 1301 318 sumus
1313 299 1323 315 ‚
1351 283 1384 308 ut
1397 286 1445 310 eos
1458 299 1469 316 ‚
1494 283 1546 317 qul
1565 285 1598 312 tn
1608 279 1657 313 his
1662 290 1837 324 permanere
1856 285 1958 318 nolunt
1971 307 1982 325 ,
2002 282 2089 327 sav<

1204 328 1272 360 deat
1279 333 1456 367 permanere
1470 349 1476 356 .
1503 325 1681 366 Adducunt
1691 333 1788 368 etiam
1799 335 1908 369 Sansti
1925 332 2073 370 Athana

1204 376 1238 412 sii
1253 375 1415 413 laudatam
1429 373 1610 418 Epistolam
1623 401 1634 417 ‚
1656 383 1746 422 quod
1767 383 1841 419 eam
1850 384 1892 419 ab
1912 382 2077 419 haeretico-

1204 437 1276 460 rum
1285 425 1450 463 adulteriis
1462 435 1675 470 expurgatam
1686 432 1813 469 mififfet
1824 434 1866 469 ad
1877 434 1951 469 51103
1960 445 2002 468 ex
2015 434 2078 468 Ec.

1205 475 1302 510 clesiae
1322 475 1556 511 Alexandrinae
1577 476 1713 522 integris
1733 482 1883 519 Ambivis
1906 508 1918 525 ,
1945 483 2080 528 ejusque

1205 526 1325 571 dogma
1347 524 1477 562 admitti
1500 527 1652 571 exegisset
1675 528 1969 576 SanetusCyrillus
1991 558 2004 574 ‚
2028 530 2082 568 uti

1208 576 1315 614 scribit
1339 576 1405 619 ipse
1418 575 1459 609 ad
1486 576 1669 612 Successum
1695 578 1939 623 Episcopum-in
1963 583 2084 619 lsauria

1206 626 1539 661 Dio-Caesareensem.
1566 625 1766 671 Apollinarii
1795 639 1900 674 nugas
1918 630 1961 665 ab
1979 633 2085 677 Euty·

1208 676 1268 711 che
1294 676 1491 710 resuscitatas
1502 677 1641 721 configit
1667 677 1839 721 Epistola,
1865 678 2084 725 atqueitapex

1210 727 1309 770 ipsam
1320 724 1501 768 sperabatur
1513 725 1692 763 Dioscorus
1702 727 1743 763 ab
1755 728 1815 762 illo
1826 726 2031 764 divellendus
2039 754 2050 763 .

1257 775 1404 822 Qaestio
1417 775 1485 815 est,
1511 775 1597 811 unde
1607 777 1792 814 orientales
1814 778 1965 824 Episcopi
1981 780 2088 815 incur-

1211 826 1265 859 reri
1273 834 1306 858 nt
1321 824 1575 860 notam'violatae
1587 827 1674 870 pacis
1683 828 1717 861 &
1727 830 1897 872 resumprae
1906 829 2087 874 impietatis

1211 875 1442 911 Nestorianae?
1469 874 1667 919 Respondeo
1697 889 1753 915 eos
1777 879 1862 922 ipsos
1893 880 1927 915 id
1960 878 2086 914 dudum

1209 925 1367 970 ignorasse
1389 949 1397 958 .
1425 924 1569 959 Primam
1588 926 1677 962 suam
1710 928 1923 972 suspicionem
1949 930 2088 974 exponit

1210 975 1443 1011 Theodoretus
1453 975 1488 1009 in
1519 976 1633 1010 litteris
1643 976 1684 1011 ad
1696 979 1864 1023 utriusque·
1876 979 2002 1014 Ciliciae
2012 980 2089 1024 Epi-f
2107 979 2221 1021 Epist-8·

1213 1027 1323 1069 scopos
1335 1051 1343 1058 .
1370 1028 1444 1059 Sunt
1455 1031 1505 1068 qui
1515 1027 1621 1060 dicant
1630 1028 1785 1062 calumniae
1796 1027 1901 1071 ansam
1912 1041 1957 1063 eos
1977 1036 2088 1073 arripe-

1210 1088 1239 1109 re
1248 1088 1285 1110 ex
1294 1082 1401 1118 paucis
1426 1074 1605 1119 quibusdam
1615 1101 1626 1117 ,
1653 1084 1704 1120 qui
1716 1080 1799 1120 apud
1812 1089 1865 1115 nos
1875 1081 1920 1112 ἱτᾶ
1930 1077 2065 1122 sentiunt
2075 1104 2091 1122 ,

1210 1136 1299 1169 atque
1311 1131 1342 1162 in
1355 1127 1433 1159 duas
1439 1124 1585 1169 personas
1597 1133 1787 1162 incarnatum
1799 1131 1894 1162 Deum
1907 1129 2034 1164 Verbum
2043 1131 2091 1165 dt·

1210 1178 1322 1213 vidant
1340 1202 1348 1210 .
1378 1175 1527 1211 Alteram
1550 1177 1659 1213 scribit
1679 1178 1719 1215 ad
1746 1180 1922 1214 Domuum
1952 1179 2093 1220 Patriarq

1211 1225 1307 1261 cham
1333 1224 1603 1261 Antiochenutn.
1630 1227 1764 1270 Tametsi:
1774 1230 1925 1263 duodecim
1945 1231 2092 1273 Capitulae
2109 1243 2269 1286 Qatnu:

1207 1278 1310 1319 plures
1325 1275 1607 1321 temeresanxiffent
1618 1302 1629 1319 ‚
1653 1278 1814 1318 restitimus
1824 1279 2070 1324 apudpresiam
2080 1303 2093 1321 ‚

1211 1337 1262 1361 nec
1266 1328 1352 1369 priris
1364 1327 1410 1360 illi
1422 1351 1431 1366 ,
1443 1332 1494 1369 qui
1499 1325 1664 1370 scripserat
1675 1328 1740 1362 baec
1752 1354 1763 1370 ‚
1788 1336 2068 1366 communicavimus
2078 1355 2096 1372 ,
2159 1343 2161 1345 ’

1211 1382 1345 1420 quamiis
1356 1402 1366 1417 ,
1393 1389 1460 1419 quae
1470 1376 1696 1420 exposueramus
1706 1403 1718 1420 ,
1744 1379 1912 1423 adsentiens
1938 1379 2096 1424 consonam

1211 1427 1257 1460 his
1280 1427 1445 1461 doc‘lrinam
1470 1429 1702 1463 accommodavit
1714 1453 1726 1470 ,
1751 1431 1864 1465 nullam
1875 1433 2019 1473 Cupitum
2028 1431 2095 1465 illo-

1210 1490 1275 1511 rum
1280 1477 1404 1519 faciens
1427 1483 1601 1512 mentionem
1613 1503 1620 1511 .
1647 1478 1905 1523 ‚Quodsancqitatt
1931 1480 2095 1523 tuaefaecill.

1205 1527 1302 1569 fuerit
1316 1526 1478 1571 perspicere
1490 1553 1500 1569 ,
1519 1527 1551 1569 st
1555 1530 1624 1564 ac‘la
1629 1536 1764 1572 perquiri
1776 1530 1888 1571 ‚iubeat
1900 1556 1907 1563 .
1934 1532 2093 1574 Affirvan-

1212 1588 1260 1611 tur
1276 1579 1484 1620 enimprarsas
1506 1590 1570 1611 cum
1590 1581 1694 1618 synodi
1709 1579 1975 1623 subftriptionibus
1988 1606 1996 1614 .
2022 1583 2094 1615 Ex-

1204 1626 1288 1667 stant
1300 1637 1400 1664 autem
1419 1626 1554 1671 sinodica
1558 1629 1718 1672 plusquam
1730 1637 1894 1674 quingenta
1905 1655 1916 1672 ,
1942 1643 2011 1674 quae
2023 1632 2095 1665 λικε

1212 1679 1304 1712 decim
1325 1682 1469 1720 Cupitum
1488 1676 1700 1722 acacsationem
1724 1679 1922 1719 demonstrant
1936 1704 1944 1712 .
1970 1681 2031 1714 Ait
2041 1688 2095 1715 cn·

1213 1728 1345 1764 lumniae
1355 1729 1467 1764 ansam
1489 1728 1551 1762 effe
1564 1739 1631 1763 non
1654 1730 1742 1772 posse
1757 1729 1988 1773 Capitulorum
2014 1730 2094 1773 reie-

1213 1779 1354 1813 stionem
1366 1803 1376 1819 ,
1405 1778 1494 1822 quod
1507 1777 1561 1812 illa
1574 1777 1630 1821 ipsi
1646 1790 1752 1821 neque
1764 1779 1798 1812 in
1813 1777 1974 1821 Ephefina
1984 1781 2093 1821 Syno-

1213 1829 1256 1862 do
1268 1852 1279 1868 ‚
1304 1838 1409 1871 neque
1422 1829 1455 1861 in
1470 1828 1556 1870 pacis
1568 1829 1702 1867 trastatu
1718 1835 1863 1873 unquam
1879 1828 2093 1870 admiserint,

1212 1876 1355 1921 adeoque
1366 1876 1411 1912 ob
1434 1888 1547 1915 eorum
1560 1877 1767 1921 reJeetionem.
1793 1879 1905 1917 vocari
1927 1888 2093 1923 nequeant

1213 1930 1246 1963 in
1258 1938 1383 1963 reatum
1395 1928 1524 1962 violatae
1537 1929 1624 1972 pacis
1633 1954 1640 1962 .
2088 1947 2093 1963 η

1263 1979 1385 2015 Veram
1395 1977 1495 2023 igitur
1507 1979 1679 2013 calumniae
1706 1979 1836 2013 causam
1849 1978 1950 2023 aperit
1961 1976 2094 2014 Libera-

1213 2039 1264 2063 tus
1277 2027 1545 2074 Carthaginensis
1556 2053 1563 2061 .
1592 2028 1721 2070 Nestorii
1730 2028 1890 2072 sec‘latores
1900 2030 2038 2064 videntes
2053 2030 2092 2063 it-
2109 2045 2148 2075 cf,
2165 2048 2215 2076 ‚op

1211 2079 1279 2115 bros
1292 2079 1372 2113 illius
1381 2104 1393 2119 ,
1419 2078 1461 2113 ab
1474 2077 1634 2122 Ephesina
1646 2079 1782 2121 synodo
1800 2079 1834 2113 ἀ
1844 2078 1916 2123 lege
1928 2078 2095 2121 Imperiali

1210 2128 1381 2164 damnatos
1392 2153 1402 2168 ,
1417 2129 1481 2171 legi
1497 2141 1565 2162 non
1577 2129 1666 2170 posse
1677 2127 1744 2161 fine
1755 2127 1898 2171 periculo
1908 2151 1921 2168 ,
1944 2134 2094 2169 coeperunt

1213 2181 1332 2214 Diodori
1352 2176 1522 2220 Tharsensis
1535 2176 1720 2211 &Theodori
1742 2175 1948 2218 Mopsuesteni,
1976 2177 2094 2210 &alio-

1209 2241 1275 2263 rum
1301 2226 1532 2271 Episcoporum,
1559 2228 1614 2270 qui
1633 2228 1668 2259 in
1682 2224 1928 2268 Apollinarium
1940 2225 2090 2268 synusia-

1212 2280 1280 2314 sten
1307 2279 1517 2321 scripserant,
1545 2277 1697 2309 volumina
1705 2274 1913 2316 circumferre,
1940 2274 2092 2318 &simpli-

1209 2334 1234 2362 ci
1252 2339 1323 2362 imos
1334 2325 1456 2369 quosque
1469 2327 1602 2367 decipere
1613 2331 1760 2367 cupientes
1772 2325 1896 2365 aiebant
1907 2336 1965 2357 non
1971 2324 2092 2369 sapuis-

1205 2377 1239 2421 fe
1252 2388 1331 2411 nova
1354 2375 1523 2416 Nestorium
1535 2400 1545 2416 ,
1567 2373 1627 2418 sed
1643 2380 1801 2416 antiquam
1813 2376 1940 2408 Parrum
1957 2373 2092 2418 prosecu-

1210 2437 1271 2460 tum
1286 2427 1374 2469 fuiffe
1399 2426 1564 2460 doctrinam
1580 2449 1587 2457 .
1615 2425 1702 2460 Diffi
1725 2424 1899 2459 Theodori
1921 2423 2090 2460 volumina.

1211 2479 1245 2511 in
1269 2479 1385 2520 Syram
1407 2500 1419 2516 ‚
1448 2474 1639 2509 Armeniam
1659 2499 1670 2515 ,
1699 2484 1736 2509 ac
1758 2473 1917 2509 Persicam
1938 2475 2092 2519 linguam

1211 2526 1459 2568 transtulerunt.
1486 2524 1590 2560 Tunc
1613 2524 1800 2559 Graecorum
1822 2525 1976 2569 Episcopi
1988 2525 2029 2559 de
2050 2524 2090 2559 il-

1211 2578 1271 2610 lius
1290 2575 1490 2619 dogmate&
1511 2576 1645 2618 persona
1656 2583 1823 2617 coeperunt
1846 2575 1962 2609 acriter
1984 2574 2091 2619 digla-

1209 2626 1308 2661 diari.
1341 2626 1480 2669 Joannes
1489 2623 1673 2658 patriarcha
1686 2622 1916 2659 Antiochenus
1929 2649 1940 2665 ,
1965 2625 2090 2660 omnis-

1209 2688 1271 2720 que
1282 2675 1348 2719 ejus
1357 2675 1512 2709 Dioecesis
1534 2674 1621 2708 stetit
1633 2685 1692 2718 pro
1714 2674 1923 2715 Theodoro,
1949 2684 2092 2719 excepto

1209 2737 1320 2761 tamen
1342 2724 1471 2759 Rabula
1495 2724 1657 2759 Edeffeno
1683 2724 1899 2768 Metropolita
1924 2749 1935 2764 ,
1960 2724 2001 2758 de
2020 2735 2092 2768 quo

1211 2775 1279 2810 lbas
1292 2774 1433 2818 ejusdem
1456 2773 1603 2809 Ecclefiae
1615 2774 1793 2818 Episcopus
1817 2775 1850 2808 in
1862 2775 1986 2808 famosa
2012 2774 2089 2819 Epi-

1209 2826 1289 2860 stola
1301 2825 1341 2861 ad
1355 2825 1476 2859 Marim
1488 2824 1617 2860 Persam
1627 2849 1635 2856 .
1665 2823 1783 2863 Nostrae
1793 2830 1931 2858 civitatis
1943 2834 2091 2863 tyrannus

1211 2875 1345 2918 occasione
1353 2874 1419 2914 fidei
1430 2886 1487 2908 non
1490 2872 1584 2918 foliam
1596 2885 1673 2910 nunc
1687 2879 1825 2908 viventes
1836 2874 2015 2918 insequitur,
2030 2872 2091 2917 sed

1211 2929 1244 2961 Θ
1264 2926 1316 2959 hos
1333 2950 1343 2965 ,
1367 2930 1417 2968 qui
1438 2926 1505 2958 olim
1516 2926 1560 2957 ad
1584 2928 1681 2959 Deum
1701 2925 1926 2967 praecefferunt:
1955 2927 2091 2968 ,Quorum

1211 2988 1287 3010 unus
1298 2975 1335 3017 est
1359 2976 1462 3009 beatus
1474 2974 1640 3008 Theodorus
1654 2999 1661 3006 .
1689 2974 1728 3009 111
1739 2975 1851 3018 quinta
1879 2975 2017 3018 Synodo
2034 2982 2094 3007 εκὸ

1212 3027 1296 3060 stant
1314 3025 1355 3062 de
1376 3025 1489 3060 eadem
1513 3025 1645 3059 materia
1664 3024 1775 3059 litterae
1798 3024 1934 3059 Rabulae
1954 3023 1996 3058 ad
2014 3024 2094 3058 San·

1211 3078 1296 3110 tium
1320 3074 1503 3118 Cyrillum‚
1527 3075 1680 3110 &Sanffi
1706 3074 1824 3117 Cyrilli
1837 3075 1878 3109 ad
1906 3073 2091 3112 Rabulam,

1213 3137 1351 3168 eumque
1363 3124 1454 3159 fuiffe
1465 3124 1526 3158 lbae
1538 3126 1571 3158 in
1586 3123 1748 3159 Cathedra
1769 3126 1925 3159 Edessena
1938 3121 2092 3158 Anteces-

1213 3178 1316 3222 sorern
1330 3175 1461 3208 testatur
1471 3175 1537 3218 jam
1549 3175 1648 3210 ditius
1661 3174 1831 3208 Liberatus
1842 3199 1851 3206 .
1878 3176 2023 3216 Omnem
2035 3171 2092 3204 illo

1213 3226 1417 3262 Osrhoenam
1431 3225 1640 3264 Provinciam
1652 3248 1662 3264 ‚
1687 3225 1860 3268 praesertim
1870 3223 2003 3256 Clerum
2017 3221 2091 3253 Mo-

1214 3275 1450 3320 tropolitanum
1476 3276 1578 3310 movit
1591 3276 1624 3308 in
1648 3272 1880 3310 Nestorium&
1906 3270 2092 3314 ejusMagi-

1215 3328 1313 3361 strum
1334 3324 1554 3359 Theodorum
1569 3351 1579 3366 ,
1599 3325 1821 3366 animavitque
1841 3319 1881 3354 ad
1909 3321 2090 3363 suspestum

1216 3377 1307 3411 Ibam
1331 3375 1496 3410 fortissime
1519 3375 1733 3409 accusandum
1753 3372 1787 3408 &
1811 3370 2089 3413 persequendum,

1217 3426 1369 3461 Eundem
1380 3424 1514 3458 Clerum
1525 3426 1622 3459 etiam
1634 3423 1688 3463 sibi
1702 3421 1788 3463 quasi
1801 3420 2000 3457 Nestoriano
2016 3420 2091 3466 fuis-

1971 3520 2029 3559 Do
