2340 3736
505 194 576 239 De
611 204 793 237 vocnws
830 191 1115 244 3υΒετΑΝτ1Λ,
1150 185 1385 241 Essemus,
1422 185 1756 247 Pens0m‚&c.'

1894 207 1992 252 319

248 270 412 320 ,perfhnae,
438 285 494 312 non
505 278 628 307 miretur
638 284 701 307 cum
711 274 798 307 audit
810 297 820 314 ,
832 274 912 317 quod
930 273 1071 313 Diodori,
1095 282 1130 304 ac
1196 273 1273 303 viter·
1289 267 1329 310 fic
1343 267 1449 307 habeto
1470 292 1478 302 .
1504 271 1583 312 ,ραι
1601 270 1638 312 est
1666 277 1742 306 ratio
1752 281 1916 308 communis
1938 277 1982 309 ad
1998 283 2063 319 pro-

252 325 394 360 Tbeodori
412 322 528 367 scripta
547 322 632 366 quasi
647 323 825 364 Nestoriana
855 324 1022 366 culpaverit
1046 343 1057 360 ,

251 388 312 411 non
328 377 426 422 ponus
447 378 579 406 imitator
597 373 646 416 sui
669 374 823 419 Decefforis
847 372 999 415 Athanaffl
1016 369 1130 415 scripta

252 430 382 459 omnium
402 429 435 455 in
449 432 524 466 pace
534 423 668 466 Ecclefiae
689 423 895 468 quiescentium
914 422 1057 463 studuerit
1078 432 1128 454 ex·

251 472 352 516 casare
366 473 382 504 ἒ
407 473 572 508 Adfirmat
592 473 680 517 quod
702 470 867 517 Cyrillum
893 475 994 506 etiam
1017 481 1130 505 vocem

253 523 397 558 Persona
417 524 575 567 acceperit
585 535 644 567 pro
664 532 779 557 natura
792 548 799 556 .
828 523 991 559 Adfirmat
1003 522 1066 556 esse
1080 532 1130 555 ac-

253 572 438 617 ceptionem
452 573 589 607 liberam
600 583 696 617 atque
705 572 966 616 Heteroclytam‚
975 570 1129 607 orthodo-

261 635 337 657 xam
347 623 503 658 tamenin
517 622 648 666 Cyrillo
658 647 665 655 .
693 623 737 657 Et
748 623 790 657 ab
801 624 955 657 omnibus
965 634 1047 658 excu
1053 621 1110 656 sari
1123 647 1129 653 .

253 673 345 708 Hinc
355 671 523 708 concludit
533 672 723 707 Diodorum
731 672 922 708 Tarsensem
933 697 945 715 ‚
968 685 1005 707 ac
1017 672 1131 708 Theo-

253 724 370 758 dorum
403 722 692 766 Mopsuestiensem
719 722 918 767 Episcopum
947 722 1132 757 absimiles

252 773 439 808 locutiones
450 784 518 806 non
535 773 596 807 effe
618 772 842 808 damnandos.
869 773 942 808 Nec
960 774 978 806 ὲ
1001 772 1132 816 Cyrillo

254 824 348 858 fuisse
366 821 550 861 damnatos.
584 822 696 856 Etiam
723 822 857 857 Nicetes
875 823 1077 865 Byzantinus
1098 822 1131 855 in

254 874 381 917 praefata
394 870 671 907 Chalcedonensis
683 873 811 917 Synodi
831 870 1001 917 Apologia
1023 872 1132 907 scribit

253 922 298 956 'de
319 922 453 965 Magno
474 920 656 956 Athanasro
668 936 680 956 .·
704 926 833 966 Magnus
854 921 1031 966 Athanasius
1051 922 1126 955 duas

251 969 404 1014 ,Perfimas
424 976 456 1009 in
475 970 587 1011 cbristo
609 973 662 1015 effe
683 975 837 1006 contendit
865 997 876 1010 ,
899 972 934 1008 ὅ(
969 971 1053 1006 reste
1072 971 1126 1005 ad-

253 1020 384 1082 jungit:
411 1023 493 1065 ‚Quae
512 1020 569 1063 nist
586 1027 651 1066 quis
672 1021 794 1066 adserat
813 1023 896 1056 die‘la
915 1022 967 1065 ff
987 1024 1008 1055 ὰ
1031 1024 1131 1055 Patri·

254 1071 312 1105 bus
337 1095 349 1113 ,
378 1067 416 1112 fic
441 1071 592 1105 vocabulis
626 1072 820 1107 abutentibus
843 1097 855 1114 ,
891 1070 1007 1114 eosdem
1041 1070 1134 1105 baere-

181 1163 184 1166 ψ
250 1120 319 1166 J‘eos
340 1130 411 1154 nota
436 1121 599 1163 infamabit
624 1146 637 1163 ,
667 1124 704 1156 Θ
722 1134 761 1157 ex
791 1127 831 1156 iis
854 1122 1034 1156 orationibus
1061 1120 1136 1162 testi-

255 1174 356 1212 'monia
381 1182 536 1215 congerens
555 1194 566 1212 ³
584 1171 641 1213 fibi
664 1171 724 1215 ipsi
738 1196 750 1212 ‚
775 1174 811 1206 ὑ
831 1172 901 1205 aliis
927 1177 1064 1204 maxima
1089 1175 1135 1204 in-

254 1221 403 1254 commoda
428 1222 610 1264 comparabit
643 1247 650 1256 .
693 1221 849 1257 Affirmat
873 1221 983 1256 Patres
1020 1244 1032 1261 ,
1059 1219 1136 1255 licet

252 1272 312 1316 Per
330 1269 467 1305 abusum
494 1295 507 1312 ,
534 1271 764 1315 Metaphotam
787 1296 798 1312 ‚
833 1280 890 1306 aut
911 1270 1138 1314 aequivocatio-

253 1326 332 1355 nem
357 1318 437 1354 hinc
462 1320 539 1354 inde
557 1321 636 1354 talia
662 1322 843 1363 scripserint
863 1344 874 1359 ,
908 1320 972 1354 effe
997 1320 1016 1354 ὲ
1043 1318 1138 1354 nullo

251 1366 481 1404 damnandos.
521 1367 679 1404 Attamen
699 1369 777 1403 licet
798 1370 885 1413 ipsos
904 1369 1059 1404 damnare
1085 1378 1137 1402 ne-

252 1427 434 1464 queamus,
461 1419 537 1453 istas
548 1428 655 1453 tamen
676 1418 820 1462 ipsorum
845 1418 1031 1452 locutiones
1046 1428 1139 1462 opor-

254 1477 301 1504 tet
326 1468 529 1512 improbare,
555 1481 594 1503 ac
621 1467 806 1513 longissime
831 1467 849 1500 a
875 1468 986 1502 nostra
1022 1467 1137 1512 lingua

251 1517 472 1563 proscribere.
520 1518 615 1553 Hinc
651 1517 834 1553 Bafileensis
870 1517 1025 1560 Synodus
1060 1515 1140 1551 τεέὶὲ

251 1567 424 1603 dam-navit
442 1567 503 1603 has
528 1568 764 1612 propositiones
792 1565 971 1611 Augustini
995 1566 1038 1601 de
1071 1567 1141 1601 Ro-

252 1628 333 1659 ma,
360 1616 629 1661 Archi-Episcopi
663 1617 848 1652 Nazareni:
885 1621 1012 1650 Natura
1036 1616 1138 1650 buma-

253 1674 298 1701 na
323 1673 355 1700 in
379 1666 496 1707 Christo
522 1669 593 1700 verr?
617 1666 655 1707 est
680 1667 817 1705 Christus
830 1691 837 1698 .
864 1670 989 1699 Natura
1010 1665 1141 1699 humana

253 1723 291 1752 in
317 1714 434 1758 christo
458 1715 495 1757 est
520 1715 655 1760 Persona
680 1713 808 1757 Christi.
846 1719 938 1749 Ratio
960 1714 1141 1759 suppofitali-

253 1771 333 1802 tatis
361 1768 565 1800 determinans
591 1775 734 1800 naturam
771 1765 934 1798 humanam
968 1770 1000 1799 in
1027 1764 1141 1805 cbristo

255 1825 316 1850 non
339 1817 461 1848 realiter
486 1815 673 1859 distinguitur
698 1816 738 1847 ab
765 1814 831 1857 ipsa
857 1822 970 1847 natura
1006 1816 1131 1848 determi

255 1872 352 1898 nata.
380 1868 509 1897 Natura
533 1864 667 1897 humana
690 1869 723 1896 in
748 1863 862 1903 Christo
883 1864 1084 1904 proculdubio
1103 1864 1141 1905 est

256 1923 371 1949 natura
397 1913 504 1951 Verbi,
531 1914 722 1947 &Verbum.
749 1918 786 1945 In
811 1912 926 1952 Christo
953 1922 1064 1947 natura
1097 1912 1141 1956 as-

252 1963 378 2008 sumpta
402 1962 440 2002 est
479 1964 600 1997 realiter
637 1961 768 2006 Persona
803 1961 964 2005 adsumens
977 1989 985 1998 .
1038 1962 1141 1998 Aliud

256 2012 358 2057 longe
380 2011 587 2055 Augustinus
607 2012 684 2052 ille,
710 2011 814 2056 longe
850 2012 940 2046 aliud
976 2013 1141 2048 senserunt

257 2063 395 2098 Sanstus
422 2059 643 2101 Athanasius,
669 2073 707 2096 ac
732 2062 866 2096 Sanctus
890 2061 1056 2106 Cyrillus.
1082 2062 1142 2096 Vi-

257 2110 355 2146 detur
379 2120 492 2145 tamen
518 2110 575 2144 ille
593 2122 670 2144 cum
692 2110 742 2145 his
763 2121 880 2146 vocem
911 2110 1043 2154 Persona
1064 2122 1140 2147 con-

256 2161 375 2198 fudisse
395 2171 472 2194 cum
494 2170 577 2194 voce
600 2165 743 2193 Natura.
777 2162 820 2195 Et
846 2160 1000 2205 synodus
1021 2160 1139 2195 merito

257 2210 446 2253 damnavit.
474 2210 607 2245 Vocum
627 2212 799 2255 acceptio,
824 2222 925 2255 quam
946 2210 1074 2246 dudum
1098 2211 1141 2245 st-

258 2260 373 2306 pelivit
395 2259 560 2300 Ecclesia,
586 2270 656 2294 non
667 2260 714 2295 est
735 2262 917 2296 revocanda
930 2261 964 2294 in
989 2261 1114 2296 lucem.

308 2309 455 2345 Proinde
477 2309 638 2351 Persona,
662 2310 855 2354 Hypostasis
879 2335 891 2352 ,
917 2310 1140 2353 fubfistentia,

260 2363 341 2396 suut
353 2371 457 2394 unum
468 2358 600 2393 &idem
612 2384 618 2391 .
646 2359 758 2395 Etiam
770 2361 931 2400 Effentia,
941 2360 1116 2396 substantia
1129 2384 1140 2401 ,

262 2411 396 2450 forma,
421 2408 562 2443 Natura.
590 2408 664 2443 Nos
676 2409 772 2443 latini
793 2411 860 2454 jam
880 2410 1008 2454 pridem
1032 2410 1140 2445 italo·

261 2469 429 2547 2¹:¹32&
447 2457 1141 2554 {Qiluisszlzt}‘'izitffssssffaxssffl-{z}

261 2557 369 2591 :stasim
390 2566 447 2599 pro
466 2555 599 2590 essentia
620 2579 633 2596 ‚
658 2555 712 2590 vel
737 2558 809 2592 vice
838 2561 926 2592 versa
955 2559 1114 2602 acceperit
1128 2583 1139 2601 ,

263 2605 385 2651 dignus
398 2605 443 2639 est
455 2605 635 2649 graviffima
656 2617 751 2649 poena
763 2630 774 2646 ,
801 2606 870 2640 imo
881 2608 916 2641 δε
938 2607 1139 2644 Anathema-

261 2667 299 2691 te
311 2681 318 2688 .
345 2655 508 2698 Insignem
520 2653 581 2688 hac
590 2653 631 2688 de
650 2666 685 2690 re
696 2655 874 2699 Epistolam
886 2679 897 2696 ‚
910 2655 949 2691 ad
963 2658 1055 2692 suum
1067 2658 1141 2692 Fra·

262 2715 348 2740 trem
360 2705 509 2738 Sanctum
520 2704 719 2749 Gregorium
742 2705 778 2739 N
779 2707 926 2748 yssenum
938 2707 1139 2751 Episcopum

262 2755 386 2799 scripsit
397 2754 542 2799 Magnus
553 2753 686 2791 Bafilius
699 2777 710 2794 ‚
733 2755 767 2790 oc
778 2754 858 2790 dicit
871 2757 1042 2799 praesertim
1057 2757 1119 2792 tria
1130 2782 1138 2790 .

85 2834 161 2876 Epist
171 2844 208 2874 3⁷
260 2804 380 2841 Primo
402 2803 491 2848 quod
511 2803 611 2848 aliqui
633 2803 753 2839 Ufiam
772 2816 810 2840 ac
830 2805 1043 2850 Hypostafim
1063 2816 1140 2842 cone

263 2915 369 2939 unam
400 2902 521 2937 Ufiam
552 2903 586 2937 &
616 2903 859 2948 Hypostasim;
898 2907 934 2941 &
971 2905 1138 2951 adjungit:

265 2954 382 2988 Abeunt
391 2951 581 2996 insuspecst'as
588 2959 650 2995 piis
662 2960 847 2998 cogitationes
860 2980 866 2987 .
897 2957 1046 2991 Secundo
1059 2956 1140 2991 dicit

266 3002 412 3046 quaedam
428 3004 563 3036 nomina
585 3004 758 3049 singularia
775 3011 787 3047 ‘,'
809 3005 957 3051 ,quaedam
970 3007 1033 3050 effe
1052 3009 1147 3052 coin*

266 3053 379 3088 munia
404 3078 415 3094 ,
440 3053 492 3086 seu
527 3048 737 3088 Universalia
752 3077 760 3087 .
789 3051 833 3089 Et
858 3054 913 3090 dat
938 3048 1148 3102 singulm-'dm

269 3102 420 3146 exempla
441 3128 448 3135 .
488 3101 608 3137 Tertio
627 3102 708 3138 dicit
731 3105 794 3140 esse
817 3105 934 3140 Uliam
966 3118 1031 3141 rem
1053 3119 1138 3142 com-

276 3164 429 3194 munem3
442 3151 653 3194 Hypostafim
665 3153 743 3189 vero
755 3157 818 3190 effe
829 3167 894 3190 rem
905 3156 938 3190 &
950 3168 1071 3192 nomen
1084 3158 1139 3191 sin-

271 3200 484 3252 gplarefljnc
496 3201 628 3238 Petrum
639 3203 673 3239 &
686 3203 826 3244 Paulum
838 3205 979 3240 dicimus
989 3207 1141 3241 Homon-

270 3252 359 3291 fios,
382 3251 571 3294 acejusdem
596 3252 705 3295 Una,
729 3254 763 3289 id
782 3255 852 3295 est,
878 3255 1143 3297 Cofflendales,

268 3310 310 3334 ac
331 3302 473 3335 essentiae
492 3302 652 3345 ejusdem,
676 3303 710 3336 δε
734 3306 796 3340 effe
816 3305 896 3340 duas
921 3305 1140 3348 Hypostasts,

275 3350 358 3397 Qae
377 3353 489 3386 omnia
502 3353 692 3396 amplissime
711 3353 912 3389 demonstrat
927 3380 934 3387 .
963 3354 1085 3389 Eadem
1096 3367 1143 3390 re-

262 2853 430 2894 fundant,
455 2862 550 2897 atque
571 2854 618 2889 ita
641 2854 676 2887 in
687 2854 840 2890 Domino
849 2856 928 2891 Deo
945 2855 1058 2891 dicant
1076 2856 1139 2891 'uti
1165 2863 1168 2866 ’

1096 322 1129 354 Θ
1193 326 1291 362 prium
1311 343 1322 361 ,
1356 321 1461 354 eadem
1489 330 1596 363 quoque
1615 320 1702 355 habet
1724 323 1788 364 Usta
1809 326 1855 359 ad
1875 325 2061 368 &postast’rm

1197 367 1523 414 Unusquisque‘nostrum
1529 377 1584 414 per
1593 378 1809 408 communiorem
1829 373 1908 416 Ufias
1918 381 2062 409 rationem

1197 420 1301 463 essendi
1321 419 1362 461 est
1365 426 1514 464 particeps
1524 445 1535 462 ,
1555 427 1612 462 per
1629 421 1789 460 peculiares
1808 423 1883 468 sicas
1897 431 2063 468 proprieta-

1197 479 1240 503 tes
1253 470 1325 504 talis
1337 471 1389 505 vel
1397 471 1468 503 talis
1478 469 1577 510 existit
1585 475 1614 503 δ-
1623 469 1675 503 Ex
1688 470 1723 503 in
1734 472 1848 508 litteris
1858 474 1900 517 ad
1911 475 2064 508 Sanctum

1198 518 1470 563 Amphilochium
1493 520 1690 563 Episcopum
1714 520 1929 557 iconiensem:
1957 517 2065 566 Usta&

1199 569 1352 612 Hypostafis
1365 572 1449 603 illam
1472 570 1581 603 habent
1605 568 1819 611 differentiam,
1844 584 1935 614 quam
1944 576 2066 608 commu·
2084 575 2166 618 Epist·
2171 584 2235 614 391.

1196 631 1232 653 ne
1247 622 1291 653 ad
1299 622 1480 661 particulare
1490 626 1613 653 attinet·
1640 621 1763 654 Animal
1770 625 1906 654 nimirum
1926 624 1970 655 ad
1977 621 2067 655 bomi-

1198 681 1264 703 nem
1285 670 1360 704 hunc
1372 672 1424 704 vel
1442 673 1541 705 illum.
1568 672 1731 712 Propterea
1753 667 1845 710 Ufiam
1868 676 1899 703 in
1918 673 2066 706 Deltatem

1191 719 1364 762 profitemur
1383 731 1495 760 unam,
1521 730 1556 754 ne
1566 720 1670 764 effendi
1693 722 1772 754 ratio
1796 719 1986 762 diverfimode
2003 723 2068 756 red-

1196 771 1309 802 datur:
1336 769 1509 813 Hypostafim
1530 778 1627 803 autem
1646 774 1801 812 propriam
1825 770 2068 812 &peculiarem

1198 828 1231 853 ut
1250 824 1473 853 incommixtam
1487 842 1498 860 ,
1523 819 1756 860 &manifestam
1781 821 1819 853 de
1831 822 1925 855 Patre
1936 843 1946 859 ,
1972 820 2070 860 Filio,

1198 872 1232 904 (9
1253 871 1366 911 spiritu
1387 868 1493 904 sant‘lo
1506 868 1686 913 sententiam
1704 868 1864 911 foveamus
1876 896 1884 904 .
1911 869 1960 904 lta
1983 870 2016 903 δε
2037 869 2072 903 in

1199 921 1337 964 septimo
1358 919 1400 953 de
1422 918 1622 955 San'stiffima
1651 917 1819 955 Trinitate
1845 917 1929 953 libro
1964 917 2072 953 scribit

1200 970 1332 1003 Sanetus
1340 965 1566 1014 Augustinus.
1594 970 1727 1014 Sigensis
1738 968 1776 1011 est
1787 969 1920 1013 Effentia
1929 992 1940 1009 ,
1961 966 2072 1011 species
2088 956 2121 987 C*
2132 957 2157 985 ⁶·

1200 1028 1299 1053 autem
1307 1017 1472 1063 substantia
1487 1019 1551 1062 five
1574 1016 1704 1062 Persona
1715 1044 1727 1059 ‚
1751 1028 1786 1053 ut
1798 1020 1930 1053 nonnulli
1938 1017 2074 1061 sentiunt

1201 1071 1258 1103 etc.
1281 1069 1343 1103 Per
1363 1070 1503 1115 speciem
1524 1068 1680 1114 intelligit
1701 1068 1910 1104 individuum
1929 1093 1935 1102 .
1972 1069 2073 1103 Hanc

1200 1117 1440 1153 distinctionem
1463 1119 1548 1154 varie
1573 1119 1677 1164 agitat
1698 1142 1709 1159 ,
1734 1119 1768 1153 δι
1789 1118 1923 1155 tandem
1948 1118 2072 1154 firmat.

1202 1168 1280 1202 Hoc
1293 1169 1397 1212 ipsum
1408 1168 1495 1215 large
1504 1169 1572 1213 agit
1593 1170 1728 1204 Sanetus
1740 1170 1881 1212 Joannes
1900 1168 2074 1204 Damasce-

1203 1228 1262 1252 nus
1272 1217 1308 1252 in
1328 1218 1486 1254 Tractatu
1495 1217 1537 1253 de
1556 1216 1683 1253 duabus
1708 1218 1830 1252 Christi
1850 1219 1994 1254 Domini
2018 1229 2075 1251 vo-

1205 1267 1409 1308 luntatibus,
1433 1267 1734 1312 &operationibus.
1766 1267 1907 1312 Etapnd
1922 1268 2076 1303 Sanctum

1205 1316 1422 1352 Athanasium
1432 1316 1557 1355 Auster
1566 1318 1740 1353 Trastatus
1751 1317 1793 1353 de
1802 1317 2075 1353 definitionibus:

1203 1366 1339 1410 Effintia
1360 1388 1371 1406 ,
1390 1379 1485 1409 genus
1507 1392 1518 1407 ‚
1545 1376 1655 1400 natura
1674 1391 1686 1408 ,
1711 1369 1746 1403 6·
1764 1367 1867 1409 forma
1887 1368 1967 1401 idem
1984 1365 2074 1409 sunt.

1205 1415 1335 1459 Persona
1355 1422 1425 1449 item
1448 1441 1460 1457 ,
1496 1415 1660 1450 charaever
1681 1441 1693 1457 ‚
1735 1415 1893 1457 Hypostafis
1916 1440 1927 1456 ,
1962 1416 2080 1451 Indivi-

1205 1467 1294 1498 duum
1313 1467 1347 1500 &
1363 1471 1519 1508 proprium
1532 1490 1543 1506 ‚
1569 1466 1660 1499 etiam
1671 1464 1736 1507 ipsa
1757 1464 1830 1509 fient
1855 1469 1963 1499 unumk
1990 1468 2080 1499 Nam

1205 1525 1314 1547 natura
1324 1516 1433 1548 multas
1452 1513 1522 1558 inse
1544 1513 1707 1557 Hypostases
1720 1520 1867 1549 continere
1881 1513 1991 1557 potest.
2021 1520 2080 1550 Ho-

1205 1571 1299 1598 mines
1320 1570 1400 1598 enim
1422 1575 1479 1598 uno
1501 1572 1615 1607 corpore
1637 1564 1671 1597 &⁶
1693 1574 1749 1598 uno
1766 1563 1880 1607 spiritu
1898 1563 2081 1605 constantes,

1208 1625 1304 1648 omnes
1316 1612 1556 1659 ejusdemsumus
1573 1623 1692 1649 naturae
1703 1615 1738 1648 ὁ*
1758 1614 1882 1659 effentiae
1891 1638 1902 1656 ‚
1923 1612 1997 1656 sunt
2008 1615 2080 1647 vero

1206 1665 1306 1697 multae
1329 1662 1499 1708 Hypaestases
1526 1689 1534 1698 .
1564 1669 1651 1698 Nam
1673 1665 1739 1697 ideo
1762 1666 1872 1697 dicitur
1902 1662 2082 1705 Hypostafis',

1207 1715 1286 1756 quod
1304 1713 1439 1756 Effemia
1454 1712 1588 1758 subfistat
1610 1739 1618 1747 .
1648 1718 1741 1756 Atque
1766 1721 1876 1746 natura
1902 1715 2030 1755 quidam
2048 1712 2083 1746 ὁ·

1207 1766 1341 1806 Effentia
1353 1765 1490 1796 dicuntur
1501 1763 1700 1806 Universales‚
1712 1762 1871 1805 Hypostafis
1881 1766 1952 1797 vero
1959 1767 2078 1805 partia·

1206 1817 1264 1847 lis.
1291 1813 1386 1849 Hinc
1407 1813 1488 1847 item
1512 1814 1646 1847 Sanctus
1672 1813 1870 1853 Anselmus,
1896 1811 2083 1847 Richardus

1207 1862 1246 1896 de
1256 1864 1375 1897 Sansto
1387 1863 1417 1898 V
1426 1864 1523 1897 istore
1535 1887 1545 1902 ,
1570 1874 1607 1896 ac
1618 1863 1674 1897 alii
1685 1862 1837 1907 postremi
1864 1862 2012 1897 Ecclesia:
2023 1861 2084 1896 Pa-

1207 1921 1270 1946 tres
1293 1910 1456 1946 definiunt
1485 1912 1661 1946 Personam
1675 1936 1686 1952 ,
1713 1914 1767 1946 seu
1791 1911 2002 1955 Hypostafim
2020 1912 2084 1945 effe

1208 1961 1416 1996 individuum
1438 1961 1627 1998 Rationalis
1647 1961 1832 1996 substantiae
1853 1986 1859 1994 .
1885 1960 2084 1996 Irrationnlis

1208 2010 1392 2046 substantia:
1417 2010 1588 2046 individua
1610 2011 1774 2055 appellant
1807 2012 1967 2056 supposita
1989 2036 1996 2043 .
2023 2010 2082 2045 Est

1207 2060 1374 2095 distinctio
1397 2061 1559 2095 recentior
1581 2087 1588 2094 .
1624 2059 1760 2096 Etenim
1779 2061 1922 2105 praefatus
1957 2059 2085 2095 Auctor

1207 2110 1365 2145 Trnstatu
1390 2109 1433 2145 de
1451 2110 1700 2146 definitionibus
1711 2122 1778 2146 non
1791 2112 1960 2145 dumtaxat
1972 2110 2084 2145 Brutis

1207 2160 1424 2201 animalibus,
1450 2159 1619 2195 sedetiam
1641 2160 1830 2196 inanimatis
1852 2160 1948 2195 rebus
1967 2161 2084 2195 adscri-

1208 2210 1257 2244 bit
1267 2209 1478 2253 Hypostafim
1490 2234 1498 2243 .
1525 2210 1647 2245 Nescio
1667 2222 1709 2245 an
1721 2211 1793 2255 quis
1809 2210 2085 2246 authenticus·la-

1207 2260 1296 2295 tinus
1305 2262 1352 2294 eis
1362 2270 1508 2303 unquam
1520 2260 1718 2305 adscripserit
1737 2261 1934 2296 Personam.
1961 2260 2085 2295 Ethaec

1206 2309 1319 2344 omnia
1342 2310 1379 2344 in
1411 2309 1601 2345 Florentina
1631 2311 1770 2354 Synodo
1801 2311 1951 2355 probavit
1981 2312 2085 2346 etiam

1206 2361 1340 2396 Marcus
1360 2358 1575 2404 Ephesiorum
1596 2361 1738 2406 primas,
1763 2373 1802 2396 ae
1815 2362 1914 2396 Pater
1940 2361 2083 2406 Joannes
2102 2351 2223 2386 Seffiffi·

1206 2410 1247 2444 de
1259 2410 1381 2445 Monte
1403 2410 1499 2455 nigro
1511 2434 1522 2450 ,
1547 2411 1697 2445 Fratrum
1710 2410 1964 2446 Praedicatotum
1987 2411 2080 2449 Prior

1207 2459 1468 2494 provincialisin
1490 2460 1691 2496 Lombardia
1707 2486 1714 2494 .
1741 2460 2020 2497 Etdemonstrant
2039 2474 2081 2497 ex

1206 2510 1336 2555 Magno
1356 2509 1499 2550 Basilio,
1525 2521 1563 2544 ac
1584 2511 1703 2546 Sansto
1726 2511 1891 2557 Gregorio
1902 2511 2082 2548 Nazianzo-

1207 2571 1251 2594 no
1269 2585 1277 2592 .
1304 2557 1428 2594 Eadem
1452 2557 1547 2593 docet
1568 2561 1702 2594 Sanctus
1736 2560 2080 2597 AnassafiusSina-itae

1208 2607 1336 2653 Persona
1340 2608 1406 2652 five
1428 2608 1585 2651 Hypostaefis
1603 2621 1641 2643 ex
1662 2609 1812 2654 sententia
1829 2609 1999 2655 fundorum
2020 2614 2079 2645 ra-

1206 2669 1286 2693 trum
1305 2659 1341 2699 est
1346 2664 1503 2702 proprium
1524 2660 1670 2702 quiddam
1676 2668 1791 2702 praeter
1810 2671 1957 2695 commune
1969 2685 1980 2701 ,
2006 2673 2079 2695 nam

1205 2706 1336 2751 cujusvis
1361 2713 1404 2741 rei
1424 2717 1535 2741 natura
1558 2709 1596 2749 est
1608 2711 1754 2752 quiddam
1775 2720 1942 2745 commune.
1971 2714 2013 2745 At
2024 2715 2080 2750 Hy-

1200 2756 1326 2801 pqstases
1343 2757 1418 2802 sunt
1440 2764 1572 2800 propria
1591 2783 1599 2792 .
1634 2758 1735 2793 Rene
1757 2760 1838 2795 dicit
1866 2760 2086 2806 Hypostafim.

1205 2809 1268 2842 effe
1295 2808 1461 2852 proprium
1492 2818 1604 2851 praeter
1629 2819 1806 2845 commune
1826 2835 1838 2851 ,
1873 2811 1950 2857 quia
1969 2807 2079 2845 omn}

1211 2856 1402 2901 Hypostafis
1412 2858 1466 2892 seu
1480 2855 1621 2892 Persona
1633 2859 1773 2894 includit
1795 2859 1956 2896 Naturam
1970 2884 1978 2893 .
1996 2869 1998 2871 ’
2068 2865 2070 2867 “

1261 2907 1304 2941 Et
1319 2906 1397 2942 hinc
1410 2907 1512 2942 oritur
1525 2908 1656 2952 quaestio
1667 2934 1677 2951 ,
1701 2909 1871 2954 quomodo
1884 2908 2077 2955 Hypostasis

1204 2957 1238 2991 δε
1256 2957 1340 2992 Ufia
1352 2982 1363 2999 ,
1382 2958 1440 3006 vseu
1452 2957 1593 2992 Persona
1605 2959 1638 2993 ὅ(
1651 2968 1764 2994 natura
1773 2972 1789 3002 ‚·
1814 2960 1896 2994 Item
1906 2958 2075 3005 quomodo

1205 3006 1420 3053 Personalitas
1440 3032 1451 3049 ‚
1475 3009 1532 3043 seu
1565 3007 1759 3047 subsistentia
1783 3009 1801 3045 ὲ
1825 3018 1941 3044 natura
1965 3009 2076 3043 distin-

1204 3057 1369 3103 guantur?
1399 3057 1453 3091 De
1465 3057 1644 3092 Severianis
1655 3055 1825 3093 Haereticis
1850 3058 1956 3093 scribit
1969 3056 2075 3091 lauda-

1206 3118 1256 3140 tus
1279 3106 1484 3141 Anastasius:
1511 3109 1602 3142 Forte
1612 3109 1713 3142 dicent
1730 3113 1764 3142 in
1777 3111 1924 3142 Trinitate
1943 3119 1999 3141 non
2022 3106 2075 3149 effe
2089 3132 2114 3161 C
2130 3137 2163 3168 9..

1205 3158 1282 3191 idem
1302 3165 1444 3190 naturam
1464 3157 1500 3191 (9·
1527 3156 1696 3200 Hypotsafim
1719 3182 1726 3191 .
1764 3163 1801 3193 In
1821 3158 1949 3201 mysterio
1973 3165 2073 3192 autem
2117 3154 2121 3160 '

1205 3211 1424 3240 lncarnattonis
1442 3205 1574 3249 Christi,
1601 3212 1652 3250 qui
1683 3218 1760 3248 unus
1784 3207 1821 3250 est
1841 3209 1878 3242 de
1903 3210 2070 3249 Trinitate‘0

1204 3257 1339 3290 unum&
1359 3254 1500 3300 idemeffe
1517 3259 1702 3292 naturam&
1725 3256 1884 3301 Personam
1900 3254 1954 3300 seu
1980 3254 2080 3298 Hyp&

1202 3304 1320 3347 stafim.
1345 3309 1418 3339 Non
1429 3311 1509 3340 enim
1520 3312 1640 3349 reperiri
1661 3312 1814 3342 Naturam
1827 3304 1961 3349 Personae
1969 3313 2075 3351 exper-

1205 3365 1283 3389 tem.
1310 3354 1474 3390 Adfirmat
1486 3354 1552 3390 haec
1571 3355 1775 3391 Alexandriae
1795 3355 1886 3390 fuisse
1911 3356 2033 3401 agitata
2054 3354 2073 3390 ὲ

95 3421 251 3462 Epist-349·
268 3401 350 3447 petit
365 3402 399 3436 in
412 3401 525 3437 litteris
535 3401 573 3436 ad
587 3403 756 3438 Comitem
774 3404 999 3439 Terentium
1027 3404 1148 3447 ,Quodfi
1206 3404 1447 3440 Theodosianis
1470 3417 1509 3439 ac
1527 3405 1691 3448 Gajanitis
1713 3431 1719 3437 .
1745 3403 1972 3442 Theodosiani
1992 3414 2072 3439 cen·

270 3458 434 3494 meoportee
452 3458 546 3487 am
554 3451 730 3496 sententiam
741 3454 778 3489 de
788 3453 909 3498 bisipfis
933 3462 1071 3497 exponor-e
1082 3455 1143 3489 bre-
1206 3456 1276 3490 sent
1298 3455 1410 3490 Ufiam
1429 3455 1463 3491 ἀ
1476 3454 1687 3499 Hypostasim
1698 3477 1709 3497 ,
1736 3454 1896 3493 Naturam
1921 3454 2076 3489 &Perso-

1949 3513 2025 3539 nam
