2340 3736
683 83 768 125 An
805 80 1148 124 Epnnsmun
1184 75 1653 122 LATROCINIUM.

289 172 347 202 Dei
360 170 464 202 timore
476 168 586 208 dicit03
606 166 638 207 fi
645 168 716 198 vero
737 165 841 208 aliqua
856 162 977 208 falsata
989 161 1068 205 fint,
1094 164 1179 207 quasi

285 229 360 252 ante
371 218 514 252 tribunal
522 215 633 256 Christi
644 217 734 249 nolite
751 221 894 254 mentiri,
917 216 952 249 (Ὺ
965 213 1128 258 saffarium
1138 227 1175 248 ne

283 274 406 302 taceatis
421 279 430 287 ·
735 298 742 301 ,

332 316 550 352 interlocutio
564 340 575 356 ,
601 315 707 360 palam
720 317 860 359 profesta
884 326 925 349 ex
937 314 1034 359 plena
1056 314 1174 350 fiducia

282 367 378 410 bonai
396 367 631 407 conscientiae,
670 366 792 412 placuit
813 366 985 401 Florentio
1010 364 1174 404 Patricio,

282 418 385 461 ipsam
412 416 470 451 ille
489 416 659 457 laudavit,
697 429 736 451 ac
757 417 895 460 perrexit
929 414 970 448 ad
991 415 1173 449 Notarios:

281 470 529 500 Monimentorum
542 467 626 500 lec‘lio
634 467 789 501 celebretur
799 493 806 499 .
835 464 962 499 Verum
975 465 1173 500 Ecclesiasti-

279 529 325 551 cae
335 517 502 561 potestatis
514 517 720 552 zelofiffimus
734 541 746 558 ,
767 516 905 551 &laicis
927 515 962 548 in
983 516 1170 558 particulari

281 568 455 610 praesertim
470 567 610 611 Synodo
621 567 745 602 nullam
768 567 962 609 potestatem
983 566 1048 599 esse
1069 565 1172 599 sciens

279 617 398 652 AEtius
410 619 585 652 Diaconus
608 615 718 652 denuc}
741 617 938 650 interceffit:
965 615 1078 656 Postulo
1099 614 1170 659 san·

277 667 358 700 eiam
369 669 511 707 synodum
526 692 537 708 ,
564 679 632 709 quae
654 675 723 700 tunc
739 665 807 707 fuit
825 665 984 709 praesens,
1005 671 1170 709 praecipere

278 718 360 750 nobis
393 717 531 760 proferre
567 721 812 749 monimentorum
832 715 940 759 seriem
962 741 968 748 .
997 717 1063 750 Ad1
1080 715 1170 760 quod

276 769 411 802 Sanetus
422 767 571 801 Seleucus
582 766 765 800 Amasenus
789 767 824 799 in
836 767 1081 809 Helenoponto
1094 767 1170 809 Epi-

275 818 393 861 scopus
427 815 726 858 Metropolitanus:
754 818 849 850 Semel
866 815 1040 860 sanbliffimo
1067 816 1167 850 Archi·

275 865 423 910 Episcopo
434 866 525 905 nostro
527 866 655 907 jubente
663 866 795 909 proferri
817 874 1061 900 monimentorum
1067 866 1148 910 gesta
1159 892 1169 907 ,

275 917 395 950 nullam
405 917 579 950 dilationem
590 911 729 950 convenit
736 916 804 959 fieri
815 942 826 957 ,
851 920 886 951 (ἃ
898 916 981 960 quafi
1001 919 1022 950 ἃ
1038 928 1170 951 reveren-

272 967 392 1007 diffimis
406 964 563 1009 Episcopis
586 966 766 1009 dillumfit,
791 966 855 1001 baec
865 970 970 1001 eadem
979 979 1078 1002 omnes
1098 968 1170 1001 dici-

272 1027 343 1050 mus
357 1035 367 1048 t
402 1015 514 1063 Qare
534 1018 669 1052 tandem
702 1017 820 1053 AEtius
855 1017 939 1052 Acta
975 1017 1149 1062 oirginalia
1161 1042 1171 1059 ,

275 1066 519 1101 Constantinus
532 1066 732 1110 Eutychetis
753 1067 937 1102 monachus
956 1068 991 1103 δε
1011 1069 1172 1102 Notarius

270 1116 396 1150 obtulit
421 1118 613 1152 eorumdem
647 1117 870 1160 exemplaria,
906 1118 1106 1162 tandemque
1131 1118 1172 1152 ab

273 1166 407 1201 Asterio
429 1167 616 1212 Exceptore
629 1168 809 1211 processum
821 1169 867 1203 est
885 1168 926 1204 ad
937 1179 1053 1204 eorum
1063 1168 1172 1203 1εᾶὶο-

270 1227 350 1250 nem
361 1218 396 1250 &
412 1218 629 1252 collationem
644 1243 651 1250 .

322 1266 472 1301 Ventum
488 1266 535 1300 est
547 1267 590 1302 ad
602 1266 783 1303 Actionem
805 1268 936 1303 tertiam
948 1292 959 1307 ,
985 1268 1171 1311 lectumque

264 1314 360 1359 quod
371 1315 541 1359 Eutyches
552 1317 673 1360 Joanni
698 1319 848 1352 Ecclesia:
860 1318 1172 1361 Constantinopoli-

270 1377 354 1400 tanae
364 1365 563 1410 Presbytero
591 1378 630 1402 ac
654 1367 856 1410 Defensori,
881 1368 915 1402 &
937 1368 1076 1403 Andreae
1094 1369 1172 1402 Dia·
1194 1409 1196 1411 v

269 1427 361 1451 cono
371 1439 384 1457 ,
412 1417 519 1461 ipsum
530 1416 571 1451 ad
582 1417 758 1461 Synodum
773 1417 934 1453 canonice
944 1418 1171 1459 evocantibus,

269 1467 306 1500 in
319 1467 483 1511 praesentia
495 1466 670 1502 Athanasii
680 1468 828 1502 Diaconi
840 1469 1049 1503 Seleuciensis
1073 1468 1171 1503 dixis-

269 1517 318 1550 set
338 1516 381 1551 de
394 1517 510 1552 sanetis
522 1518 674 1553 Ecclefiae
691 1517 843 1554 Patribus
858 1531 868 1553 ι
895 1521 928 1552 51·
947 1520 1064 1561 aliquid
1081 1524 1167 1552 conti-

266 1571 317 1609 git
326 1578 373 1600 eos
386 1572 419 1600 in
429 1567 582 1610 aliquibus
593 1568 685 1601 ditiis
697 1577 751 1601 aut
756 1568 832 1610 falls·
843 1576 898 1602 aut
909 1581 1011 1603 errare
1021 1595 1031 1611 ,
1058 1569 1109 1602 boc
1123 1581 1172 1603 ne-

269 1628 327 1658 que
347 1614 382 1659 se
409 1617 623 1658 reprehendere
648 1629 742 1660 neque
762 1617 908 1662 suscipere
924 1645 934 1660 ,
957 1620 1170 1663 semanimem

267 1668 437 1708 Scripturas
466 1665 599 1710 scrutari
620 1677 774 1710 tamquam
781 1668 893 1711 firmior
911 1682 926 1702 s
932 1668 1100 1712 fundorum
1113 1672 1170 1714 Pa-

268 1726 353 1749 trum
377 1716 614 1758 expost'tionibus.
654 1717 759 1765 Qod
782 1680 912 1755 dixifl'gi
931 1719 1134 1763 adsumptam
1151 1719 1169 1752 a

268 1765 425 1800 Domino
435 1777 567 1801 carnem
591 1778 651 1801 nec
663 1768 759 1801 matri
780 1780 841 1802 nec
864 1768 961 1803 nobis
982 1769 1076 1804 fuisse
1092 1780 1167 1804 oon·

269 1814 515 1850 substantialem
535 1839 544 1848 .
575 1816 742 1851 Adversus
753 1828 928 1862 utrumque
937 1820 1067 1862 excepit
1078 1820 1168 1854 Con-

266 1864 431 1901 stantinus
442 1865 625 1900 monachus
639 1890 649 1907 ‚
677 1867 839 1910 Ioannem
854 1869 1085 1912 Presbyterum
1110 1870 1167 1903 fal-

267 1916 308 1949 sae
318 1916 358 1949 ad
371 1916 546 1959 Synodum
557 1916 729 1952 relationis
743 1918 935 1953 insimulans
947 1943 958 1959 ,
984 1919 1018 1953 &
1041 1919 1165 1953 addens

270 1964 312 1999 de
329 1966 436 2008 primo
449 1965 556 2000 disto:
584 1969 740 2010 ,Quoniam
748 1967 880 2010 adverfis
891 1971 987 2002 modis
1000 1971 1086 2002 locuti
1093 1969 1166 2012 sunt

265 2014 365 2058 sanc‘li
398 2018 531 2057 Patres,
558 2017 594 2051 (θ’
613 2023 712 2051 omnia
728 2017 856 2062 suscipio
867 2031 881 2060 ;
906 2025 940 2052 in
957 2022 1056 2063 regula
1067 2030 1166 2054 autem

267 2064 343 2107 fidei
355 2076 414 2098 non
421 2063 564 2108 suscipio.
592 2068 688 2101 Fasta
700 2069 745 2101 est
758 2068 860 2113 longa
870 2069 1057 2112 disquisitio
1070 2095 1080 2109 ‚
1097 2081 1166 2104 tan-

267 2114 416 2158 *demque
429 2116 537 2158 patuit
547 2115 688 2150 loannes
700 2117 876 2160 Presbyter
900 2130 972 2152 vera
983 2120 1124 2153 retulisse
1133 2145 1140 2151 .

320 2164 420 2198 Plura
436 2165 517 2199 item
527 2166 592 2200 alia
614 2178 656 2200 ex
680 2168 776 2202 nullo
796 2166 1015 2202 fundamento
1036 2169 1164 2203 cavilla·

269 2223 325 2248 tus
349 2214 395 2248 est
418 2214 678 2257 Constantinus,
715 2218 914 2261 tandemque
937 2218 1090 2253 adversus
1115 2219 1165 2254 de-

270 2265 476 2308 gradationis
497 2266 692 2302 sententiam
714 2268 748 2301 in
771 2267 1023 2311 Eutychetema
1046 2270 1165 2304 Sancto

268 2315 430 2348 Flaviano
447 2318 698 2359 pronunciatam
720 2318 822 2352 etiarn
844 2319 1043 2353 interceffit:
1069 2323 1159 2358 Euty-

268 2364 339 2398 ches
352 2389 363 2406 ,
389 2366 463 2398 dum
471 2366 613 2409 legeretur
637 2369 815 2408 damnatio,
841 2371 1011 2411 appellavit
1025 2368 1165 2412 sant‘Jum

269 2416 431 2448 Concilium
456 2415 597 2460 Episcopi
628 2421 781 2457 Romani,
807 2419 842 2452 <tr
866 2420 1090 2460 Alexandrini,
1130 2422 1165 2454 Θ·

270 2463 524 2507 Hierosolymttani
538 2490 549 2506 ,
575 2468 610 2500 (⁷5
633 2466 884 2509 Theffaloniccnfis
905 2494 912 2502 .
939 2472 985 2501 Et
999 2469 1062 2503 haec
1075 2477 1106 2502 in
1112 2482 1163 2514 ge-

263 2515 321 2556 stis
355 2526 414 2547 non
450 2514 521 2558 sunt
542 2514 672 2558 inserta.
712 2518 852 2552 Omittit
890 2517 1139 2554 Antiochenurn
1151 2546 1161 2561 ‚

266 2565 360 2608 quod
383 2564 454 2599 istic
476 2565 653 2608 praesideret
676 2567 833 2601 Domnus
860 2568 1070 2610 Patriarcha‚
1098 2570 1160 2605 Eu—

268 2613 398 2657 tycheti
413 2615 518 2657 palam
530 2615 699 2649 adversus.
727 2616 810 2651 Non
821 2628 890 2652 erat
914 2619 993 2652 levis
1013 2619 1160 2655 interces-

269 2664 334 2697 fio.
361 2664 497 2699 Etenim
519 2665 674 2710 Romana
687 2667 864 2710 appellatio
874 2679 1010 2705 omnem
1022 2671 1161 2713 synoda-

269 2714 547 2750 lemvsententiam
571 2715 612 2750 ab
634 2715 830 2752 executione
852 2719 1039 2762 suspendit,
1066 2720 1160 2754 aded-

270 2775 335 2807 que
352 2764 517 2807 appellans
539 2764 709 2809 Eutyches
727 2764 884 2802 debuerat
903 2779 972 2802 non
994 2780 1158 2813 tamquam

269 2814 462 2859 degradatus
480 2839 490 2855 ‚
515 2816 568 2851 sed
582 2818 889 2863 tamquaminteger
911 2818 1019 2854 adhuc
1044 2820 1160 2854 Archi-

268 2863 439 2898 Mandrita
449 2865 482 2899 ἀ
496 2865 666 2909 Presbyter
678 2879 734 2911 per
745 2869 859 2902 omnia
873 2870 997 2903 tratiari
1013 2895 1020 2902 .
1047 2870 1160 2913 Hujus

268 2914 497 2958 appellationis
509 2915 634 2950 libellos
654 2919 755 2952 etiam
768 2919 913 2953 Romam
938 2919 979 2954 ad
1007 2921 1158 2955 Sannum

269 2965 418 2999 Leonem
436 2964 635 3002 Pontificem
656 2968 784 3002 miserat
809 2969 875 3012 ipse
896 2970 1063 3013 Eutyches
1077 2995 1088 3011 ,
1113 2972 1158 3005 di-

268 3016 378 3059 citque
391 3015 431 3048 de
451 3016 518 3048 illis
530 3017 664 3051 Sanetus
683 3018 838 3053 Seleucus
856 3019 1036 3064 Episcopus
1061 3022 1157 3055 Ama-

267 3066 380 3098 senus:
411 3070 488 3098 Ante
504 3073 613 3107 paucos
640 3069 703 3101 dies
725 3070 836 3102 litterae
855 3068 1024 3112 saniliffimi
1055 3072 1155 3105 Archi·

268 3113 409 3157 Episcopi
434 3119 635 3149 Romanorum
658 3121 766 3152 Leonis
784 3119 936 3162 infinuatae
958 3120 1031 3164 sunt
1053 3122 1157 3161 nobis,

267 3171 447 3198 continentes
469 3172 542 3207 quia
562 3167 673 3208 questus
697 3167 734 3207 est
768 3173 1022 3216 reverendiffimus
1055 3172 1157 3205 Archi-

269 3218 431 3248 Mandrita
441 3215 585 3254 Eutyches
598 3241 608 3256 ‚
637 3219 671 3251 (θ’
694 3220 861 3260 appellavit
881 3227 913 3254 in
934 3230 1064 3263 tempore
1090 3233 1158 3255 exa-

268 3270 442 3298 minationis
454 3265 579 3306 nostram
591 3268 778 3302 audientiam
795 3278 852 3311 per
871 3273 1022 3304 dationem
1043 3271 1157 3313 libelli,

269 3315 380 3349 &ideo
387 3315 450 3358 post
461 3317 685 3351 damnationem
707 3329 771 3351 eum
795 3320 1088 3354 Archi-Mandritam
1113 3334 1157 3355 re-

270 3371 523 3409 nominaverunt3
551 3370 691 3410 quomodo
712 3380 788 3402 nunc
807 3369 918 3409 instans
940 3372 976 3404 (9
995 3372 1095 3404 dicen:
1120 3373 1158 3407 de

273 3412 330 3453 fide
341 3415 392 3458 effe
401 3416 532 3451 libellum
548 3419 634 3461 apud
637 3416 847 3463 sanlltffimum
858 3423 1058 3454 Romanorum
1081 3424 1156 3465 Epi-

1939 93 2031 126 221

1234 161 1351 207 sbopum
1360 161 1566 206 recusationem
1576 169 1608 195 in
1620 166 1639 196 5
1637 165 1730 203 ynodo
1740 165 1968 207 appellationem
1981 174 2118 203 nomina-

1238 220 1285 247 vit
1297 214 1313 245 ,ἲ
1338 217 1386 246 Et
1396 213 1464 246 hinc
1473 213 1568 245 doceri
1577 213 1688 247 debetis
1701 239 1711 254 ,
1736 221 1875 257 quoniam
1889 228 1946 247 non
1963 222 1995 249 in
2006 217 2116 261 eisdem

1233 273 1392 307 permanet
1410 264 1660 302 reverendiffimus
1682 266 1941 301 Archi-Mandrita
1962 291 1969 298 .
2007 269 2117 303 Libel-

1238 316 1307 348 lum
1320 339 1331 354 ,
1357 314 1392 348 in
1404 325 1472 357 quo
1483 311 1582 346 fidem
1594 313 1682 346 suam
1693 316 1816 356 exponi
1838 315 1872 349 ὃ(
1885 316 2050 351 contineri
2070 319 2116 352 di-

1237 374 1343 403 ceret,
1367 366 1486 398 Sanno
1498 363 1656 397 Flaviano
1671 363 1830 410 obtulerat
1859 363 2046 407 Eutyches,
2071 378 2117 402 ta-

1235 426 1313 449 cens
1327 414 1457 458 penitus
1472 414 1513 448 de
1523 413 1676 447 Romana
1688 415 1908 457 appellatione
1920 429 1931 448 .-
1959 415 2003 449 Et
2013 416 2118 459 ipsum

1236 465 1398 499 obtulerat
1420 475 1496 500 ante
1524 465 1624 498 latam
1651 475 1688 497 ac
1714 466 1964 506 pronunciatam
1991 466 2117 501 senten-

1235 517 1314 549 tiam
1326 541 1333 547 .
1362 515 1456 550 Hinc
1469 514 1621 549 Seleucus
1640 514 1775 548 miratur
1787 536 1797 552 ,
1822 515 1993 557 quomodo
2016 518 2049 549 in
2063 518 2118 551 lit-

1234 567 1308 600 teris
1319 565 1359 599 ad
1374 566 1566 600 Romanum
1586 564 1787 598 Pontificem
1812 565 2046 607 praesumpfisset
2068 568 2117 602 di-

1232 626 1304 649 cere
1326 616 1421 650 illum
1443 616 1536 650 fuisse
1570 615 1719 650 libellum
1741 614 1988 657 appellationis.
2027 618 2115 652 Eum

1234 675 1327 699 notat
1348 666 1504 700 versatilis
1517 664 1824 710 linguae&mentis.
1855 663 1928 697 Nec
1941 665 2116 702 solummo-

1231 713 1275 748 do
1288 716 1319 749 se
1330 716 1501 758 appellasse
1513 741 1524 756 ,
1553 716 1606 750 sed
1618 717 1651 750 &
1663 714 1876 759 appellationi
1889 713 2035 748 delatum
2046 741 2057 756 ,
2082 718 2116 752 ὅ(

1234 764 1464 809 seajudicibus
1485 765 1656 809 Episcopis
1677 763 2005 800 ArchiMandritam
2026 776 2120 800 reno-

1232 816 1395 850 minatum
1416 815 1573 849 mentitus
1595 816 1683 856 fuit,
1721 817 1835 859 eique,
1863 814 1954 856 quod
1985 814 2119 850 Sanctus

1234 865 1410 900 Flavianus
1422 864 1548 909 Synodi
1564 867 1626 900 suae
1637 864 1719 899 Aeta
1741 864 1934 908 tempestive
1945 876 2015 897 non
2037 876 2121 899 retu-

1234 917 1334 957 lisset,
1361 917 1494 950 San-stus
1506 916 1577 951 Leo
1590 928 1682 950 aures
1703 917 1735 950 ὅ(
1751 916 1850 949 fidem
1873 914 2005 957 praebuit
2018 939 2026 947 .
2063 915 2121 951 Ob

1232 966 1300 1009 ejus
1314 968 1413 1000 etiam
1426 967 1640 1001 reverentiam
1653 962 1949 1000 Sanc'ius‘Seleucus
1966 963 2121 1009 degrada-

1231 1025 1303 1051 tum
1337 1018 1537 1052 Haereticum
1562 1017 1670 1052 adhuc
1692 1027 1787 1052 vocat
1818 1015 2121 1050 reverendiffimum

1236 1066 1559 1103 Archi-Mandritam
1571 1093 1578 1101 .

1283 1117 1379 1151 Hinc
1402 1118 1502 1161 igitur
1522 1118 1760 1152 momentosam
1780 1114 2037 1160 appellationem
2058 1116 2122 1151 dis-

1233 1168 1355 1200 cuffam
1368 1168 1474 1201 voluit
1486 1167 1830 1211 Magnificentiffimus
1852 1166 2058 1206 Florentius,
2084 1168 2121 1202 &

1233 1216 1320 1250 dixit
1333 1216 1373 1250 ad
1387 1216 1515 1250 Patres:
1542 1218 1645 1250 Turba
1663 1218 1751 1262 sabla
1761 1218 1821 1258 est,
1849 1219 1883 1250 (a
1904 1217 2035 1260 dissoluto
2056 1229 2121 1251 con-

1234 1274 1326 1300 ventu
1351 1269 1436 1300 dlxit
1448 1268 1493 1299 ad
1501 1267 1671 1308 mefilenter
1690 1268 1856 1307 Eutyches,
1882 1267 2041 1308 appellans
2062 1270 2122 1299 Ro-

1210 1355 1213 1359 ·
1234 1328 1356 1350 manum
1371 1340 1381 1356 ,
1409 1319 1444 1352 (5
1456 1316 1636 1360 AEgyptium
1648 1342 1658 1358 ,
1687 1320 1720 1352 (θ’
1733 1316 2022 1359 Hierofhlymitanum
2043 1322 2121 1349 Con-

1232 1368 1350 1400 cilium.
1377 1369 1423 1400 Et
1446 1379 1496 1411 ego
1516 1368 1682 1401 arbitratus
1703 1369 1844 1401 indecens
1866 1368 1960 1400 latere
1982 1366 2032 1399 hoc
2047 1365 2121 1410 san-

1234 1418 1381 1456 Hiffimum
1405 1417 1684 1461 Archi-Episcopum
1713 1418 1903 1451 Flavianum
1917 1441 1927 1456 ,
1962 1414 2121 1459 abscedens

1234 1469 1336 1500 dixiei
1353 1493 1360 1499 .
1388 1469 1434 1501 Et
1447 1468 1581 1502 Basilius
1599 1469 1812 1502 Seleuciensis
1824 1467 2024 1511 Episcopus,
2048 1467 2122 1500 Me-

1216 1518 1391 1567 ²tropolita
1415 1516 1620 1552 Isaurorum.-
1658 1521 1739 1558 scio,
1766 1524 1838 1560 quia
1863 1519 1945 1549 dixit
1969 1515 2118 1560 religiosus

1238 1567 1503 1601 Archi-Mandrita
1515 1568 1663 1608 Eutyches
1675 1593 1686 1608 ‚
1705 1568 1737 1610 fi
1749 1572 1948 1610 praeceperint
1966 1567 2040 1599 mihi
2062 1570 2122 1600 Pa-

1232 1627 1294 1651 tres
1305 1642 1316 1658 ,
1340 1622 1495 1651 Romanus
1534 1620 1569 1652 Zp·
1583 1620 1806 1652 Alexandrinus
1819 1643 1829 1659 ,
1854 1619 1917 1650 dico
1935 1616 1987 1650 boc
2005 1615 2122 1660 ipsum.

1234 1673 1294 1701 Hoc
1315 1677 1414 1701 autem
1437 1680 1495 1701 non
1516 1666 1600 1710 quast
1618 1671 1776 1711 appellans
1787 1670 1870 1701 dixit
1885 1692 1892 1699 .
1921 1667 1964 1700 Et
1988 1669 2122 1701 Sanstus

1233 1715 1420 1751 Patriarcha
1429 1718 1622 1753 Flavianus:
1653 1724 1726 1752 Non
1737 1721 1847 1752 audivi
1857 1729 1907 1761 ego
1926 1717 1965 1750 ab
1979 1717 2048 1757 illo,
2066 1716 2124 1761 fid

1231 1770 1252 1800 ἃ
1264 1774 1331 1801 viro
1341 1768 1617 1812 magnificentiffimo
1631 1772 1763 1802 Patricio
1774 1795 1784 1810 ,
1811 1768 2008 1812 adscendente
2020 1779 2065 1800 me
2087 1774 2124 1801 itt

1229 1816 1386 1859 superiora
1396 1820 1498 1851 domus
1509 1844 1519 1858 ,
1544 1819 1607 1860 post
1617 1818 1745 1862 sblutam
1757 1821 1919 1859 synodum.
1950 1818 2054 1864 Qod
2085 1819 2121 1854 δί

1231 1870 1335 1902 caeteri
1350 1869 1504 1911 Episcopi
1518 1871 1592 1903 sunt
1606 1870 1770 1903 attestati.
1797 1869 1848 1903 lta
1874 1869 1993 1902 claruit
2020 1869 2123 1910 Euty-

1231 1916 1351 1951 chesin
1365 1919 1521 1952 omnibus
1546 1919 1639 1952 fuisse
1663 1919 1851 1953 cavillatus.
1879 1918 1987 1951 Sansti
2008 1928 2122 1951 tamen

1231 1968 1380 2002 Flaviani
1394 1968 1553 2002 Notarios
1564 1968 1724 2003 Patricius
1738 1969 1903 2004 absolvere
1916 1967 2045 2006 noluit,
2067 1967 2123 2002 sed

1229 2019 1342 2052 omnia
1352 2018 1457 2053 edixit
1469 2019 1510 2053 ad
1522 2019 1708 2062 Principem
1734 2018 1917 2054 referenda.
1946 2016 2050 2051 Vides
2074 2019 2123 2051 in-

1231 2069 1326 2102 terim
1345 2069 1363 2101 a
1386 2067 1582 2102 Patriarchae
1602 2067 1969 2116 Constantinopolitani
1994 2067 2121 2110 judicio

1230 2119 1324 2153 fuisse
1336 2129 1414 2153 tunc
1434 2117 1534 2153 libere
1546 2117 1690 2153 Romam
1701 2119 1901 2164 appellatum
1913 2143 1920 2150 .

1423 2301 1775 2373 'ACTIO
1849 2304 1928 2349 11.

1321 2419 1401 2455 Ctio
1415 2418 1576 2462 secunda,
1611 2422 1690 2455 faeta
1717 2421 1837 2465 quinto
1858 2420 2022 2456 Calendas
2045 2423 2120 2457 Ma-

1341 2470 1389 2513 jas
1401 2495 1411 2510 ‚
1439 2471 1503 2504 fuit
1541 2471 1629 2515 quasi
1656 2483 1742 2505 nova
1769 2469 1921 2514 Synodus
1946 2471 1992 2506 ob
2016 2484 2119 2508 novas

1226 2519 1425 2563 Eutychetis
1438 2519 1585 2564 strophas
1597 2522 1631 2555 &
1643 2520 1682 2554 ad
1695 2521 1880 2564 Principem
1892 2533 2001 2564 preces
2014 2546 2026 2562 ‚
2045 2525 2118 2566 qui-

1225 2569 1284 2603 bus
1295 2571 1566 2614 degradationem
1583 2573 1672 2604 suam
1686 2571 1815 2615 questus
1831 2572 1876 2605 est
1890 2571 1985 2606 fuisse
2007 2573 2119 2607 inimi-

1225 2632 1265 2654 co
1276 2621 1389 2654 animo
1402 2621 1528 2655 dudum
1549 2622 1567 2654 a
1589 2621 1751 2655 Flaviano
1777 2631 2031 2665 praeconceptam
2045 2647 2056 2662 ‚
2081 2624 2116 2657 ὃς

1222 2670 1439 2704 demonstrari
1453 2671 1485 2704 id
1499 2671 1586 2713 posse
1596 2682 1636 2704 ex
1653 2672 1746 2715 ipsius
1758 2672 1825 2715 ejus
1841 2672 1946 2706 verbis
1958 2697 1968 2711 ,
1995 2672 2117 2707 auditis

1223 2731 1277 2762 per
1299 2731 1458 2765 magnum
1472 2720 1710 2762 silentiarium,
1740 2723 1758 2755 a
1772 2733 1837 2765 quo
1861 2723 1908 2756 uti
1932 2724 2116 2766 protestore

1223 2770 1332 2814 Regio
1345 2771 1494 2805 fueratin
1511 2773 1685 2814 Synodum
1700 2772 1920 2806 introductus.
1948 2773 2117 2816 Supplica-

1223 2821 1268 2853 vit
1280 2820 1357 2865 cogi
1372 2820 1596 2856 silentiarium
1605 2824 1646 2857 ad
1659 2822 1755 2857 verba
1768 2823 1825 2856 ista
1850 2823 1882 2855 in
1899 2824 2025 2866 scriptis
2042 2835 2116 2867 pro-

1221 2870 1370 2905 ducenda
1383 2897 1391 2904 .
1418 2872 1463 2907 Et
1475 2871 1551 2906 istas
1564 2872 1642 2907 item
1659 2884 1765 2915 preces
1775 2870 1986 2907 Theodosius
1997 2873 2113 2919 Augu·

1221 2920 1286 2954 stus
1298 2921 1486 2956 subnotarat
1500 2934 1507 2954 :
1532 2923 1709 2965 Profiteatur
1729 2928 1780 2956 vir
1791 2924 1919 2956 devotus
1931 2935 2057 2967 magnus
2068 2927 2111 2957 si-

1219 2972 1378 3004 lentiarius
1404 2974 1488 3015 apud
1496 2973 1805 3016 magnificentiffimum
1827 2973 1997 3016 Magistrum
2016 2972 2114 3017 sacro-

1219 3033 1284 3054 rum
1295 3023 1448 3064 officiorum
1460 3029 1578 3063 omnia,
1603 3022 1763 3066 quaesuper
1774 3022 1825 3057 hoc
1848 3029 1957 3068 negotio
1977 3022 2112 3068 subsecu-

1220 3082 1254 3104 ta
1277 3079 1430 3116 coguovit.
1458 3073 1531 3106 Tot
1544 3073 1629 3115 apud
1640 3073 1758 3107 laicam
1779 3074 1970 3117 potestatem
1991 3072 2113 3107 machi-

1221 3131 1278 3154 nas
1291 3146 1301 3161 ,
1331 3120 1446 3155 videns
1460 3121 1641 3165 Episcopos
1653 3123 1670 3156 a
1693 3124 1724 3157 se
1737 3135 1806 3158 non
1833 3125 1921 3168 posse
1945 3124 2112 3165 subverti,

1222 3171 1377 3214 profanus
1389 3171 1558 3214 Eutyches
1570 3174 1736 3216 usurpavit
1753 3199 1762 3206 .

1271 3220 1428 3266 Attamen
1454 3233 1523 3256 non
1547 3215 1613 3256 sirie
1631 3223 1850 3260 fundamento
1871 3223 1984 3266 magni
2008 3223 2113 3258 Silen-

1221 3270 1306 3306 tiarii
1319 3282 1457 3306 examen
1471 3272 1648 3315 postulavit
1659 3274 1730 3308 fieri
1743 3277 1759 3308 a
1785 3272 1948 3317 Magistro
1971 3274 2112 3308 Officio-

1221 3333 1291 3355 rum
1306 3346 1314 3355 .
1340 3321 1451 3365 Hujus
1460 3322 1549 3356 enim
1561 3322 1717 3358 tribunali
1730 3325 1762 3358 ὅ(
1773 3323 1902 3367 judicio
1916 3334 2033 3358 omnes
2051 3322 2112 3359 Pa-

1222 3372 1342 3406 latinos
1352 3372 1510 3415 privative
1532 3372 1706 3415 subjiciunt
1723 3374 1758 3406 in
1783 3374 1856 3418 lege
1880 3372 1922 3408 ad
1948 3375 2111 3417 Ioannem

1222 3421 1420 3457 officiorum
1432 3423 1632 3467 Magistrum
1642 3447 1655 3464 ,
1683 3423 1829 3459 exstante
1838 3423 1875 3458 in
1889 3424 2007 3458 codice
2020 3420 2112 3466 Justi-

1901 3485 2029 3510 manaeo
2040 3498 2052 3515 ‚
