<?xml version="1.0" encoding="UTF-8"?>
<!DOCTYPE html PUBLIC "-//W3C//DTD XHTML 1.0 Transitional//EN"
    "http://www.w3.org/TR/xhtml1/DTD/xhtml1-transitional.dtd">
<html xmlns="http://www.w3.org/1999/xhtml" xml:lang="en" lang="en">
 <head>
  <title>
</title>
<meta http-equiv="Content-Type" content="text/html;charset=utf-8" />
  <meta name='ocr-system' content='tesseract 3.04.00' />
  <meta name='ocr-capabilities' content='ocr_page ocr_carea ocr_par ocr_line ocrx_word'/>
</head>
<body>
  <div class='ocr_page' id='page_1' title='image "./operaomniastudio02lupuuoft_0227.png"; bbox 0 0 2340 3736; ppageno 0'>
   <div class='ocr_carea' id='block_1_1' title="bbox 1006 45 1024 71">
    <p class='ocr_par' dir='ltr' id='par_1_1' title="bbox 1006 45 1024 71">
     <span class='ocr_line' id='line_1_1' title="bbox 1006 45 1024 71; baseline 0 0"><span class='ocrx_word' id='word_1_1' title='bbox 1006 45 1024 71; x_wconf 60' lang='grc' dir='ltr'>Χ</span> 
     </span>
    </p>
   </div>
   <div class='ocr_carea' id='block_1_2' title="bbox 403 94 1818 147">
    <p class='ocr_par' dir='ltr' id='par_1_2' title="bbox 403 94 1818 147">
     <span class='ocr_line' id='line_1_2' title="bbox 403 94 1818 147; baseline -0.001 -4"><span class='ocrx_word' id='word_1_2' title='bbox 403 101 491 145; x_wconf 77' lang='lat' dir='ltr'>AD</span> <span class='ocrx_word' id='word_1_3' title='bbox 525 99 1014 144; x_wconf 74' lang='lat' dir='ltr'>SACRosANCTuM</span> <span class='ocrx_word' id='word_1_4' title='bbox 1048 97 1404 141; x_wconf 74' lang='lat' dir='ltr'>C0Nc1L1nM</span> <span class='ocrx_word' id='word_1_5' title='bbox 1438 94 1818 147; x_wconf 54' lang='lat' dir='ltr'>Epnzsmum</span> 
     </span>
    </p>
   </div>
   <div class='ocr_carea' id='block_1_3' title="bbox 1912 116 2007 161">
    <p class='ocr_par' dir='ltr' id='par_1_3' title="bbox 1912 116 2007 161">
     <span class='ocr_line' id='line_1_3' title="bbox 1912 116 2007 161; baseline 0 -12"><span class='ocrx_word' id='word_1_6' title='bbox 1912 116 2007 161; x_wconf 84' lang='lat'>205</span> 
     </span>
    </p>
   </div>
   <div class='ocr_carea' id='block_1_4' title="bbox 259 177 2079 226">
    <p class='ocr_par' dir='ltr' id='par_1_4' title="bbox 259 177 2079 226">
     <span class='ocr_line' id='line_1_4' title="bbox 259 177 2079 226; baseline -0.001 -9"><span class='ocrx_word' id='word_1_7' title='bbox 259 182 370 218; x_wconf 81' lang='lat' dir='ltr'>Roma</span> <span class='ocrx_word' id='word_1_8' title='bbox 393 181 585 217; x_wconf 79' lang='lat' dir='ltr'>litteraseffe</span> <span class='ocrx_word' id='word_1_9' title='bbox 597 180 750 214; x_wconf 89' lang='lat' dir='ltr'>omnium</span> <span class='ocrx_word' id='word_1_10' title='bbox 769 177 920 225; x_wconf 85' lang='lat' dir='ltr'>deinceps</span> <span class='ocrx_word' id='word_1_11' title='bbox 940 177 1139 224; x_wconf 83' lang='lat' dir='ltr'>agendorum</span> <span class='ocrx_word' id='word_1_12' title='bbox 1187 221 1189 223; x_wconf 6' lang='grc' dir='ltr'>μ</span> <span class='ocrx_word' id='word_1_13' title='bbox 1203 178 1285 220; x_wconf 82' lang='lat' dir='ltr'>fide,</span> <span class='ocrx_word' id='word_1_14' title='bbox 1307 177 1545 220; x_wconf 64' lang='lat' dir='ltr'>quamptsstffimus</span> <span class='ocrx_word' id='word_1_15' title='bbox 1557 178 1787 222; x_wconf 64' lang='lat' dir='ltr'>&amp;sanfflffimus</span> <span class='ocrx_word' id='word_1_16' title='bbox 1799 181 1954 226; x_wconf 71' lang='lat' dir='ltr'>Eptsiopus</span> <span class='ocrx_word' id='word_1_17' title='bbox 1964 184 2079 226; x_wconf 69' lang='lat' dir='ltr'>Celeffl-</span> 
     </span>
    </p>
   </div>
   <div class='ocr_carea' id='block_1_5' title="bbox 255 230 1152 2019">
    <p class='ocr_par' dir='ltr' id='par_1_5' title="bbox 258 230 686 272">
     <span class='ocr_line' id='line_1_5' title="bbox 258 230 686 272; baseline -0.014 -4"><span class='ocrx_word' id='word_1_18' title='bbox 258 233 379 272; x_wconf 75' lang='lat' dir='ltr'>duces,</span> <span class='ocrx_word' id='word_1_19' title='bbox 405 230 530 265; x_wconf 82' lang='lat' dir='ltr'>&amp;solas</span> <span class='ocrx_word' id='word_1_20' title='bbox 542 230 686 264; x_wconf 88' lang='lat' dir='ltr'>recitari.</span> 
     </span>
    </p>

    <p class='ocr_par' dir='ltr' id='par_1_6' title="bbox 255 275 1150 1221">
     <span class='ocr_line' id='line_1_6' title="bbox 312 275 1143 316; baseline -0.005 0"><span class='ocrx_word' id='word_1_21' title='bbox 312 283 376 316; x_wconf 87' lang='lat' dir='ltr'>Eas</span> <span class='ocrx_word' id='word_1_22' title='bbox 387 281 406 314; x_wconf 73' lang='lat' dir='ltr'>a</span> <span class='ocrx_word' id='word_1_23' title='bbox 416 275 531 315; x_wconf 81' lang='lat' dir='ltr'>siricio</span> <span class='ocrx_word' id='word_1_24' title='bbox 546 281 699 314; x_wconf 79' lang='lat' dir='ltr'>Romanae</span> <span class='ocrx_word' id='word_1_25' title='bbox 719 280 865 314; x_wconf 84' lang='lat' dir='ltr'>Ecclefiae</span> <span class='ocrx_word' id='word_1_26' title='bbox 886 278 1029 314; x_wconf 86' lang='lat' dir='ltr'>Notario</span> <span class='ocrx_word' id='word_1_27' title='bbox 1044 277 1143 313; x_wconf 73' lang='lat' dir='ltr'>latine</span> 
     </span>
     <span class='ocr_line' id='line_1_7' title="bbox 260 329 1142 376; baseline -0.005 -10"><span class='ocrx_word' id='word_1_28' title='bbox 260 331 409 369; x_wconf 78' lang='lat' dir='ltr'>recitatas</span> <span class='ocrx_word' id='word_1_29' title='bbox 419 330 568 376; x_wconf 87' lang='lat' dir='ltr'>probavit</span> <span class='ocrx_word' id='word_1_30' title='bbox 577 355 587 371; x_wconf 96' lang='lat'>,</span> <span class='ocrx_word' id='word_1_31' title='bbox 615 331 694 364; x_wconf 86' lang='lat' dir='ltr'>&amp;in</span> <span class='ocrx_word' id='word_1_32' title='bbox 707 330 786 367; x_wconf 70' lang='lat' dir='ltr'>Asta</span> <span class='ocrx_word' id='word_1_33' title='bbox 799 329 975 365; x_wconf 82' lang='lat' dir='ltr'>referendas</span> <span class='ocrx_word' id='word_1_34' title='bbox 996 330 1120 363; x_wconf 85' lang='lat' dir='ltr'>censuit</span> <span class='ocrx_word' id='word_1_35' title='bbox 1132 353 1142 369; x_wconf 93' lang='lat'>,</span> 
     </span>
     <span class='ocr_line' id='line_1_8' title="bbox 259 380 1142 425; baseline -0.007 -8"><span class='ocrx_word' id='word_1_36' title='bbox 259 392 403 418; x_wconf 79' lang='lat' dir='ltr'>errorem</span> <span class='ocrx_word' id='word_1_37' title='bbox 414 380 553 424; x_wconf 85' lang='lat' dir='ltr'>priorem</span> <span class='ocrx_word' id='word_1_38' title='bbox 564 381 728 425; x_wconf 89' lang='lat' dir='ltr'>corrigens</span> <span class='ocrx_word' id='word_1_39' title='bbox 740 405 751 422; x_wconf 93' lang='lat'>‚</span> <span class='ocrx_word' id='word_1_40' title='bbox 773 381 875 416; x_wconf 64' lang='lat' dir='ltr'>diuus</span> <span class='ocrx_word' id='word_1_41' title='bbox 884 380 1051 424; x_wconf 70' lang='lat' dir='ltr'>Iuvenalis</span> <span class='ocrx_word' id='word_1_42' title='bbox 1061 405 1070 422; x_wconf 91' lang='lat'><strong>,</strong></span> <span class='ocrx_word' id='word_1_43' title='bbox 1091 388 1142 412; x_wconf 77' lang='lat' dir='ltr'>ve-</span> 
     </span>
     <span class='ocr_line' id='line_1_9' title="bbox 260 430 1141 474; baseline -0.008 -7"><span class='ocrx_word' id='word_1_44' title='bbox 260 431 336 467; x_wconf 73' lang='lat' dir='ltr'>rum</span> <span class='ocrx_word' id='word_1_45' title='bbox 353 441 470 466; x_wconf 87' lang='lat' dir='ltr'>omnes</span> <span class='ocrx_word' id='word_1_46' title='bbox 490 431 680 465; x_wconf 84' lang='lat' dir='ltr'>Graecorum</span> <span class='ocrx_word' id='word_1_47' title='bbox 706 430 859 474; x_wconf 79' lang='lat' dir='ltr'>Episcopi</span> <span class='ocrx_word' id='word_1_48' title='bbox 880 430 1141 468; x_wconf 73' lang='lat' dir='ltr'>intercesserunt,</span> 
     </span>
     <span class='ocr_line' id='line_1_10' title="bbox 263 479 1142 526; baseline -0.005 -11"><span class='ocrx_word' id='word_1_49' title='bbox 263 481 463 526; x_wconf 81' lang='lat' dir='ltr'>postulantes</span> <span class='ocrx_word' id='word_1_50' title='bbox 482 490 517 514; x_wconf 87' lang='lat' dir='ltr'>ut</span> <span class='ocrx_word' id='word_1_51' title='bbox 545 482 654 516; x_wconf 64' lang='lat' dir='ltr'>littera</span> <span class='ocrx_word' id='word_1_52' title='bbox 673 482 770 524; x_wconf 68' lang='lat' dir='ltr'>graece</span> <span class='ocrx_word' id='word_1_53' title='bbox 788 480 1000 519; x_wconf 71' lang='lat' dir='ltr'>redderentur,</span> <span class='ocrx_word' id='word_1_54' title='bbox 1036 479 1072 514; x_wconf 77' lang='grc' dir='ltr'>ὅσ</span> <span class='ocrx_word' id='word_1_55' title='bbox 1096 479 1142 513; x_wconf 76' lang='lat' dir='ltr'>ita</span> 
     </span>
     <span class='ocr_line' id='line_1_11' title="bbox 263 527 1142 575; baseline -0.006 -9"><span class='ocrx_word' id='word_1_56' title='bbox 263 542 398 575; x_wconf 85' lang='lat' dir='ltr'>quoque</span> <span class='ocrx_word' id='word_1_57' title='bbox 407 537 602 565; x_wconf 79' lang='lat' dir='ltr'><em>recitarentur</em></span> <span class='ocrx_word' id='word_1_58' title='bbox 615 554 623 562; x_wconf 89' lang='lat'>.</span> <span class='ocrx_word' id='word_1_59' title='bbox 649 530 727 565; x_wconf 86' lang='lat' dir='ltr'>Erat</span> <span class='ocrx_word' id='word_1_60' title='bbox 736 529 910 575; x_wconf 85' lang='lat' dir='ltr'>postulatio</span> <span class='ocrx_word' id='word_1_61' title='bbox 923 539 1008 574; x_wconf 84' lang='lat' dir='ltr'>aequa</span> <span class='ocrx_word' id='word_1_62' title='bbox 1020 553 1031 568; x_wconf 91' lang='lat'>‚</span> <span class='ocrx_word' id='word_1_63' title='bbox 1055 527 1142 563; x_wconf 77' lang='lat' dir='ltr'>ideo-</span> 
     </span>
     <span class='ocr_line' id='line_1_12' title="bbox 260 578 1142 626; baseline -0.006 -11"><span class='ocrx_word' id='word_1_64' title='bbox 260 591 329 625; x_wconf 78' lang='lat' dir='ltr'>que</span> <span class='ocrx_word' id='word_1_65' title='bbox 339 579 509 624; x_wconf 81' lang='lat' dir='ltr'>Philippus</span> <span class='ocrx_word' id='word_1_66' title='bbox 530 581 673 626; x_wconf 87' lang='lat' dir='ltr'>Legatus</span> <span class='ocrx_word' id='word_1_67' title='bbox 693 579 852 623; x_wconf 82' lang='lat' dir='ltr'>reposuit:</span> <span class='ocrx_word' id='word_1_68' title='bbox 879 582 979 613; x_wconf 75' lang='lat' dir='ltr'>Veteri</span> <span class='ocrx_word' id='word_1_69' title='bbox 997 578 1142 623; x_wconf 83' lang='lat' dir='ltr'>consuetu-</span> 
     </span>
     <span class='ocr_line' id='line_1_13' title="bbox 263 627 1143 674; baseline -0.005 -10"><span class='ocrx_word' id='word_1_70' title='bbox 263 632 333 664; x_wconf 75' lang='lat' dir='ltr'>dlm&#39;</span> <span class='ocrx_word' id='word_1_71' title='bbox 341 630 534 674; x_wconf 52' lang='lat' dir='ltr'>satisfaciam</span> <span class='ocrx_word' id='word_1_72' title='bbox 544 631 583 671; x_wconf 79' lang='lat' dir='ltr'>cst</span> <span class='ocrx_word' id='word_1_73' title='bbox 595 655 606 672; x_wconf 93' lang='lat'>,</span> <span class='ocrx_word' id='word_1_74' title='bbox 631 638 667 665; x_wconf 80' lang='lat' dir='ltr'>ut</span> <span class='ocrx_word' id='word_1_75' title='bbox 677 627 838 670; x_wconf 72' lang='lat' dir='ltr'>Apostolicae</span> <span class='ocrx_word' id='word_1_76' title='bbox 848 629 929 661; x_wconf 74' lang='lat' dir='ltr'>Sedis</span> <span class='ocrx_word' id='word_1_77' title='bbox 948 630 1058 662; x_wconf 78' lang='lat' dir='ltr'>litterae</span> <span class='ocrx_word' id='word_1_78' title='bbox 1074 629 1143 663; x_wconf 77' lang='lat' dir='ltr'>lati-</span> 
     </span>
     <span class='ocr_line' id='line_1_14' title="bbox 265 680 1142 726; baseline -0.003 -12"><span class='ocrx_word' id='word_1_79' title='bbox 265 682 304 714; x_wconf 70' lang='lat' dir='ltr'>ne</span> <span class='ocrx_word' id='word_1_80' title='bbox 313 686 460 722; x_wconf 71' lang='lat' dir='ltr'>imprimis</span> <span class='ocrx_word' id='word_1_81' title='bbox 468 681 625 724; x_wconf 77' lang='lat' dir='ltr'>legantur.</span> <span class='ocrx_word' id='word_1_82' title='bbox 652 683 744 714; x_wconf 85' lang='lat' dir='ltr'>Nunc</span> <span class='ocrx_word' id='word_1_83' title='bbox 754 680 832 726; x_wconf 16' lang='lat' dir='ltr'>vero*</span> <span class='ocrx_word' id='word_1_84' title='bbox 845 684 984 720; x_wconf 80' lang='lat' dir='ltr'>quoniam</span> <span class='ocrx_word' id='word_1_85' title='bbox 1005 680 1142 712; x_wconf 79' lang='lat' dir='ltr'>Beatitu·</span> 
     </span>
     <span class='ocr_line' id='line_1_15' title="bbox 264 726 1145 774; baseline -0.003 -10"><span class='ocrx_word' id='word_1_86' title='bbox 264 732 304 764; x_wconf 81' lang='lat' dir='ltr'>do</span> <span class='ocrx_word' id='word_1_87' title='bbox 315 730 412 771; x_wconf 66' lang='lat' dir='ltr'>vestra</span> <span class='ocrx_word' id='word_1_88' title='bbox 419 729 586 774; x_wconf 75' lang='lat' dir='ltr'>efflagitat,</span> <span class='ocrx_word' id='word_1_89' title='bbox 609 729 746 772; x_wconf 62' lang='lat' dir='ltr'>aegra-ce*</span> <span class='ocrx_word' id='word_1_90' title='bbox 764 734 858 761; x_wconf 77' lang='lat' dir='ltr'>etiam</span> <span class='ocrx_word' id='word_1_91' title='bbox 877 730 1008 772; x_wconf 84' lang='lat' dir='ltr'>legantur</span> <span class='ocrx_word' id='word_1_92' title='bbox 1020 753 1030 768; x_wconf 92' lang='lat'>,</span> <span class='ocrx_word' id='word_1_93' title='bbox 1053 726 1145 772; x_wconf 85' lang='lat' dir='ltr'>neces-</span> 
     </span>
     <span class='ocr_line' id='line_1_16' title="bbox 255 777 1141 827; baseline -0.003 -14"><span class='ocrx_word' id='word_1_94' title='bbox 255 779 379 827; x_wconf 79' lang='lat' dir='ltr'>Jarium</span> <span class='ocrx_word' id='word_1_95' title='bbox 387 780 448 820; x_wconf 72' lang='lat' dir='ltr'>eli,</span> <span class='ocrx_word' id='word_1_96' title='bbox 466 779 687 812; x_wconf 66' lang='lat' dir='ltr'>ut5anelitat1s</span> <span class='ocrx_word' id='word_1_97' title='bbox 708 777 813 818; x_wconf 84' lang='lat' dir='ltr'>vestrae</span> <span class='ocrx_word' id='word_1_98' title='bbox 833 778 972 819; x_wconf 62' lang='lat' dir='ltr'>defiderio</span> <span class='ocrx_word' id='word_1_99' title='bbox 986 777 1141 822; x_wconf 72' lang='lat' dir='ltr'>satisfiat.</span> 
     </span>
     <span class='ocr_line' id='line_1_17' title="bbox 266 830 1146 872; baseline -0.003 -8"><span class='ocrx_word' id='word_1_100' title='bbox 266 830 446 865; x_wconf 83' lang='lat' dir='ltr'><em>Faciendum</em></span> <span class='ocrx_word' id='word_1_101' title='bbox 456 834 626 862; x_wconf 74' lang='lat' dir='ltr'>act-avimus</span> <span class='ocrx_word' id='word_1_102' title='bbox 641 838 676 863; x_wconf 86' lang='lat' dir='ltr'>ut</span> <span class='ocrx_word' id='word_1_103' title='bbox 698 832 833 864; x_wconf 73' lang='lat' dir='ltr'>Romana</span> <span class='ocrx_word' id='word_1_104' title='bbox 853 834 946 862; x_wconf 83' lang='lat' dir='ltr'>oratio</span> <span class='ocrx_word' id='word_1_105' title='bbox 965 833 998 861; x_wconf 79' lang='lat' dir='ltr'>in</span> <span class='ocrx_word' id='word_1_106' title='bbox 1015 839 1146 872; x_wconf 79' lang='lat' dir='ltr'>graecnm</span> 
     </span>
     <span class='ocr_line' id='line_1_18' title="bbox 263 878 1146 922; baseline -0.003 -8"><span class='ocrx_word' id='word_1_107' title='bbox 263 881 470 915; x_wconf 64' lang='lat' dir='ltr'>convenarum</span> <span class='ocrx_word' id='word_1_108' title='bbox 499 878 661 915; x_wconf 86' lang='lat' dir='ltr'>Arcadius</span> <span class='ocrx_word' id='word_1_109' title='bbox 680 879 713 911; x_wconf 73' lang='lat' dir='ltr'>&lt;Sc</span> <span class='ocrx_word' id='word_1_110' title='bbox 736 878 899 922; x_wconf 65' lang='lat' dir='ltr'>Projedius</span> <span class='ocrx_word' id='word_1_111' title='bbox 910 878 1064 922; x_wconf 84' lang='lat' dir='ltr'>Episcopi</span> <span class='ocrx_word' id='word_1_112' title='bbox 1086 879 1146 915; x_wconf 91' lang='lat' dir='ltr'>Le-</span> 
     </span>
     <span class='ocr_line' id='line_1_19' title="bbox 259 926 1146 975; baseline -0.005 -12"><span class='ocrx_word' id='word_1_113' title='bbox 259 928 460 975; x_wconf 71' lang='lat' dir='ltr'>gatidcdere</span> <span class='ocrx_word' id='word_1_114' title='bbox 470 929 600 964; x_wconf 86' lang='lat' dir='ltr'>causam</span> <span class='ocrx_word' id='word_1_115' title='bbox 612 940 621 963; x_wconf 77' lang='lat'>2</span> <span class='ocrx_word' id='word_1_116' title='bbox 649 930 735 971; x_wconf 75' lang='lat' dir='ltr'>,Quia</span> <span class='ocrx_word' id='word_1_117' title='bbox 751 926 1063 971; x_wconf 66' lang='lat' dir='ltr'>sanHorumftatrum</span> <span class='ocrx_word' id='word_1_118' title='bbox 1073 933 1146 970; x_wconf 78' lang='lat' dir='ltr'>Epi-</span> 
     </span>
     <span class='ocr_line' id='line_1_20' title="bbox 258 976 1147 1026; baseline -0.002 -14"><span class='ocrx_word' id='word_1_119' title='bbox 258 979 409 1026; x_wconf 76' lang='lat' dir='ltr'>scoporum</span> <span class='ocrx_word' id='word_1_120' title='bbox 422 989 479 1012; x_wconf 85' lang='lat' dir='ltr'>non</span> <span class='ocrx_word' id='word_1_121' title='bbox 485 976 650 1021; x_wconf 76' lang='lat' dir='ltr'>paucisunt</span> <span class='ocrx_word' id='word_1_122' title='bbox 658 1003 669 1019; x_wconf 90' lang='lat'>‚</span> <span class='ocrx_word' id='word_1_123' title='bbox 693 979 847 1020; x_wconf 69' lang='lat' dir='ltr'>qutlatine</span> <span class='ocrx_word' id='word_1_124' title='bbox 856 977 985 1021; x_wconf 77' lang='lat' dir='ltr'>nesciunt</span> <span class='ocrx_word' id='word_1_125' title='bbox 997 1001 1007 1016; x_wconf 92' lang='lat'>‚</span> <span class='ocrx_word' id='word_1_126' title='bbox 1030 986 1147 1020; x_wconf 86' lang='lat' dir='ltr'>propte-</span> 
     </span>
     <span class='ocr_line' id='line_1_21' title="bbox 256 1027 1150 1072; baseline -0.001 -10"><span class='ocrx_word' id='word_1_127' title='bbox 256 1031 316 1062; x_wconf 69' lang='grc' dir='ltr'>πᾶ</span> <span class='ocrx_word' id='word_1_128' title='bbox 327 1030 422 1062; x_wconf 81' lang='lat' dir='ltr'>allata</span> <span class='ocrx_word' id='word_1_129' title='bbox 447 1028 582 1070; x_wconf 71' lang='lat' dir='ltr'>Epistola</span> <span class='ocrx_word' id='word_1_130' title='bbox 598 1030 695 1072; x_wconf 57' lang='lat' dir='ltr'>graece*</span> <span class='ocrx_word' id='word_1_131' title='bbox 713 1038 824 1071; x_wconf 83' lang='lat' dir='ltr'>quoque</span> <span class='ocrx_word' id='word_1_132' title='bbox 843 1028 882 1068; x_wconf 80' lang='lat' dir='ltr'>est</span> <span class='ocrx_word' id='word_1_133' title='bbox 901 1029 1021 1063; x_wconf 81' lang='lat' dir='ltr'>reddita</span> <span class='ocrx_word' id='word_1_134' title='bbox 1033 1054 1043 1069; x_wconf 88' lang='lat'>‚</span> <span class='ocrx_word' id='word_1_135' title='bbox 1070 1030 1104 1064; x_wconf 67' lang='lat'>5&amp;</span> <span class='ocrx_word' id='word_1_136' title='bbox 1119 1027 1150 1069; x_wconf 83' lang='lat' dir='ltr'><em>fi</em></span> 
     </span>
     <span class='ocr_line' id='line_1_22' title="bbox 255 1077 1146 1124; baseline -0.002 -12"><span class='ocrx_word' id='word_1_137' title='bbox 255 1079 402 1123; x_wconf 74' lang='lat' dir='ltr'>jusseritis</span> <span class='ocrx_word' id='word_1_138' title='bbox 422 1079 545 1124; x_wconf 85' lang='lat' dir='ltr'>legetur.</span> <span class='ocrx_word' id='word_1_139' title='bbox 583 1078 666 1114; x_wconf 85' lang='lat' dir='ltr'>Eam</span> <span class='ocrx_word' id='word_1_140' title='bbox 690 1080 731 1112; x_wconf 84' lang='lat' dir='ltr'>ad</span> <span class='ocrx_word' id='word_1_141' title='bbox 752 1077 900 1112; x_wconf 81' lang='lat' dir='ltr'>Flaviani</span> <span class='ocrx_word' id='word_1_142' title='bbox 933 1077 1146 1122; x_wconf 71' lang='lat' dir='ltr'>Philippensis</span> 
     </span>
     <span class='ocr_line' id='line_1_23' title="bbox 265 1126 1146 1173; baseline 0 -11"><span class='ocrx_word' id='word_1_143' title='bbox 265 1129 490 1173; x_wconf 77' lang='lat' dir='ltr'>Metropolitae</span> <span class='ocrx_word' id='word_1_144' title='bbox 515 1128 803 1165; x_wconf 84' lang='lat' dir='ltr'>interlocutionem</span> <span class='ocrx_word' id='word_1_145' title='bbox 824 1128 905 1173; x_wconf 88' lang='lat' dir='ltr'>legit</span> <span class='ocrx_word' id='word_1_146' title='bbox 930 1127 1046 1163; x_wconf 88' lang='lat' dir='ltr'>Petrus</span> <span class='ocrx_word' id='word_1_147' title='bbox 1069 1126 1146 1165; x_wconf 79' lang='lat' dir='ltr'>Ale-</span> 
     </span>
     <span class='ocr_line' id='line_1_24' title="bbox 261 1176 1103 1221; baseline 0 -9"><span class='ocrx_word' id='word_1_148' title='bbox 261 1178 409 1212; x_wconf 78' lang='lat' dir='ltr'>xandriae</span> <span class='ocrx_word' id='word_1_149' title='bbox 420 1176 592 1221; x_wconf 75' lang='lat' dir='ltr'>Presbyter</span> <span class='ocrx_word' id='word_1_150' title='bbox 602 1190 640 1214; x_wconf 84' lang='lat' dir='ltr'>ac</span> <span class='ocrx_word' id='word_1_151' title='bbox 652 1179 859 1214; x_wconf 78' lang='lat' dir='ltr'>primicerius</span> <span class='ocrx_word' id='word_1_152' title='bbox 870 1179 1085 1217; x_wconf 71' lang='lat' dir='ltr'>Notariorum</span> <span class='ocrx_word' id='word_1_153' title='bbox 1094 1201 1103 1212; x_wconf 72' lang='grc'><strong>.</strong></span> 
     </span>
    </p>

    <p class='ocr_par' dir='ltr' id='par_1_7' title="bbox 255 1226 1152 2019">
     <span class='ocr_line' id='line_1_25' title="bbox 314 1226 1145 1266; baseline -0.001 -5"><span class='ocrx_word' id='word_1_154' title='bbox 314 1228 470 1261; x_wconf 86' lang='lat' dir='ltr'>Paternas</span> <span class='ocrx_word' id='word_1_155' title='bbox 495 1229 685 1266; x_wconf 78' lang='lat' dir='ltr'>traditiones</span> <span class='ocrx_word' id='word_1_156' title='bbox 707 1240 747 1263; x_wconf 82' lang='lat' dir='ltr'>ac</span> <span class='ocrx_word' id='word_1_157' title='bbox 778 1229 943 1265; x_wconf 89' lang='lat' dir='ltr'>Divinum</span> <span class='ocrx_word' id='word_1_158' title='bbox 969 1226 1145 1265; x_wconf 86' lang='lat' dir='ltr'>Christiani</span> 
     </span>
     <span class='ocr_line' id='line_1_26' title="bbox 261 1276 1147 1322; baseline -0.002 -11"><span class='ocrx_word' id='word_1_159' title='bbox 261 1276 431 1322; x_wconf 83' lang='lat' dir='ltr'>dogmatis</span> <span class='ocrx_word' id='word_1_160' title='bbox 452 1277 632 1320; x_wconf 78' lang='lat' dir='ltr'>depositum</span> <span class='ocrx_word' id='word_1_161' title='bbox 653 1279 819 1322; x_wconf 84' lang='lat' dir='ltr'>eleganter</span> <span class='ocrx_word' id='word_1_162' title='bbox 837 1277 1050 1314; x_wconf 82' lang='lat' dir='ltr'>commendat</span> <span class='ocrx_word' id='word_1_163' title='bbox 1070 1277 1147 1320; x_wconf 89' lang='lat' dir='ltr'>Epi-</span> 
     </span>
     <span class='ocr_line' id='line_1_27' title="bbox 264 1325 1142 1370; baseline -0.002 -8"><span class='ocrx_word' id='word_1_164' title='bbox 264 1327 347 1362; x_wconf 80' lang='lat' dir='ltr'>stola</span> <span class='ocrx_word' id='word_1_165' title='bbox 357 1352 369 1368; x_wconf 91' lang='lat'>,</span> <span class='ocrx_word' id='word_1_166' title='bbox 395 1326 428 1364; x_wconf 78' lang='grc' dir='ltr'>ἀ</span> <span class='ocrx_word' id='word_1_167' title='bbox 439 1325 626 1363; x_wconf 85' lang='lat' dir='ltr'>concludit:</span> <span class='ocrx_word' id='word_1_168' title='bbox 653 1331 826 1364; x_wconf 72' lang='lat' dir='ltr'>Direximus</span> <span class='ocrx_word' id='word_1_169' title='bbox 842 1336 898 1369; x_wconf 90' lang='lat' dir='ltr'>pro</span> <span class='ocrx_word' id='word_1_170' title='bbox 908 1325 1142 1370; x_wconf 78' lang='lat' dir='ltr'>nostrasollicitu·</span> 
     </span>
     <span class='ocr_line' id='line_1_28' title="bbox 262 1375 1147 1423; baseline -0.002 -12"><span class='ocrx_word' id='word_1_171' title='bbox 262 1375 463 1421; x_wconf 71' lang='lat' dir='ltr'>dinesanc‘los</span> <span class='ocrx_word' id='word_1_172' title='bbox 474 1382 602 1414; x_wconf 81' lang='lat' dir='ltr'>Fratres</span> <span class='ocrx_word' id='word_1_173' title='bbox 626 1378 661 1411; x_wconf 60' lang='grc' dir='ltr'>ὦ*</span> <span class='ocrx_word' id='word_1_174' title='bbox 671 1375 897 1423; x_wconf 74' lang='lat' dir='ltr'>consacerdotes</span> <span class='ocrx_word' id='word_1_175' title='bbox 917 1376 1025 1417; x_wconf 69' lang='lat' dir='ltr'>nostros</span> <span class='ocrx_word' id='word_1_176' title='bbox 1037 1400 1048 1417; x_wconf 94' lang='lat'>,</span> <span class='ocrx_word' id='word_1_177' title='bbox 1072 1376 1147 1413; x_wconf 82' lang='lat' dir='ltr'>una&#39;-</span> 
     </span>
     <span class='ocr_line' id='line_1_29' title="bbox 261 1427 1148 1469; baseline -0.002 -8"><span class='ocrx_word' id='word_1_178' title='bbox 261 1433 360 1461; x_wconf 60' lang='lat' dir='ltr'>1m&#39;mes</span> <span class='ocrx_word' id='word_1_179' title='bbox 374 1427 455 1460; x_wconf 82' lang='lat' dir='ltr'>nobis</span> <span class='ocrx_word' id='word_1_180' title='bbox 467 1430 501 1461; x_wconf 62' lang='grc' dir='ltr'>Θ</span> <span class='ocrx_word' id='word_1_181' title='bbox 506 1427 714 1469; x_wconf 78' lang='lat' dir='ltr'>probatlffimos</span> <span class='ocrx_word' id='word_1_182' title='bbox 725 1432 807 1461; x_wconf 85' lang='lat' dir='ltr'>viros</span> <span class='ocrx_word' id='word_1_183' title='bbox 820 1451 832 1468; x_wconf 93' lang='lat'>,</span> <span class='ocrx_word' id='word_1_184' title='bbox 859 1428 1017 1463; x_wconf 75' lang='lat' dir='ltr'>Arcadium</span> <span class='ocrx_word' id='word_1_185' title='bbox 1029 1428 1063 1461; x_wconf 61' lang='grc' dir='ltr'>ὁ·</span> <span class='ocrx_word' id='word_1_186' title='bbox 1078 1430 1148 1460; x_wconf 83' lang='grc' dir='ltr'><em>Ρνο·</em></span> 
     </span>
     <span class='ocr_line' id='line_1_30' title="bbox 256 1475 1148 1523; baseline -0.002 -12"><span class='ocrx_word' id='word_1_187' title='bbox 256 1477 374 1518; x_wconf 54' lang='lat' dir='ltr'>jectum</span> <span class='ocrx_word' id='word_1_188' title='bbox 397 1475 577 1523; x_wconf 71' lang='lat' dir='ltr'>Episcopus,</span> <span class='ocrx_word' id='word_1_189' title='bbox 602 1478 638 1512; x_wconf 68' lang='grc'>6*</span> <span class='ocrx_word' id='word_1_190' title='bbox 665 1477 839 1519; x_wconf 71' lang='lat' dir='ltr'>Philippum</span> <span class='ocrx_word' id='word_1_191' title='bbox 866 1477 1070 1516; x_wconf 74' lang='lat' dir='ltr'>Presbyterum</span> <span class='ocrx_word' id='word_1_192' title='bbox 1099 1489 1148 1511; x_wconf 86' lang='lat' dir='ltr'>no·</span> 
     </span>
     <span class='ocr_line' id='line_1_31' title="bbox 255 1526 1151 1571; baseline -0.001 -11"><span class='ocrx_word' id='word_1_193' title='bbox 255 1526 376 1569; x_wconf 76' lang='lat' dir='ltr'>strum,</span> <span class='ocrx_word' id='word_1_194' title='bbox 402 1532 455 1570; x_wconf 83' lang='lat' dir='ltr'>qul</span> <span class='ocrx_word' id='word_1_195' title='bbox 467 1533 504 1560; x_wconf 77' lang='lat' dir='ltr'>tis</span> <span class='ocrx_word' id='word_1_196' title='bbox 515 1539 582 1570; x_wconf 83' lang='lat' dir='ltr'>quae</span> <span class='ocrx_word' id='word_1_197' title='bbox 594 1538 723 1571; x_wconf 82' lang='lat' dir='ltr'>aguntur</span> <span class='ocrx_word' id='word_1_198' title='bbox 732 1526 864 1568; x_wconf 68' lang='lat' dir='ltr'>intersint</span> <span class='ocrx_word' id='word_1_199' title='bbox 877 1551 888 1567; x_wconf 93' lang='lat'>‚</span> <span class='ocrx_word' id='word_1_200' title='bbox 914 1528 950 1561; x_wconf 65' lang='grc' dir='ltr'>ὀ·</span> <span class='ocrx_word' id='word_1_201' title='bbox 974 1539 1042 1570; x_wconf 81' lang='lat' dir='ltr'>quae</span> <span class='ocrx_word' id='word_1_202' title='bbox 1062 1529 1084 1561; x_wconf 75' lang='grc' dir='ltr'><em>ἃ</em></span> <span class='ocrx_word' id='word_1_203' title='bbox 1104 1538 1151 1559; x_wconf 88' lang='lat' dir='ltr'>no-</span> 
     </span>
     <span class='ocr_line' id='line_1_32' title="bbox 266 1575 1150 1620; baseline 0.001 -11"><span class='ocrx_word' id='word_1_204' title='bbox 266 1577 313 1609; x_wconf 69' lang='lat' dir='ltr'>his</span> <span class='ocrx_word' id='word_1_205' title='bbox 326 1578 416 1610; x_wconf 66' lang='lat' dir='ltr'>antea</span> <span class='ocrx_word' id='word_1_206' title='bbox 431 1577 542 1618; x_wconf 84' lang='lat' dir='ltr'>statuta</span> <span class='ocrx_word' id='word_1_207' title='bbox 552 1575 626 1620; x_wconf 82' lang='lat' dir='ltr'>sunt</span> <span class='ocrx_word' id='word_1_208' title='bbox 638 1587 842 1620; x_wconf 80' lang='lat' dir='ltr'>exequantur.</span> <span class='ocrx_word' id='word_1_209' title='bbox 871 1577 992 1620; x_wconf 75' lang='lat' dir='ltr'>,Quibus</span> <span class='ocrx_word' id='word_1_210' title='bbox 1009 1575 1150 1619; x_wconf 84' lang='lat' dir='ltr'>praestan-</span> 
     </span>
     <span class='ocr_line' id='line_1_33' title="bbox 266 1624 1151 1671; baseline -0.002 -11"><span class='ocrx_word' id='word_1_211' title='bbox 266 1627 339 1660; x_wconf 82' lang='lat' dir='ltr'>dum</span> <span class='ocrx_word' id='word_1_212' title='bbox 360 1628 380 1658; x_wconf 74' lang='grc' dir='ltr'><em>ἃ</em></span> <span class='ocrx_word' id='word_1_213' title='bbox 402 1626 498 1666; x_wconf 80' lang='lat' dir='ltr'>vestra</span> <span class='ocrx_word' id='word_1_214' title='bbox 520 1627 687 1661; x_wconf 51' lang='lat' dir='ltr'>sanctitate</span> <span class='ocrx_word' id='word_1_215' title='bbox 706 1638 764 1662; x_wconf 87' lang='lat' dir='ltr'>non</span> <span class='ocrx_word' id='word_1_216' title='bbox 783 1626 955 1660; x_wconf 66' lang='lat' dir='ltr'>dubitamus</span> <span class='ocrx_word' id='word_1_217' title='bbox 975 1624 1151 1671; x_wconf 79' lang='lat' dir='ltr'><em>adsensum,</em></span> 
     </span>
     <span class='ocr_line' id='line_1_34' title="bbox 267 1675 1149 1721; baseline 0.001 -12"><span class='ocrx_word' id='word_1_218' title='bbox 267 1677 429 1718; x_wconf 68' lang='lat' dir='ltr'>quandoid</span> <span class='ocrx_word' id='word_1_219' title='bbox 438 1677 514 1718; x_wconf 84' lang='lat' dir='ltr'>quod</span> <span class='ocrx_word' id='word_1_220' title='bbox 527 1682 627 1721; x_wconf 77' lang='lat' dir='ltr'>agitur</span> <span class='ocrx_word' id='word_1_221' title='bbox 637 1678 779 1711; x_wconf 80' lang='lat' dir='ltr'>videatur</span> <span class='ocrx_word' id='word_1_222' title='bbox 785 1683 842 1718; x_wconf 86' lang='lat' dir='ltr'>pro</span> <span class='ocrx_word' id='word_1_223' title='bbox 862 1675 1039 1721; x_wconf 78' lang='lat' dir='ltr'>universalis</span> <span class='ocrx_word' id='word_1_224' title='bbox 1051 1677 1149 1711; x_wconf 80' lang='lat' dir='ltr'>Eccle-</span> 
     </span>
     <span class='ocr_line' id='line_1_35' title="bbox 258 1723 1150 1769; baseline -0.001 -10"><span class='ocrx_word' id='word_1_225' title='bbox 258 1723 647 1769; x_wconf 74' lang='lat' dir='ltr'>fiaesecurltatedecretusn.</span> <span class='ocrx_word' id='word_1_226' title='bbox 675 1726 721 1761; x_wconf 90' lang='lat' dir='ltr'>Et</span> <span class='ocrx_word' id='word_1_227' title='bbox 744 1735 860 1759; x_wconf 86' lang='lat' dir='ltr'>omnes</span> <span class='ocrx_word' id='word_1_228' title='bbox 879 1725 973 1760; x_wconf 85' lang='lat' dir='ltr'>fimul</span> <span class='ocrx_word' id='word_1_229' title='bbox 1000 1725 1150 1769; x_wconf 88' lang='lat' dir='ltr'>Episcopi</span> 
     </span>
     <span class='ocr_line' id='line_1_36' title="bbox 267 1774 1150 1815; baseline -0.002 -6"><span class='ocrx_word' id='word_1_230' title='bbox 267 1775 515 1809; x_wconf 78' lang='lat' dir='ltr'>adclamarunt:</span> <span class='ocrx_word' id='word_1_231' title='bbox 539 1779 630 1810; x_wconf 87' lang='lat' dir='ltr'>Novo</span> <span class='ocrx_word' id='word_1_232' title='bbox 638 1777 733 1809; x_wconf 81' lang='lat' dir='ltr'>Paulo</span> <span class='ocrx_word' id='word_1_233' title='bbox 753 1774 916 1815; x_wconf 76' lang='lat' dir='ltr'>celestino,</span> <span class='ocrx_word' id='word_1_234' title='bbox 942 1779 1035 1810; x_wconf 84' lang='lat' dir='ltr'>Novo</span> <span class='ocrx_word' id='word_1_235' title='bbox 1054 1777 1150 1809; x_wconf 77' lang='lat' dir='ltr'>Paulo</span> 
     </span>
     <span class='ocr_line' id='line_1_37' title="bbox 267 1823 1152 1869; baseline 0.002 -13"><span class='ocrx_word' id='word_1_236' title='bbox 267 1824 395 1864; x_wconf 65' lang='lat' dir='ltr'>cyrillo,</span> <span class='ocrx_word' id='word_1_237' title='bbox 424 1823 564 1869; x_wconf 66' lang='lat' dir='ltr'>Celqlltno</span> <span class='ocrx_word' id='word_1_238' title='bbox 572 1824 677 1867; x_wconf 75' lang='lat' dir='ltr'>custodi</span> <span class='ocrx_word' id='word_1_239' title='bbox 684 1825 777 1868; x_wconf 66' lang='lat' dir='ltr'>filet,</span> <span class='ocrx_word' id='word_1_240' title='bbox 803 1824 941 1865; x_wconf 69' lang='lat' dir='ltr'>celestino</span> <span class='ocrx_word' id='word_1_241' title='bbox 961 1836 1026 1858; x_wconf 88' lang='lat' dir='ltr'>cum</span> <span class='ocrx_word' id='word_1_242' title='bbox 1047 1827 1152 1864; x_wconf 71' lang='lat' dir='ltr'>synodo</span> 
     </span>
     <span class='ocr_line' id='line_1_38' title="bbox 266 1873 1145 1919; baseline -0.001 -11"><span class='ocrx_word' id='word_1_243' title='bbox 266 1875 418 1914; x_wconf 78' lang='lat' dir='ltr'>concordi,</span> <span class='ocrx_word' id='word_1_244' title='bbox 454 1874 596 1918; x_wconf 70' lang='lat' dir='ltr'>celestino</span> <span class='ocrx_word' id='word_1_245' title='bbox 615 1873 756 1918; x_wconf 75' lang='lat' dir='ltr'>universa</span> <span class='ocrx_word' id='word_1_246' title='bbox 777 1875 906 1912; x_wconf 65' lang='lat' dir='ltr'>synodus</span> <span class='ocrx_word' id='word_1_247' title='bbox 926 1880 990 1917; x_wconf 79' lang='lat' dir='ltr'>agit</span> <span class='ocrx_word' id='word_1_248' title='bbox 1004 1880 1145 1919; x_wconf 75' lang='lat' dir='ltr'>gratias.</span> 
     </span>
     <span class='ocr_line' id='line_1_39' title="bbox 267 1923 1146 1970; baseline 0.001 -13"><span class='ocrx_word' id='word_1_249' title='bbox 267 1928 350 1957; x_wconf 88' lang='lat' dir='ltr'>Unus</span> <span class='ocrx_word' id='word_1_250' title='bbox 362 1923 543 1967; x_wconf 81' lang='lat' dir='ltr'>Celesttnus,</span> <span class='ocrx_word' id='word_1_251' title='bbox 567 1936 646 1959; x_wconf 84' lang='lat' dir='ltr'>unus</span> <span class='ocrx_word' id='word_1_252' title='bbox 669 1925 797 1964; x_wconf 65' lang='lat' dir='ltr'>cyrillus</span> <span class='ocrx_word' id='word_1_253' title='bbox 811 1948 822 1965; x_wconf 93' lang='lat'>,</span> <span class='ocrx_word' id='word_1_254' title='bbox 847 1935 909 1959; x_wconf 86' lang='lat' dir='ltr'>una</span> <span class='ocrx_word' id='word_1_255' title='bbox 920 1923 999 1970; x_wconf 86' lang='lat' dir='ltr'>fides</span> <span class='ocrx_word' id='word_1_256' title='bbox 1022 1926 1146 1966; x_wconf 71' lang='lat' dir='ltr'>synodi,</span> 
     </span>
     <span class='ocr_line' id='line_1_40' title="bbox 266 1973 1150 2019; baseline 0.003 -13"><span class='ocrx_word' id='word_1_257' title='bbox 266 1985 328 2007; x_wconf 87' lang='lat' dir='ltr'>una</span> <span class='ocrx_word' id='word_1_258' title='bbox 333 1973 412 2017; x_wconf 79' lang='lat' dir='ltr'>fides</span> <span class='ocrx_word' id='word_1_259' title='bbox 426 1974 505 2007; x_wconf 80' lang='lat' dir='ltr'>orbis</span> <span class='ocrx_word' id='word_1_260' title='bbox 525 1983 687 2008; x_wconf 80' lang='lat' dir='ltr'>terrarum.</span> <span class='ocrx_word' id='word_1_261' title='bbox 715 1973 915 2008; x_wconf 88' lang='lat' dir='ltr'>Profitentur</span> <span class='ocrx_word' id='word_1_262' title='bbox 937 1974 1076 2018; x_wconf 86' lang='lat' dir='ltr'>palmare</span> <span class='ocrx_word' id='word_1_263' title='bbox 1098 1986 1150 2019; x_wconf 87' lang='lat' dir='ltr'>ge-</span> 
     </span>
    </p>
   </div>
   <div class='ocr_carea' id='block_1_6' title="bbox 267 2021 1159 2068">
    <p class='ocr_par' dir='ltr' id='par_1_8' title="bbox 267 2021 1159 2068">
     <span class='ocr_line' id='line_1_41' title="bbox 267 2021 1159 2068; baseline 0.001 -11"><span class='ocrx_word' id='word_1_264' title='bbox 267 2023 387 2057; x_wconf 87' lang='lat' dir='ltr'>neralis</span> <span class='ocrx_word' id='word_1_265' title='bbox 399 2021 526 2065; x_wconf 90' lang='lat' dir='ltr'>Synodi</span> <span class='ocrx_word' id='word_1_266' title='bbox 535 2023 679 2057; x_wconf 89' lang='lat' dir='ltr'>officium</span> <span class='ocrx_word' id='word_1_267' title='bbox 690 2024 753 2060; x_wconf 77' lang='lat' dir='ltr'>effe</span> <span class='ocrx_word' id='word_1_268' title='bbox 775 2023 980 2068; x_wconf 85' lang='lat' dir='ltr'>dogmaticas</span> <span class='ocrx_word' id='word_1_269' title='bbox 1003 2023 1159 2066; x_wconf 65' lang='lat' dir='ltr'>Romani,</span> 
     </span>
    </p>
   </div>
   <div class='ocr_carea' id='block_1_7' title="bbox 261 2071 1156 3461">
    <p class='ocr_par' dir='ltr' id='par_1_9' title="bbox 267 2071 1144 2158">
     <span class='ocr_line' id='line_1_42' title="bbox 269 2071 1144 2119; baseline 0 -11"><span class='ocrx_word' id='word_1_270' title='bbox 269 2071 423 2116; x_wconf 85' lang='lat' dir='ltr'>Episcopi</span> <span class='ocrx_word' id='word_1_271' title='bbox 435 2072 556 2108; x_wconf 87' lang='lat' dir='ltr'>litteras</span> <span class='ocrx_word' id='word_1_272' title='bbox 565 2072 721 2119; x_wconf 83' lang='lat' dir='ltr'>probare,</span> <span class='ocrx_word' id='word_1_273' title='bbox 746 2073 857 2118; x_wconf 83' lang='lat' dir='ltr'>eisque</span> <span class='ocrx_word' id='word_1_274' title='bbox 876 2073 1002 2111; x_wconf 79' lang='lat' dir='ltr'>adnexa</span> <span class='ocrx_word' id='word_1_275' title='bbox 1027 2075 1144 2118; x_wconf 81' lang='lat' dir='ltr'>exequi</span> 
     </span>
     <span class='ocr_line' id='line_1_43' title="bbox 267 2121 442 2158; baseline -0.011 -1"><span class='ocrx_word' id='word_1_276' title='bbox 267 2121 421 2158; x_wconf 86' lang='lat' dir='ltr'>mandata</span> <span class='ocrx_word' id='word_1_277' title='bbox 435 2146 442 2155; x_wconf 90' lang='lat'><em>.</em></span> 
     </span>
    </p>

    <p class='ocr_par' dir='ltr' id='par_1_10' title="bbox 261 2169 1156 3219">
     <span class='ocr_line' id='line_1_44' title="bbox 319 2169 1149 2219; baseline 0.005 -14"><span class='ocrx_word' id='word_1_278' title='bbox 319 2171 448 2206; x_wconf 84' lang='lat' dir='ltr'>Placuit</span> <span class='ocrx_word' id='word_1_279' title='bbox 458 2169 523 2207; x_wconf 90' lang='lat' dir='ltr'>hoc</span> <span class='ocrx_word' id='word_1_280' title='bbox 546 2173 702 2218; x_wconf 64' lang='lat' dir='ltr'>Legads,</span> <span class='ocrx_word' id='word_1_281' title='bbox 728 2172 868 2219; x_wconf 73' lang='lat' dir='ltr'>ideoque</span> <span class='ocrx_word' id='word_1_282' title='bbox 892 2173 1050 2209; x_wconf 87' lang='lat' dir='ltr'>Arcadius</span> <span class='ocrx_word' id='word_1_283' title='bbox 1077 2174 1149 2218; x_wconf 87' lang='lat' dir='ltr'>Epi-</span> 
     </span>
     <span class='ocr_line' id='line_1_45' title="bbox 268 2222 1147 2269; baseline 0.002 -13"><span class='ocrx_word' id='word_1_284' title='bbox 268 2225 383 2264; x_wconf 73' lang='lat' dir='ltr'>icopus</span> <span class='ocrx_word' id='word_1_285' title='bbox 394 2222 487 2256; x_wconf 90' lang='lat' dir='ltr'>suum</span> <span class='ocrx_word' id='word_1_286' title='bbox 497 2223 531 2256; x_wconf 87' lang='lat'>&amp;</span> <span class='ocrx_word' id='word_1_287' title='bbox 542 2223 754 2269; x_wconf 81' lang='lat' dir='ltr'>Collegarum</span> <span class='ocrx_word' id='word_1_288' title='bbox 765 2224 944 2259; x_wconf 86' lang='lat' dir='ltr'>adventum</span> <span class='ocrx_word' id='word_1_289' title='bbox 966 2224 1094 2259; x_wconf 87' lang='lat' dir='ltr'>tardum</span> <span class='ocrx_word' id='word_1_290' title='bbox 1108 2235 1147 2258; x_wconf 84' lang='lat' dir='ltr'>ex</span> 
     </span>
     <span class='ocr_line' id='line_1_46' title="bbox 268 2271 1148 2319; baseline 0.003 -14"><span class='ocrx_word' id='word_1_291' title='bbox 268 2272 400 2305; x_wconf 87' lang='lat' dir='ltr'>adversa</span> <span class='ocrx_word' id='word_1_292' title='bbox 412 2271 509 2306; x_wconf 86' lang='lat' dir='ltr'>maris</span> <span class='ocrx_word' id='word_1_293' title='bbox 521 2273 708 2317; x_wconf 84' lang='lat' dir='ltr'>tempestate</span> <span class='ocrx_word' id='word_1_294' title='bbox 727 2275 763 2308; x_wconf 74' lang='grc' dir='ltr'>ἀ</span> <span class='ocrx_word' id='word_1_295' title='bbox 782 2274 1002 2319; x_wconf 75' lang='lat' dir='ltr'>navigationis</span> <span class='ocrx_word' id='word_1_296' title='bbox 1021 2275 1148 2308; x_wconf 88' lang='lat' dir='ltr'>incerto</span> 
     </span>
     <span class='ocr_line' id='line_1_47' title="bbox 267 2322 1147 2368; baseline 0.002 -13"><span class='ocrx_word' id='word_1_297' title='bbox 267 2322 427 2355; x_wconf 86' lang='lat' dir='ltr'>excusans</span> <span class='ocrx_word' id='word_1_298' title='bbox 437 2323 505 2366; x_wconf 89' lang='lat' dir='ltr'>egit</span> <span class='ocrx_word' id='word_1_299' title='bbox 516 2323 653 2364; x_wconf 82' lang='lat' dir='ltr'>synodo</span> <span class='ocrx_word' id='word_1_300' title='bbox 665 2323 786 2368; x_wconf 85' lang='lat' dir='ltr'>gratias</span> <span class='ocrx_word' id='word_1_301' title='bbox 803 2323 843 2358; x_wconf 90' lang='lat' dir='ltr'>de</span> <span class='ocrx_word' id='word_1_302' title='bbox 854 2334 945 2359; x_wconf 84' lang='lat' dir='ltr'>tanta</span> <span class='ocrx_word' id='word_1_303' title='bbox 970 2325 1003 2357; x_wconf 90' lang='lat' dir='ltr'>in</span> <span class='ocrx_word' id='word_1_304' title='bbox 1028 2324 1147 2358; x_wconf 86' lang='lat' dir='ltr'>Roma-</span> 
     </span>
     <span class='ocr_line' id='line_1_48' title="bbox 266 2370 1152 2416; baseline 0.003 -12"><span class='ocrx_word' id='word_1_305' title='bbox 266 2382 345 2405; x_wconf 78' lang='lat' dir='ltr'>nam</span> <span class='ocrx_word' id='word_1_306' title='bbox 355 2370 456 2405; x_wconf 83' lang='lat' dir='ltr'>fidem</span> <span class='ocrx_word' id='word_1_307' title='bbox 468 2372 501 2405; x_wconf 76' lang='grc' dir='ltr'>ἀ</span> <span class='ocrx_word' id='word_1_308' title='bbox 513 2371 686 2407; x_wconf 76' lang='lat' dir='ltr'>Ecclefiam</span> <span class='ocrx_word' id='word_1_309' title='bbox 696 2373 817 2416; x_wconf 84' lang='lat' dir='ltr'>pietate</span> <span class='ocrx_word' id='word_1_310' title='bbox 831 2398 842 2414; x_wconf 87' lang='lat'>,</span> <span class='ocrx_word' id='word_1_311' title='bbox 867 2374 902 2408; x_wconf 76' lang='grc' dir='ltr'>ὅ(</span> <span class='ocrx_word' id='word_1_312' title='bbox 922 2373 1048 2408; x_wconf 84' lang='lat' dir='ltr'>addidit</span> <span class='ocrx_word' id='word_1_313' title='bbox 1065 2386 1072 2406; x_wconf 92' lang='lat'><strong>:</strong></span> <span class='ocrx_word' id='word_1_314' title='bbox 1099 2378 1152 2408; x_wconf 83' lang='lat' dir='ltr'>Ve-</span> 
     </span>
     <span class='ocr_line' id='line_1_49' title="bbox 263 2419 1150 2467; baseline 0.006 -15"><span class='ocrx_word' id='word_1_315' title='bbox 263 2419 358 2463; x_wconf 77' lang='lat' dir='ltr'>stram</span> <span class='ocrx_word' id='word_1_316' title='bbox 372 2423 595 2455; x_wconf 77' lang='lat' dir='ltr'>Beatitudinem</span> <span class='ocrx_word' id='word_1_317' title='bbox 609 2432 743 2467; x_wconf 81' lang='lat' dir='ltr'>rogatam</span> <span class='ocrx_word' id='word_1_318' title='bbox 752 2429 883 2464; x_wconf 74' lang='lat' dir='ltr'>cupimus</span> <span class='ocrx_word' id='word_1_319' title='bbox 895 2448 906 2464; x_wconf 94' lang='lat'>‚</span> <span class='ocrx_word' id='word_1_320' title='bbox 931 2433 964 2457; x_wconf 85' lang='lat' dir='ltr'>ut</span> <span class='ocrx_word' id='word_1_321' title='bbox 974 2435 1041 2466; x_wconf 84' lang='lat' dir='ltr'>quae</span> <span class='ocrx_word' id='word_1_322' title='bbox 1060 2425 1080 2456; x_wconf 75' lang='grc' dir='ltr'><em>ἃ</em></span> <span class='ocrx_word' id='word_1_323' title='bbox 1102 2435 1150 2457; x_wconf 86' lang='lat' dir='ltr'>ve·</span> 
     </span>
     <span class='ocr_line' id='line_1_50' title="bbox 261 2469 1142 2516; baseline 0.002 -14"><span class='ocrx_word' id='word_1_324' title='bbox 261 2469 328 2511; x_wconf 72' lang='lat' dir='ltr'>stra</span> <span class='ocrx_word' id='word_1_325' title='bbox 337 2471 357 2503; x_wconf 84' lang='lat'><em>5</em></span> <span class='ocrx_word' id='word_1_326' title='bbox 357 2471 497 2503; x_wconf 70' lang='lat' dir='ltr'>am‘litate</span> <span class='ocrx_word' id='word_1_327' title='bbox 508 2472 625 2505; x_wconf 80' lang='lat' dir='ltr'>decreta</span> <span class='ocrx_word' id='word_1_328' title='bbox 632 2471 704 2516; x_wconf 85' lang='lat' dir='ltr'>sunt</span> <span class='ocrx_word' id='word_1_329' title='bbox 717 2497 727 2512; x_wconf 95' lang='lat'>,</span> <span class='ocrx_word' id='word_1_330' title='bbox 743 2485 777 2506; x_wconf 81' lang='lat' dir='ltr'>ea</span> <span class='ocrx_word' id='word_1_331' title='bbox 788 2474 870 2506; x_wconf 72' lang='lat' dir='ltr'>nobit</span> <span class='ocrx_word' id='word_1_332' title='bbox 881 2480 986 2516; x_wconf 74' lang='lat' dir='ltr'>exponi</span> <span class='ocrx_word' id='word_1_333' title='bbox 990 2473 1123 2515; x_wconf 78' lang='lat' dir='ltr'>jubeatis</span> <span class='ocrx_word' id='word_1_334' title='bbox 1138 2497 1142 2504; x_wconf 94' lang='lat'>.</span> 
     </span>
     <span class='ocr_line' id='line_1_51' title="bbox 272 2518 1153 2568; baseline 0.003 -15"><span class='ocrx_word' id='word_1_335' title='bbox 272 2518 405 2564; x_wconf 87' lang='lat' dir='ltr'>Utique</span> <span class='ocrx_word' id='word_1_336' title='bbox 417 2519 621 2563; x_wconf 86' lang='lat' dir='ltr'>disquirenda</span> <span class='ocrx_word' id='word_1_337' title='bbox 632 2546 642 2561; x_wconf 90' lang='lat'>,</span> <span class='ocrx_word' id='word_1_338' title='bbox 670 2533 750 2556; x_wconf 89' lang='lat' dir='ltr'>num</span> <span class='ocrx_word' id='word_1_339' title='bbox 760 2524 941 2558; x_wconf 86' lang='lat' dir='ltr'>consonent</span> <span class='ocrx_word' id='word_1_340' title='bbox 957 2523 1153 2568; x_wconf 87' lang='lat' dir='ltr'>dogmaticis</span> 
     </span>
     <span class='ocr_line' id='line_1_52' title="bbox 270 2568 1153 2607; baseline 0.005 -4"><span class='ocrx_word' id='word_1_341' title='bbox 270 2568 388 2603; x_wconf 88' lang='lat' dir='ltr'>litteris</span> <span class='ocrx_word' id='word_1_342' title='bbox 400 2571 479 2603; x_wconf 89' lang='lat' dir='ltr'>novi</span> <span class='ocrx_word' id='word_1_343' title='bbox 492 2569 585 2603; x_wconf 81' lang='lat' dir='ltr'>Pauli</span> <span class='ocrx_word' id='word_1_344' title='bbox 596 2570 753 2607; x_wconf 83' lang='lat' dir='ltr'>Celestini</span> <span class='ocrx_word' id='word_1_345' title='bbox 769 2595 777 2604; x_wconf 92' lang='lat'>.</span> <span class='ocrx_word' id='word_1_346' title='bbox 803 2572 911 2606; x_wconf 85' lang='lat' dir='ltr'>Etiam</span> <span class='ocrx_word' id='word_1_347' title='bbox 925 2573 966 2607; x_wconf 90' lang='lat' dir='ltr'>de</span> <span class='ocrx_word' id='word_1_348' title='bbox 990 2574 1080 2607; x_wconf 71' lang='lat' dir='ltr'>factis</span> <span class='ocrx_word' id='word_1_349' title='bbox 1099 2573 1153 2607; x_wconf 87' lang='lat' dir='ltr'>ad-</span> 
     </span>
     <span class='ocr_line' id='line_1_53' title="bbox 271 2618 1152 2666; baseline 0.007 -15"><span class='ocrx_word' id='word_1_350' title='bbox 271 2618 527 2654; x_wconf 85' lang='lat' dir='ltr'>clamationibus</span> <span class='ocrx_word' id='word_1_351' title='bbox 545 2621 665 2664; x_wconf 85' lang='lat' dir='ltr'>gratias</span> <span class='ocrx_word' id='word_1_352' title='bbox 690 2621 758 2665; x_wconf 86' lang='lat' dir='ltr'>egit</span> <span class='ocrx_word' id='word_1_353' title='bbox 784 2620 956 2665; x_wconf 88' lang='lat' dir='ltr'>Philippus</span> <span class='ocrx_word' id='word_1_354' title='bbox 981 2621 1152 2666; x_wconf 82' lang='lat' dir='ltr'>Presbyter</span> 
     </span>
     <span class='ocr_line' id='line_1_54' title="bbox 272 2668 1153 2712; baseline 0.005 -10"><span class='ocrx_word' id='word_1_355' title='bbox 272 2668 447 2702; x_wconf 88' lang='lat' dir='ltr'>Romanus</span> <span class='ocrx_word' id='word_1_356' title='bbox 458 2692 469 2708; x_wconf 92' lang='lat'>‚</span> <span class='ocrx_word' id='word_1_357' title='bbox 495 2669 610 2711; x_wconf 75' lang='lat' dir='ltr'>utpote</span> <span class='ocrx_word' id='word_1_358' title='bbox 626 2682 694 2704; x_wconf 89' lang='lat' dir='ltr'>non</span> <span class='ocrx_word' id='word_1_359' title='bbox 707 2681 774 2705; x_wconf 87' lang='lat' dir='ltr'>tam</span> <span class='ocrx_word' id='word_1_360' title='bbox 786 2671 954 2706; x_wconf 85' lang='lat' dir='ltr'>Celestino</span> <span class='ocrx_word' id='word_1_361' title='bbox 979 2671 1153 2712; x_wconf 88' lang='lat' dir='ltr'>Pontifici,</span> 
     </span>
     <span class='ocr_line' id='line_1_55' title="bbox 272 2718 1152 2765; baseline 0.006 -14"><span class='ocrx_word' id='word_1_362' title='bbox 272 2718 371 2761; x_wconf 76' lang='lat' dir='ltr'>quam</span> <span class='ocrx_word' id='word_1_363' title='bbox 383 2719 499 2752; x_wconf 68' lang='lat' dir='ltr'>Sancto</span> <span class='ocrx_word' id='word_1_364' title='bbox 518 2718 617 2753; x_wconf 91' lang='lat' dir='ltr'>Petro</span> <span class='ocrx_word' id='word_1_365' title='bbox 637 2721 739 2755; x_wconf 90' lang='lat' dir='ltr'>totius</span> <span class='ocrx_word' id='word_1_366' title='bbox 759 2720 836 2755; x_wconf 87' lang='lat' dir='ltr'>fidei</span> <span class='ocrx_word' id='word_1_367' title='bbox 861 2722 895 2755; x_wconf 70' lang='grc' dir='ltr'>ὅ(</span> <span class='ocrx_word' id='word_1_368' title='bbox 916 2721 1152 2765; x_wconf 83' lang='lat' dir='ltr'>Apostolorum</span> 
     </span>
     <span class='ocr_line' id='line_1_56' title="bbox 273 2768 1154 2815; baseline 0.006 -15"><span class='ocrx_word' id='word_1_369' title='bbox 273 2768 374 2810; x_wconf 87' lang='lat' dir='ltr'>capiti</span> <span class='ocrx_word' id='word_1_370' title='bbox 388 2768 558 2810; x_wconf 79' lang='lat' dir='ltr'>impensis,</span> <span class='ocrx_word' id='word_1_371' title='bbox 582 2769 616 2803; x_wconf 73' lang='grc' dir='ltr'>ὃ(</span> <span class='ocrx_word' id='word_1_372' title='bbox 631 2770 791 2814; x_wconf 81' lang='lat' dir='ltr'>perrexit.-</span> <span class='ocrx_word' id='word_1_373' title='bbox 816 2774 961 2815; x_wconf 85' lang='lat' dir='ltr'>Rogamus</span> <span class='ocrx_word' id='word_1_374' title='bbox 982 2781 1016 2804; x_wconf 87' lang='lat' dir='ltr'>ut</span> <span class='ocrx_word' id='word_1_375' title='bbox 1026 2780 1154 2814; x_wconf 75' lang='lat' dir='ltr'>eupate-</span> 
     </span>
     <span class='ocr_line' id='line_1_57' title="bbox 271 2816 1153 2863; baseline 0.007 -14"><span class='ocrx_word' id='word_1_376' title='bbox 271 2816 340 2860; x_wconf 60' lang='grc' dir='ltr'><em>,ᾔει-ι</em></span> <span class='ocrx_word' id='word_1_377' title='bbox 351 2817 432 2849; x_wconf 77' lang='lat' dir='ltr'>nobis</span> <span class='ocrx_word' id='word_1_378' title='bbox 444 2820 595 2852; x_wconf 81' lang='lat' dir='ltr'>mandetis</span> <span class='ocrx_word' id='word_1_379' title='bbox 606 2843 616 2860; x_wconf 89' lang='lat'>‚</span> <span class='ocrx_word' id='word_1_380' title='bbox 644 2832 713 2863; x_wconf 83' lang='lat' dir='ltr'>quae</span> <span class='ocrx_word' id='word_1_381' title='bbox 722 2829 793 2854; x_wconf 83' lang='lat' dir='ltr'>ante</span> <span class='ocrx_word' id='word_1_382' title='bbox 812 2822 976 2854; x_wconf 81' lang='lat' dir='ltr'>adventum</span> <span class='ocrx_word' id='word_1_383' title='bbox 988 2822 1111 2860; x_wconf 84' lang='lat' dir='ltr'>nostrum</span> <span class='ocrx_word' id='word_1_384' title='bbox 1121 2827 1153 2855; x_wconf 77' lang='lat' dir='ltr'>tn</span> 
     </span>
     <span class='ocr_line' id='line_1_58' title="bbox 269 2864 1154 2914; baseline 0.009 -17"><span class='ocrx_word' id='word_1_385' title='bbox 269 2864 439 2910; x_wconf 68' lang='lat' dir='ltr'>sanHabae</span> <span class='ocrx_word' id='word_1_386' title='bbox 451 2869 556 2906; x_wconf 73' lang='lat' dir='ltr'>synodo</span> <span class='ocrx_word' id='word_1_387' title='bbox 565 2869 632 2902; x_wconf 61' lang='lat' dir='ltr'>aiffa</span> <span class='ocrx_word' id='word_1_388' title='bbox 647 2869 721 2914; x_wconf 85' lang='lat' dir='ltr'>fimt</span> <span class='ocrx_word' id='word_1_389' title='bbox 734 2895 743 2910; x_wconf 91' lang='lat'><strong><em>‚</em></strong></span> <span class='ocrx_word' id='word_1_390' title='bbox 768 2874 824 2912; x_wconf 74' lang='lat' dir='ltr'>qud</span> <span class='ocrx_word' id='word_1_391' title='bbox 836 2874 934 2912; x_wconf 61' lang='lat' dir='ltr'>juxta?</span> <span class='ocrx_word' id='word_1_392' title='bbox 957 2872 1035 2904; x_wconf 74' lang='lat' dir='ltr'>beati</span> <span class='ocrx_word' id='word_1_393' title='bbox 1059 2874 1154 2913; x_wconf 81' lang='lat' dir='ltr'>Papae</span> 
     </span>
     <span class='ocr_line' id='line_1_59' title="bbox 277 2915 1152 2965; baseline 0.006 -16"><span class='ocrx_word' id='word_1_394' title='bbox 277 2915 363 2956; x_wconf 83' lang='lat' dir='ltr'>nostri</span> <span class='ocrx_word' id='word_1_395' title='bbox 376 2939 386 2956; x_wconf 94' lang='lat'>,</span> <span class='ocrx_word' id='word_1_396' title='bbox 408 2916 620 2961; x_wconf 80' lang='lat' dir='ltr'>praesenttsque</span> <span class='ocrx_word' id='word_1_397' title='bbox 642 2919 730 2962; x_wconf 82' lang='lat' dir='ltr'>hujus</span> <span class='ocrx_word' id='word_1_398' title='bbox 745 2919 844 2963; x_wconf 67' lang='lat' dir='ltr'>sanc‘Ji</span> <span class='ocrx_word' id='word_1_399' title='bbox 864 2931 956 2954; x_wconf 83' lang='lat' dir='ltr'>caetus</span> <span class='ocrx_word' id='word_1_400' title='bbox 974 2920 1152 2965; x_wconf 70' lang='lat' dir='ltr'>sententiam</span> 
     </span>
     <span class='ocr_line' id='line_1_60' title="bbox 276 2967 1155 3014; baseline 0.007 -15"><span class='ocrx_word' id='word_1_401' title='bbox 276 2977 329 2999; x_wconf 83' lang='lat' dir='ltr'>nos</span> <span class='ocrx_word' id='word_1_402' title='bbox 350 2967 688 3009; x_wconf 82' lang='lat' dir='ltr'>quoqueconfirmemus.</span> <span class='ocrx_word' id='word_1_403' title='bbox 714 2969 875 3005; x_wconf 69' lang='lat' dir='ltr'>peractam</span> <span class='ocrx_word' id='word_1_404' title='bbox 898 2972 1023 3014; x_wconf 89' lang='lat' dir='ltr'>Synodi</span> <span class='ocrx_word' id='word_1_405' title='bbox 1046 2971 1155 3005; x_wconf 83' lang='lat' dir='ltr'>Seffio-</span> 
     </span>
     <span class='ocr_line' id='line_1_61' title="bbox 276 3016 1155 3060; baseline 0.008 -12"><span class='ocrx_word' id='word_1_406' title='bbox 276 3026 353 3049; x_wconf 87' lang='lat' dir='ltr'>nem</span> <span class='ocrx_word' id='word_1_407' title='bbox 369 3040 379 3056; x_wconf 93' lang='lat'>,</span> <span class='ocrx_word' id='word_1_408' title='bbox 406 3016 560 3060; x_wconf 83' lang='lat' dir='ltr'>datasque</span> <span class='ocrx_word' id='word_1_409' title='bbox 579 3019 613 3051; x_wconf 92' lang='lat' dir='ltr'>in</span> <span class='ocrx_word' id='word_1_410' title='bbox 630 3019 821 3054; x_wconf 84' lang='lat' dir='ltr'>Nestorium</span> <span class='ocrx_word' id='word_1_411' title='bbox 845 3021 1020 3055; x_wconf 88' lang='lat' dir='ltr'>sententias</span> <span class='ocrx_word' id='word_1_412' title='bbox 1041 3023 1155 3055; x_wconf 83' lang='lat' dir='ltr'>confir-</span> 
     </span>
     <span class='ocr_line' id='line_1_62' title="bbox 277 3066 1156 3115; baseline 0.006 -15"><span class='ocrx_word' id='word_1_413' title='bbox 277 3076 367 3100; x_wconf 88' lang='lat' dir='ltr'>mare</span> <span class='ocrx_word' id='word_1_414' title='bbox 381 3066 497 3100; x_wconf 89' lang='lat' dir='ltr'>nolunt</span> <span class='ocrx_word' id='word_1_415' title='bbox 511 3089 522 3105; x_wconf 91' lang='lat'>,</span> <span class='ocrx_word' id='word_1_416' title='bbox 549 3068 604 3100; x_wconf 80' lang='lat' dir='ltr'>nisi</span> <span class='ocrx_word' id='word_1_417' title='bbox 618 3068 702 3110; x_wconf 73' lang='lat' dir='ltr'>prius</span> <span class='ocrx_word' id='word_1_418' title='bbox 714 3069 909 3115; x_wconf 85' lang='lat' dir='ltr'>dogmaticis</span> <span class='ocrx_word' id='word_1_419' title='bbox 920 3071 1078 3105; x_wconf 78' lang='lat' dir='ltr'>celestini</span> <span class='ocrx_word' id='word_1_420' title='bbox 1106 3072 1156 3106; x_wconf 90' lang='lat' dir='ltr'>lit-</span> 
     </span>
     <span class='ocr_line' id='line_1_63' title="bbox 278 3114 1153 3165; baseline 0.006 -16"><span class='ocrx_word' id='word_1_421' title='bbox 278 3115 356 3149; x_wconf 89' lang='lat' dir='ltr'>teris</span> <span class='ocrx_word' id='word_1_422' title='bbox 368 3115 401 3148; x_wconf 86' lang='lat'>&amp;</span> <span class='ocrx_word' id='word_1_423' title='bbox 414 3114 574 3150; x_wconf 84' lang='lat' dir='ltr'>mandatis</span> <span class='ocrx_word' id='word_1_424' title='bbox 585 3117 715 3152; x_wconf 84' lang='lat' dir='ltr'>videant</span> <span class='ocrx_word' id='word_1_425' title='bbox 726 3121 913 3155; x_wconf 85' lang='lat' dir='ltr'>conformes</span> <span class='ocrx_word' id='word_1_426' title='bbox 922 3146 932 3161; x_wconf 94' lang='lat'>,</span> <span class='ocrx_word' id='word_1_427' title='bbox 946 3119 1084 3165; x_wconf 77' lang='lat' dir='ltr'>ideoque</span> <span class='ocrx_word' id='word_1_428' title='bbox 1095 3121 1153 3154; x_wconf 86' lang='lat' dir='ltr'>fibi</span> 
     </span>
     <span class='ocr_line' id='line_1_64' title="bbox 277 3164 1153 3219; baseline 0.007 -22"><span class='ocrx_word' id='word_1_429' title='bbox 277 3164 392 3199; x_wconf 88' lang='lat' dir='ltr'>omnia</span> <span class='ocrx_word' id='word_1_430' title='bbox 419 3166 527 3199; x_wconf 84' lang='lat' dir='ltr'>referri</span> <span class='ocrx_word' id='word_1_431' title='bbox 554 3167 715 3219; x_wconf 68' lang='lat' dir='ltr'>postulant</span> <span class='ocrx_word' id='word_1_432' title='bbox 739 3169 774 3202; x_wconf 76' lang='grc' dir='ltr'>ἀ</span> <span class='ocrx_word' id='word_1_433' title='bbox 797 3181 839 3203; x_wconf 84' lang='lat' dir='ltr'>ex</span> <span class='ocrx_word' id='word_1_434' title='bbox 860 3170 987 3215; x_wconf 88' lang='lat' dir='ltr'>integro</span> <span class='ocrx_word' id='word_1_435' title='bbox 1010 3171 1153 3205; x_wconf 88' lang='lat' dir='ltr'>recitari.</span> 
     </span>
    </p>

    <p class='ocr_par' dir='ltr' id='par_1_11' title="bbox 279 3213 1155 3461">
     <span class='ocr_line' id='line_1_65' title="bbox 281 3213 1153 3263; baseline 0.009 -17"><span class='ocrx_word' id='word_1_436' title='bbox 281 3213 355 3247; x_wconf 74' lang='lat' dir='ltr'>Effe</span> <span class='ocrx_word' id='word_1_437' title='bbox 366 3215 548 3248; x_wconf 85' lang='lat' dir='ltr'>conformes</span> <span class='ocrx_word' id='word_1_438' title='bbox 560 3217 698 3259; x_wconf 88' lang='lat' dir='ltr'>reposuit</span> <span class='ocrx_word' id='word_1_439' title='bbox 709 3218 909 3254; x_wconf 88' lang='lat' dir='ltr'>Theodotus</span> <span class='ocrx_word' id='word_1_440' title='bbox 932 3220 1072 3263; x_wconf 68' lang='lat' dir='ltr'>Ancyrae</span> <span class='ocrx_word' id='word_1_441' title='bbox 1082 3220 1153 3254; x_wconf 90' lang='lat' dir='ltr'>Me-</span> 
     </span>
     <span class='ocr_line' id='line_1_66' title="bbox 279 3263 1154 3312; baseline 0.007 -16"><span class='ocrx_word' id='word_1_442' title='bbox 279 3263 434 3307; x_wconf 88' lang='lat' dir='ltr'>tropolita</span> <span class='ocrx_word' id='word_1_443' title='bbox 446 3289 457 3304; x_wconf 94' lang='lat'>,</span> <span class='ocrx_word' id='word_1_444' title='bbox 482 3265 516 3298; x_wconf 87' lang='lat'>&amp;</span> <span class='ocrx_word' id='word_1_445' title='bbox 529 3265 691 3309; x_wconf 73' lang='lat' dir='ltr'>adjunxitx</span> <span class='ocrx_word' id='word_1_446' title='bbox 719 3269 955 3310; x_wconf 70' lang='lat' dir='ltr'>,Quoniamjusta</span> <span class='ocrx_word' id='word_1_447' title='bbox 965 3276 1081 3303; x_wconf 78' lang='lat' dir='ltr'>ratione</span> <span class='ocrx_word' id='word_1_448' title='bbox 1087 3278 1154 3312; x_wconf 77' lang='lat' dir='ltr'>prr-</span> 
     </span>
     <span class='ocr_line' id='line_1_67' title="bbox 282 3314 1155 3358; baseline 0.008 -13"><span class='ocrx_word' id='word_1_449' title='bbox 282 3322 361 3346; x_wconf 82' lang='lat' dir='ltr'>mota</span> <span class='ocrx_word' id='word_1_450' title='bbox 375 3314 471 3356; x_wconf 82' lang='lat' dir='ltr'>vestra</span> <span class='ocrx_word' id='word_1_451' title='bbox 482 3317 642 3348; x_wconf 76' lang='lat' dir='ltr'>Beatitudo</span> <span class='ocrx_word' id='word_1_452' title='bbox 653 3328 690 3349; x_wconf 83' lang='lat' dir='ltr'>ex</span> <span class='ocrx_word' id='word_1_453' title='bbox 702 3317 769 3358; x_wconf 72' lang='lat' dir='ltr'>ipsis</span> <span class='ocrx_word' id='word_1_454' title='bbox 786 3318 920 3351; x_wconf 72' lang='lat' dir='ltr'>Ac‘lorum</span> <span class='ocrx_word' id='word_1_455' title='bbox 939 3325 1155 3352; x_wconf 72' lang='lat' dir='ltr'>commentariis</span> 
     </span>
     <span class='ocr_line' id='line_1_68' title="bbox 280 3363 1155 3411; baseline 0.009 -18"><span class='ocrx_word' id='word_1_456' title='bbox 280 3363 438 3406; x_wconf 67' lang='lat' dir='ltr'>intelligere</span> <span class='ocrx_word' id='word_1_457' title='bbox 449 3364 582 3408; x_wconf 84' lang='lat' dir='ltr'>quaefivit</span> <span class='ocrx_word' id='word_1_458' title='bbox 592 3367 629 3400; x_wconf 87' lang='lat' dir='ltr'>de</span> <span class='ocrx_word' id='word_1_459' title='bbox 638 3366 766 3406; x_wconf 79' lang='lat' dir='ltr'>Nestorii</span> <span class='ocrx_word' id='word_1_460' title='bbox 785 3367 950 3409; x_wconf 74' lang='lat' dir='ltr'>depqfitione</span> <span class='ocrx_word' id='word_1_461' title='bbox 960 3368 1071 3409; x_wconf 60' lang='lat' dir='ltr'>‚iustam</span> <span class='ocrx_word' id='word_1_462' title='bbox 1087 3367 1155 3411; x_wconf 80' lang='lat' dir='ltr'>sen-</span> 
     </span>
     <span class='ocr_line' id='line_1_69' title="bbox 281 3412 1154 3461; baseline 0.009 -17"><span class='ocrx_word' id='word_1_463' title='bbox 281 3416 428 3454; x_wconf 70' lang='lat' dir='ltr'>tentiam,</span> <span class='ocrx_word' id='word_1_464' title='bbox 450 3412 622 3460; x_wconf 65' lang='lat' dir='ltr'>saenBaeque</span> <span class='ocrx_word' id='word_1_465' title='bbox 643 3418 748 3457; x_wconf 66' lang='lat' dir='ltr'>synodi</span> <span class='ocrx_word' id='word_1_466' title='bbox 770 3417 864 3450; x_wconf 86' lang='lat' dir='ltr'>zelum</span> <span class='ocrx_word' id='word_1_467' title='bbox 888 3421 923 3451; x_wconf 70' lang='lat' dir='ltr'>ts·</span> <span class='ocrx_word' id='word_1_468' title='bbox 942 3416 1103 3461; x_wconf 83' lang='lat' dir='ltr'>consensum</span> <span class='ocrx_word' id='word_1_469' title='bbox 1122 3423 1154 3452; x_wconf 80' lang='lat' dir='ltr'>in</span> 
     </span>
    </p>
   </div>
   <div class='ocr_carea' id='block_1_8' title="bbox 1209 228 2079 325">
    <p class='ocr_par' dir='ltr' id='par_1_12' title="bbox 1209 228 2079 325">
     <span class='ocr_line' id='line_1_70' title="bbox 1209 228 2078 277; baseline 0.012 -18"><span class='ocrx_word' id='word_1_470' title='bbox 1209 238 1265 260; x_wconf 85' lang='lat' dir='ltr'>nus</span> <span class='ocrx_word' id='word_1_471' title='bbox 1276 239 1387 271; x_wconf 87' lang='lat' dir='ltr'>magna</span> <span class='ocrx_word' id='word_1_472' title='bbox 1398 237 1466 260; x_wconf 84' lang='lat' dir='ltr'>voce</span> <span class='ocrx_word' id='word_1_473' title='bbox 1478 228 1658 268; x_wconf 49' lang='lat' dir='ltr'>depraedicat</span> <span class='ocrx_word' id='word_1_474' title='bbox 1666 254 1676 270; x_wconf 91' lang='lat'>‚</span> <span class='ocrx_word' id='word_1_475' title='bbox 1701 231 1800 274; x_wconf 80' lang='lat' dir='ltr'>vestra</span> <span class='ocrx_word' id='word_1_476' title='bbox 1816 234 1994 266; x_wconf 69' lang='lat' dir='ltr'>Reverentia</span> <span class='ocrx_word' id='word_1_477' title='bbox 2011 237 2078 277; x_wconf 84' lang='lat' dir='ltr'>pla-</span> 
     </span>
     <span class='ocr_line' id='line_1_71' title="bbox 1209 275 2079 325; baseline 0.006 -14"><span class='ocrx_word' id='word_1_478' title='bbox 1209 280 1244 311; x_wconf 75' lang='lat' dir='ltr'>nc?</span> <span class='ocrx_word' id='word_1_479' title='bbox 1255 280 1389 320; x_wconf 66' lang='lat' dir='ltr'>certoque</span> <span class='ocrx_word' id='word_1_480' title='bbox 1397 275 1539 321; x_wconf 84' lang='lat' dir='ltr'>cognoscet</span> <span class='ocrx_word' id='word_1_481' title='bbox 1550 285 1614 309; x_wconf 81' lang='lat' dir='ltr'>tum</span> <span class='ocrx_word' id='word_1_482' title='bbox 1636 281 1651 311; x_wconf 64' lang='lat' dir='ltr'>e*</span> <span class='ocrx_word' id='word_1_483' title='bbox 1658 282 1751 320; x_wconf 84' lang='lat' dir='ltr'>plena</span> <span class='ocrx_word' id='word_1_484' title='bbox 1751 281 1821 324; x_wconf 76' lang='lat' dir='ltr'>fide</span> <span class='ocrx_word' id='word_1_485' title='bbox 1830 306 1842 323; x_wconf 93' lang='lat'>,</span> <span class='ocrx_word' id='word_1_486' title='bbox 1864 293 1957 324; x_wconf 82' lang='lat' dir='ltr'>quam</span> <span class='ocrx_word' id='word_1_487' title='bbox 1967 295 2018 316; x_wconf 88' lang='lat' dir='ltr'>nos</span> <span class='ocrx_word' id='word_1_488' title='bbox 2026 285 2079 325; x_wconf 76' lang='lat' dir='ltr'>fa-</span> 
     </span>
    </p>
   </div>
   <div class='ocr_carea' id='block_1_9' title="bbox 1206 327 2080 411">
    <p class='ocr_par' dir='ltr' id='par_1_13' title="bbox 1206 327 2080 411">
     <span class='ocr_line' id='line_1_72' title="bbox 1206 327 2080 378; baseline 0.01 -20"><span class='ocrx_word' id='word_1_489' title='bbox 1206 333 1312 361; x_wconf 78' lang='lat' dir='ltr'>ciemus</span> <span class='ocrx_word' id='word_1_490' title='bbox 1324 351 1335 368; x_wconf 91' lang='lat'>,</span> <span class='ocrx_word' id='word_1_491' title='bbox 1361 336 1426 361; x_wconf 83' lang='lat' dir='ltr'>tum</span> <span class='ocrx_word' id='word_1_492' title='bbox 1457 328 1477 363; x_wconf 63' lang='lat' dir='ltr'>e*</span> <span class='ocrx_word' id='word_1_493' title='bbox 1510 327 1654 372; x_wconf 78' lang='lat' dir='ltr'>reliquis,</span> <span class='ocrx_word' id='word_1_494' title='bbox 1678 341 1745 373; x_wconf 81' lang='lat' dir='ltr'>quae</span> <span class='ocrx_word' id='word_1_495' title='bbox 1759 330 1903 378; x_wconf 46' lang='lat' dir='ltr'>presenti</span> <span class='ocrx_word' id='word_1_496' title='bbox 1923 334 2080 367; x_wconf 76' lang='lat' dir='ltr'>adduntur</span> 
     </span>
     <span class='ocr_line' id='line_1_73' title="bbox 1211 378 1374 411; baseline 0 -1"><span class='ocrx_word' id='word_1_497' title='bbox 1211 378 1339 411; x_wconf 61' lang='lat' dir='ltr'>aaroni.</span> <span class='ocrx_word' id='word_1_498' title='bbox 1371 387 1374 390; x_wconf 70' lang='grc'><strong><em>’</em></strong></span> 
     </span>
    </p>
   </div>
   <div class='ocr_carea' id='block_1_10' title="bbox 1207 426 2106 2019">
    <p class='ocr_par' dir='ltr' id='par_1_14' title="bbox 1207 426 2106 2019">
     <span class='ocr_line' id='line_1_74' title="bbox 1258 426 2081 473; baseline 0.006 -11"><span class='ocrx_word' id='word_1_499' title='bbox 1258 428 1416 463; x_wconf 74' lang='lat' dir='ltr'>Astorurn</span> <span class='ocrx_word' id='word_1_500' title='bbox 1429 426 1635 471; x_wconf 79' lang='lat' dir='ltr'>synodalium</span> <span class='ocrx_word' id='word_1_501' title='bbox 1646 427 1804 473; x_wconf 85' lang='lat' dir='ltr'>Digestor</span> <span class='ocrx_word' id='word_1_502' title='bbox 1823 431 1981 467; x_wconf 86' lang='lat' dir='ltr'>adnexuit</span> <span class='ocrx_word' id='word_1_503' title='bbox 1999 431 2081 467; x_wconf 80' lang='lat' dir='ltr'>duas</span> 
     </span>
     <span class='ocr_line' id='line_1_75' title="bbox 1207 477 2083 526; baseline 0.007 -14"><span class='ocrx_word' id='word_1_504' title='bbox 1207 477 1285 512; x_wconf 87' lang='lat' dir='ltr'>alias</span> <span class='ocrx_word' id='word_1_505' title='bbox 1296 478 1454 514; x_wconf 86' lang='lat' dir='ltr'>Celestini</span> <span class='ocrx_word' id='word_1_506' title='bbox 1467 478 1642 513; x_wconf 87' lang='lat' dir='ltr'>Pontificis</span> <span class='ocrx_word' id='word_1_507' title='bbox 1654 477 1813 521; x_wconf 83' lang='lat' dir='ltr'>Epistolas</span> <span class='ocrx_word' id='word_1_508' title='bbox 1835 481 1938 516; x_wconf 73' lang='lat' dir='ltr'>mistas</span> <span class='ocrx_word' id='word_1_509' title='bbox 1949 494 2003 526; x_wconf 87' lang='lat' dir='ltr'>per</span> <span class='ocrx_word' id='word_1_510' title='bbox 2014 483 2083 516; x_wconf 86' lang='lat' dir='ltr'>eos·</span> 
     </span>
     <span class='ocr_line' id='line_1_76' title="bbox 1207 526 2083 576; baseline 0.006 -15"><span class='ocrx_word' id='word_1_511' title='bbox 1207 527 1282 563; x_wconf 88' lang='lat' dir='ltr'>dem</span> <span class='ocrx_word' id='word_1_512' title='bbox 1293 529 1456 573; x_wconf 84' lang='lat' dir='ltr'>Legatos.</span> <span class='ocrx_word' id='word_1_513' title='bbox 1483 527 1591 564; x_wconf 85' lang='lat' dir='ltr'>Prima</span> <span class='ocrx_word' id='word_1_514' title='bbox 1602 528 1648 562; x_wconf 85' lang='lat' dir='ltr'>est</span> <span class='ocrx_word' id='word_1_515' title='bbox 1669 527 1711 562; x_wconf 87' lang='lat' dir='ltr'>ad</span> <span class='ocrx_word' id='word_1_516' title='bbox 1721 526 1949 564; x_wconf 67' lang='lat' dir='ltr'>Theodosium</span> <span class='ocrx_word' id='word_1_517' title='bbox 1971 531 2083 576; x_wconf 70' lang='lat' dir='ltr'>Augu7</span> 
     </span>
     <span class='ocr_line' id='line_1_77' title="bbox 1209 576 2081 624; baseline 0.006 -14"><span class='ocrx_word' id='word_1_518' title='bbox 1209 577 1291 611; x_wconf 86' lang='lat' dir='ltr'>stum</span> <span class='ocrx_word' id='word_1_519' title='bbox 1306 602 1317 617; x_wconf 97' lang='lat'>,</span> <span class='ocrx_word' id='word_1_520' title='bbox 1338 576 1561 613; x_wconf 83' lang='lat' dir='ltr'>orthodoxam</span> <span class='ocrx_word' id='word_1_521' title='bbox 1591 577 1690 614; x_wconf 80' lang='lat' dir='ltr'>fidem</span> <span class='ocrx_word' id='word_1_522' title='bbox 1711 577 1761 611; x_wconf 89' lang='lat' dir='ltr'>uti</span> <span class='ocrx_word' id='word_1_523' title='bbox 1782 578 1926 613; x_wconf 85' lang='lat' dir='ltr'>Romani</span> <span class='ocrx_word' id='word_1_524' title='bbox 1947 581 2081 624; x_wconf 87' lang='lat' dir='ltr'>Imperii</span> 
     </span>
     <span class='ocr_line' id='line_1_78' title="bbox 1209 626 2087 673; baseline 0.007 -14"><span class='ocrx_word' id='word_1_525' title='bbox 1209 628 1339 661; x_wconf 82' lang='lat' dir='ltr'>unicam</span> <span class='ocrx_word' id='word_1_526' title='bbox 1350 628 1485 662; x_wconf 85' lang='lat' dir='ltr'>tutelam</span> <span class='ocrx_word' id='word_1_527' title='bbox 1495 639 1534 662; x_wconf 83' lang='lat' dir='ltr'>ex</span> <span class='ocrx_word' id='word_1_528' title='bbox 1545 627 1658 663; x_wconf 87' lang='lat' dir='ltr'>animo</span> <span class='ocrx_word' id='word_1_529' title='bbox 1673 626 1910 663; x_wconf 71' lang='lat' dir='ltr'>commendans</span> <span class='ocrx_word' id='word_1_530' title='bbox 1921 653 1932 668; x_wconf 95' lang='lat'>,</span> <span class='ocrx_word' id='word_1_531' title='bbox 1958 632 2087 673; x_wconf 85' lang='lat' dir='ltr'>rogans-</span> 
     </span>
     <span class='ocr_line' id='line_1_79' title="bbox 1208 674 2086 721; baseline 0.005 -11"><span class='ocrx_word' id='word_1_532' title='bbox 1208 687 1316 720; x_wconf 81' lang='lat' dir='ltr'>quent</span> <span class='ocrx_word' id='word_1_533' title='bbox 1328 674 1401 717; x_wconf 76' lang='lat' dir='ltr'>his,</span> <span class='ocrx_word' id='word_1_534' title='bbox 1416 678 1483 721; x_wconf 66' lang='lat' dir='ltr'>⁴qui</span> <span class='ocrx_word' id='word_1_535' title='bbox 1505 677 1636 713; x_wconf 85' lang='lat' dir='ltr'>Divinae</span> <span class='ocrx_word' id='word_1_536' title='bbox 1646 677 1829 721; x_wconf 86' lang='lat' dir='ltr'>Majessatis</span> <span class='ocrx_word' id='word_1_537' title='bbox 1849 680 2030 720; x_wconf 75' lang='lat' dir='ltr'>potentiam</span> <span class='ocrx_word' id='word_1_538' title='bbox 2050 681 2086 714; x_wconf 87' lang='lat' dir='ltr'>in</span> 
     </span>
     <span class='ocr_line' id='line_1_80' title="bbox 1210 726 2087 770; baseline 0.001 -10"><span class='ocrx_word' id='word_1_539' title='bbox 1210 726 1357 761; x_wconf 83' lang='lat' dir='ltr'>humanae</span> <span class='ocrx_word' id='word_1_540' title='bbox 1377 727 1604 770; x_wconf 83' lang='lat' dir='ltr'>disputationis</span> <span class='ocrx_word' id='word_1_541' title='bbox 1628 729 1793 764; x_wconf 80' lang='lat' dir='ltr'>rationem</span> <span class='ocrx_word' id='word_1_542' title='bbox 1811 729 1931 762; x_wconf 69' lang='lat' dir='ltr'>atstare</span> <span class='ocrx_word' id='word_1_543' title='bbox 1951 738 2087 762; x_wconf 82' lang='lat' dir='ltr'>conten-</span> 
     </span>
     <span class='ocr_line' id='line_1_81' title="bbox 1208 776 2090 817; baseline 0.001 -6"><span class='ocrx_word' id='word_1_544' title='bbox 1208 776 1314 817; x_wconf 88' lang='lat' dir='ltr'>dunt,</span> <span class='ocrx_word' id='word_1_545' title='bbox 1337 776 1429 811; x_wconf 83' lang='lat' dir='ltr'>nulla</span> <span class='ocrx_word' id='word_1_546' title='bbox 1449 776 1610 813; x_wconf 86' lang='lat' dir='ltr'>tribuatur</span> <span class='ocrx_word' id='word_1_547' title='bbox 1629 777 1766 813; x_wconf 86' lang='lat' dir='ltr'>facultas</span> <span class='ocrx_word' id='word_1_548' title='bbox 1792 777 1924 813; x_wconf 86' lang='lat' dir='ltr'>Divinae</span> <span class='ocrx_word' id='word_1_549' title='bbox 1942 777 2090 812; x_wconf 82' lang='lat' dir='ltr'>inhuma-</span> 
     </span>
     <span class='ocr_line' id='line_1_82' title="bbox 1211 826 2092 872; baseline 0.002 -12"><span class='ocrx_word' id='word_1_550' title='bbox 1211 826 1353 863; x_wconf 87' lang='lat' dir='ltr'>nationis</span> <span class='ocrx_word' id='word_1_551' title='bbox 1362 828 1607 863; x_wconf 84' lang='lat' dir='ltr'>Sacramentum</span> <span class='ocrx_word' id='word_1_552' title='bbox 1621 851 1633 869; x_wconf 90' lang='lat'>‚</span> <span class='ocrx_word' id='word_1_553' title='bbox 1659 828 1792 863; x_wconf 82' lang='lat' dir='ltr'>unicam</span> <span class='ocrx_word' id='word_1_554' title='bbox 1814 827 1950 862; x_wconf 89' lang='lat' dir='ltr'>humani</span> <span class='ocrx_word' id='word_1_555' title='bbox 1964 827 2092 872; x_wconf 88' lang='lat' dir='ltr'>generis</span> 
     </span>
     <span class='ocr_line' id='line_1_83' title="bbox 1212 875 2094 921; baseline 0.002 -11"><span class='ocrx_word' id='word_1_556' title='bbox 1212 879 1298 921; x_wconf 89' lang='lat' dir='ltr'>spem</span> <span class='ocrx_word' id='word_1_557' title='bbox 1311 900 1322 917; x_wconf 91' lang='lat'>,</span> <span class='ocrx_word' id='word_1_558' title='bbox 1346 875 1524 914; x_wconf 73' lang='lat' dir='ltr'>dialecticis</span> <span class='ocrx_word' id='word_1_559' title='bbox 1543 876 1699 913; x_wconf 84' lang='lat' dir='ltr'>haereticae</span> <span class='ocrx_word' id='word_1_560' title='bbox 1724 878 1869 911; x_wconf 80' lang='lat' dir='ltr'>versutiae</span> <span class='ocrx_word' id='word_1_561' title='bbox 1890 876 2094 921; x_wconf 84' lang='lat' dir='ltr'>sophismati·</span> 
     </span>
     <span class='ocr_line' id='line_1_84' title="bbox 1211 926 2094 971; baseline 0 -10"><span class='ocrx_word' id='word_1_562' title='bbox 1211 927 1269 961; x_wconf 90' lang='lat' dir='ltr'>bus</span> <span class='ocrx_word' id='word_1_563' title='bbox 1296 926 1475 963; x_wconf 79' lang='lat' dir='ltr'>arietandi.</span> <span class='ocrx_word' id='word_1_564' title='bbox 1516 927 1650 962; x_wconf 85' lang='lat' dir='ltr'>Etenim</span> <span class='ocrx_word' id='word_1_565' title='bbox 1669 927 1832 963; x_wconf 87' lang='lat' dir='ltr'>Divinam</span> <span class='ocrx_word' id='word_1_566' title='bbox 1856 928 1956 963; x_wconf 88' lang='lat' dir='ltr'>unius</span> <span class='ocrx_word' id='word_1_567' title='bbox 1977 929 2094 971; x_wconf 86' lang='lat' dir='ltr'>praeser-</span> 
     </span>
     <span class='ocr_line' id='line_1_85' title="bbox 1210 976 2094 1020; baseline 0.003 -11"><span class='ocrx_word' id='word_1_568' title='bbox 1210 977 1271 1010; x_wconf 90' lang='lat' dir='ltr'>tim</span> <span class='ocrx_word' id='word_1_569' title='bbox 1293 977 1358 1010; x_wconf 84' lang='lat' dir='ltr'>fine</span> <span class='ocrx_word' id='word_1_570' title='bbox 1378 976 1476 1011; x_wconf 85' lang='lat' dir='ltr'>altera</span> <span class='ocrx_word' id='word_1_571' title='bbox 1501 978 1639 1020; x_wconf 66' lang='lat' dir='ltr'>personae</span> <span class='ocrx_word' id='word_1_572' title='bbox 1664 977 1926 1013; x_wconf 85' lang='lat' dir='ltr'>incarnationem</span> <span class='ocrx_word' id='word_1_573' title='bbox 1949 980 2012 1012; x_wconf 77' lang='lat' dir='ltr'>effe</span> <span class='ocrx_word' id='word_1_574' title='bbox 2033 979 2094 1012; x_wconf 90' lang='lat' dir='ltr'>im·</span> 
     </span>
     <span class='ocr_line' id='line_1_86' title="bbox 1212 1025 2092 1072; baseline 0.002 -12"><span class='ocrx_word' id='word_1_575' title='bbox 1212 1025 1390 1069; x_wconf 78' lang='lat' dir='ltr'>possibilem</span> <span class='ocrx_word' id='word_1_576' title='bbox 1404 1025 1548 1061; x_wconf 63' lang='lat' dir='ltr'>sedunstus</span> <span class='ocrx_word' id='word_1_577' title='bbox 1561 1028 1582 1063; x_wconf 71' lang='grc' dir='ltr'>ὲ,</span> <span class='ocrx_word' id='word_1_578' title='bbox 1595 1028 1687 1064; x_wconf 83' lang='lat' dir='ltr'>vanis</span> <span class='ocrx_word' id='word_1_579' title='bbox 1699 1029 1827 1063; x_wconf 80' lang='lat' dir='ltr'>suamtn</span> <span class='ocrx_word' id='word_1_580' title='bbox 1848 1027 2092 1072; x_wconf 76' lang='lat' dir='ltr'>cogitationum</span> 
     </span>
     <span class='ocr_line' id='line_1_87' title="bbox 1213 1075 2093 1114; baseline 0.003 -5"><span class='ocrx_word' id='word_1_581' title='bbox 1213 1075 1440 1111; x_wconf 87' lang='lat' dir='ltr'>subtilitatibus</span> <span class='ocrx_word' id='word_1_582' title='bbox 1464 1076 1635 1112; x_wconf 88' lang='lat' dir='ltr'>Nestorius</span> <span class='ocrx_word' id='word_1_583' title='bbox 1667 1077 1844 1112; x_wconf 86' lang='lat' dir='ltr'>delirabat.</span> <span class='ocrx_word' id='word_1_584' title='bbox 1870 1079 1998 1114; x_wconf 89' lang='lat' dir='ltr'>Decem</span> <span class='ocrx_word' id='word_1_585' title='bbox 2022 1077 2093 1112; x_wconf 84' lang='lat' dir='ltr'>dies</span> 
     </span>
     <span class='ocr_line' id='line_1_88' title="bbox 1214 1125 2090 1171; baseline 0.003 -13"><span class='ocrx_word' id='word_1_586' title='bbox 1214 1125 1261 1161; x_wconf 87' lang='lat' dir='ltr'>illi</span> <span class='ocrx_word' id='word_1_587' title='bbox 1272 1126 1290 1160; x_wconf 72' lang='lat' dir='ltr'>a</span> <span class='ocrx_word' id='word_1_588' title='bbox 1302 1125 1468 1160; x_wconf 88' lang='lat' dir='ltr'>Celestino</span> <span class='ocrx_word' id='word_1_589' title='bbox 1480 1127 1643 1162; x_wconf 87' lang='lat' dir='ltr'>Pontifice</span> <span class='ocrx_word' id='word_1_590' title='bbox 1656 1128 1696 1162; x_wconf 86' lang='lat' dir='ltr'>ad</span> <span class='ocrx_word' id='word_1_591' title='bbox 1709 1126 1955 1171; x_wconf 78' lang='lat' dir='ltr'>resipiscendum</span> <span class='ocrx_word' id='word_1_592' title='bbox 1969 1126 2090 1170; x_wconf 79' lang='lat' dir='ltr'>praefixi</span> 
     </span>
     <span class='ocr_line' id='line_1_89' title="bbox 1212 1175 2097 1221; baseline 0.002 -12"><span class='ocrx_word' id='word_1_593' title='bbox 1212 1175 1275 1218; x_wconf 85' lang='lat' dir='ltr'>jam</span> <span class='ocrx_word' id='word_1_594' title='bbox 1296 1175 1420 1221; x_wconf 88' lang='lat' dir='ltr'>pridem</span> <span class='ocrx_word' id='word_1_595' title='bbox 1445 1186 1524 1210; x_wconf 86' lang='lat' dir='ltr'>ante</span> <span class='ocrx_word' id='word_1_596' title='bbox 1549 1175 1736 1213; x_wconf 85' lang='lat' dir='ltr'>inchoatam</span> <span class='ocrx_word' id='word_1_597' title='bbox 1761 1177 1936 1221; x_wconf 89' lang='lat' dir='ltr'>Synodum</span> <span class='ocrx_word' id='word_1_598' title='bbox 1960 1178 2097 1221; x_wconf 82' lang='lat' dir='ltr'>exspira-</span> 
     </span>
     <span class='ocr_line' id='line_1_90' title="bbox 1215 1225 2096 1272; baseline 0.002 -14"><span class='ocrx_word' id='word_1_599' title='bbox 1215 1233 1306 1265; x_wconf 88' lang='lat' dir='ltr'>rant,</span> <span class='ocrx_word' id='word_1_600' title='bbox 1332 1225 1472 1272; x_wconf 78' lang='lat' dir='ltr'>ideoque</span> <span class='ocrx_word' id='word_1_601' title='bbox 1496 1225 1723 1270; x_wconf 80' lang='lat' dir='ltr'>Apostolicam</span> <span class='ocrx_word' id='word_1_602' title='bbox 1758 1227 2003 1272; x_wconf 87' lang='lat' dir='ltr'>degradationis</span> <span class='ocrx_word' id='word_1_603' title='bbox 2029 1229 2096 1262; x_wconf 75' lang='lat' dir='ltr'>sen-</span> 
     </span>
     <span class='ocr_line' id='line_1_91' title="bbox 1214 1275 2097 1322; baseline 0.005 -14"><span class='ocrx_word' id='word_1_604' title='bbox 1214 1275 1349 1310; x_wconf 88' lang='lat' dir='ltr'>tentiam</span> <span class='ocrx_word' id='word_1_605' title='bbox 1361 1275 1626 1317; x_wconf 88' lang='lat' dir='ltr'>illeincurrerat,</span> <span class='ocrx_word' id='word_1_606' title='bbox 1649 1278 1761 1312; x_wconf 89' lang='lat' dir='ltr'>&amp;erat</span> <span class='ocrx_word' id='word_1_607' title='bbox 1782 1275 1924 1312; x_wconf 76' lang='lat' dir='ltr'>omnino</span> <span class='ocrx_word' id='word_1_608' title='bbox 1945 1276 2097 1322; x_wconf 88' lang='lat' dir='ltr'>degrada-</span> 
     </span>
     <span class='ocr_line' id='line_1_92' title="bbox 1215 1324 2097 1370; baseline 0.003 -12"><span class='ocrx_word' id='word_1_609' title='bbox 1215 1335 1265 1359; x_wconf 85' lang='lat' dir='ltr'>tus</span> <span class='ocrx_word' id='word_1_610' title='bbox 1282 1351 1290 1359; x_wconf 93' lang='lat'><strong>.</strong></span> <span class='ocrx_word' id='word_1_611' title='bbox 1320 1324 1376 1360; x_wconf 85' lang='lat' dir='ltr'>Ad</span> <span class='ocrx_word' id='word_1_612' title='bbox 1399 1326 1583 1370; x_wconf 86' lang='lat' dir='ltr'>generalem</span> <span class='ocrx_word' id='word_1_613' title='bbox 1602 1327 1693 1361; x_wconf 88' lang='lat' dir='ltr'>enim</span> <span class='ocrx_word' id='word_1_614' title='bbox 1714 1327 1887 1370; x_wconf 85' lang='lat' dir='ltr'>synodum</span> <span class='ocrx_word' id='word_1_615' title='bbox 1909 1327 2097 1370; x_wconf 73' lang='lat' dir='ltr'>interposita</span> 
     </span>
     <span class='ocr_line' id='line_1_93' title="bbox 1215 1374 2099 1419; baseline 0.002 -11"><span class='ocrx_word' id='word_1_616' title='bbox 1215 1374 1390 1419; x_wconf 85' lang='lat' dir='ltr'>appellatio</span> <span class='ocrx_word' id='word_1_617' title='bbox 1427 1376 1616 1411; x_wconf 88' lang='lat' dir='ltr'>Romanam</span> <span class='ocrx_word' id='word_1_618' title='bbox 1642 1377 1837 1412; x_wconf 69' lang='lat' dir='ltr'>sententiam</span> <span class='ocrx_word' id='word_1_619' title='bbox 1862 1376 2035 1410; x_wconf 89' lang='lat' dir='ltr'>devolvere</span> <span class='ocrx_word' id='word_1_620' title='bbox 2062 1386 2099 1410; x_wconf 88' lang='lat' dir='ltr'>ut</span> 
     </span>
     <span class='ocr_line' id='line_1_94' title="bbox 1215 1425 2100 1469; baseline 0.002 -11"><span class='ocrx_word' id='word_1_621' title='bbox 1215 1426 1374 1461; x_wconf 87' lang='lat' dir='ltr'>summum</span> <span class='ocrx_word' id='word_1_622' title='bbox 1396 1426 1526 1469; x_wconf 83' lang='lat' dir='ltr'>potuit,</span> <span class='ocrx_word' id='word_1_623' title='bbox 1551 1425 1638 1469; x_wconf 89' lang='lat' dir='ltr'>apud</span> <span class='ocrx_word' id='word_1_624' title='bbox 1661 1427 1818 1461; x_wconf 87' lang='lat' dir='ltr'>veraciter</span> <span class='ocrx_word' id='word_1_625' title='bbox 1838 1425 1998 1461; x_wconf 89' lang='lat' dir='ltr'>orthodos</span> <span class='ocrx_word' id='word_1_626' title='bbox 2019 1437 2100 1460; x_wconf 89' lang='lat' dir='ltr'>nun-</span> 
     </span>
     <span class='ocr_line' id='line_1_95' title="bbox 1215 1475 2099 1521; baseline 0.002 -13"><span class='ocrx_word' id='word_1_627' title='bbox 1215 1486 1311 1518; x_wconf 89' lang='lat' dir='ltr'>quam</span> <span class='ocrx_word' id='word_1_628' title='bbox 1338 1475 1520 1521; x_wconf 87' lang='lat' dir='ltr'>suspendit.</span> <span class='ocrx_word' id='word_1_629' title='bbox 1555 1475 1651 1511; x_wconf 87' lang='lat' dir='ltr'>Hinc</span> <span class='ocrx_word' id='word_1_630' title='bbox 1675 1478 1804 1511; x_wconf 86' lang='lat' dir='ltr'>futurus</span> <span class='ocrx_word' id='word_1_631' title='bbox 1830 1476 1958 1520; x_wconf 90' lang='lat' dir='ltr'>Synodi</span> <span class='ocrx_word' id='word_1_632' title='bbox 1983 1475 2099 1510; x_wconf 85' lang='lat' dir='ltr'>Praeses</span> 
     </span>
     <span class='ocr_line' id='line_1_96' title="bbox 1216 1524 2098 1570; baseline 0.002 -13"><span class='ocrx_word' id='word_1_633' title='bbox 1216 1525 1346 1558; x_wconf 70' lang='lat' dir='ltr'>sanctus</span> <span class='ocrx_word' id='word_1_634' title='bbox 1359 1524 1522 1568; x_wconf 89' lang='lat' dir='ltr'>Cyrillus,</span> <span class='ocrx_word' id='word_1_635' title='bbox 1546 1536 1589 1560; x_wconf 85' lang='lat' dir='ltr'>an</span> <span class='ocrx_word' id='word_1_636' title='bbox 1603 1524 1795 1561; x_wconf 87' lang='lat' dir='ltr'>Nestorium</span> <span class='ocrx_word' id='word_1_637' title='bbox 1815 1528 1864 1559; x_wconf 88' lang='lat' dir='ltr'>uti</span> <span class='ocrx_word' id='word_1_638' title='bbox 1883 1524 2098 1570; x_wconf 82' lang='lat' dir='ltr'>degradatum</span> 
     </span>
     <span class='ocr_line' id='line_1_97' title="bbox 1217 1574 2103 1620; baseline 0.002 -13"><span class='ocrx_word' id='word_1_639' title='bbox 1217 1574 1421 1611; x_wconf 67' lang='lat' dir='ltr'>trastariistic</span> <span class='ocrx_word' id='word_1_640' title='bbox 1440 1585 1624 1618; x_wconf 86' lang='lat' dir='ltr'>oporteret,</span> <span class='ocrx_word' id='word_1_641' title='bbox 1652 1574 1870 1620; x_wconf 87' lang='lat' dir='ltr'>proindeque,</span> <span class='ocrx_word' id='word_1_642' title='bbox 1898 1576 1974 1609; x_wconf 73' lang='lat' dir='ltr'>licet</span> <span class='ocrx_word' id='word_1_643' title='bbox 1997 1576 2103 1619; x_wconf 86' lang='lat' dir='ltr'>poeni-</span> 
     </span>
     <span class='ocr_line' id='line_1_98' title="bbox 1217 1624 2098 1669; baseline 0.001 -11"><span class='ocrx_word' id='word_1_644' title='bbox 1217 1634 1288 1660; x_wconf 88' lang='lat' dir='ltr'>tens</span> <span class='ocrx_word' id='word_1_645' title='bbox 1313 1624 1428 1659; x_wconf 86' lang='lat' dir='ltr'>rediret</span> <span class='ocrx_word' id='word_1_646' title='bbox 1450 1625 1490 1661; x_wconf 82' lang='lat' dir='ltr'>ad</span> <span class='ocrx_word' id='word_1_647' title='bbox 1514 1633 1677 1666; x_wconf 85' lang='lat' dir='ltr'>mentem,</span> <span class='ocrx_word' id='word_1_648' title='bbox 1701 1637 1870 1669; x_wconf 88' lang='lat' dir='ltr'>nunquam</span> <span class='ocrx_word' id='word_1_649' title='bbox 1896 1626 2034 1668; x_wconf 84' lang='lat' dir='ltr'>reparari</span> <span class='ocrx_word' id='word_1_650' title='bbox 2062 1627 2098 1659; x_wconf 87' lang='lat' dir='ltr'>in</span> 
     </span>
     <span class='ocr_line' id='line_1_99' title="bbox 1216 1674 2104 1719; baseline 0.001 -11"><span class='ocrx_word' id='word_1_651' title='bbox 1216 1674 1352 1719; x_wconf 87' lang='lat' dir='ltr'>gradum</span> <span class='ocrx_word' id='word_1_652' title='bbox 1365 1674 1589 1718; x_wconf 87' lang='lat' dir='ltr'>Episcopalem</span> <span class='ocrx_word' id='word_1_653' title='bbox 1601 1697 1612 1714; x_wconf 85' lang='lat'>,</span> <span class='ocrx_word' id='word_1_654' title='bbox 1637 1674 1679 1708; x_wconf 89' lang='lat' dir='ltr'>ab</span> <span class='ocrx_word' id='word_1_655' title='bbox 1704 1674 1895 1718; x_wconf 83' lang='lat' dir='ltr'>Apostolica</span> <span class='ocrx_word' id='word_1_656' title='bbox 1916 1675 1998 1709; x_wconf 90' lang='lat' dir='ltr'>Sede</span> <span class='ocrx_word' id='word_1_657' title='bbox 2015 1675 2104 1709; x_wconf 85' lang='lat' dir='ltr'>effla-</span> 
     </span>
     <span class='ocr_line' id='line_1_100' title="bbox 1217 1723 2101 1769; baseline 0 -11"><span class='ocrx_word' id='word_1_658' title='bbox 1217 1724 1337 1769; x_wconf 87' lang='lat' dir='ltr'>gitarat</span> <span class='ocrx_word' id='word_1_659' title='bbox 1348 1748 1355 1759; x_wconf 80' lang='grc'><strong>,</strong></span> <span class='ocrx_word' id='word_1_660' title='bbox 1382 1724 1474 1760; x_wconf 86' lang='lat' dir='ltr'>Huic</span> <span class='ocrx_word' id='word_1_661' title='bbox 1485 1723 1588 1760; x_wconf 89' lang='lat' dir='ltr'>dubio</span> <span class='ocrx_word' id='word_1_662' title='bbox 1600 1724 1769 1768; x_wconf 88' lang='lat' dir='ltr'>respondet</span> <span class='ocrx_word' id='word_1_663' title='bbox 1780 1723 1917 1759; x_wconf 87' lang='lat' dir='ltr'>secunda</span> <span class='ocrx_word' id='word_1_664' title='bbox 1932 1725 2101 1768; x_wconf 85' lang='lat' dir='ltr'>Epistola:</span> 
     </span>
     <span class='ocr_line' id='line_1_101' title="bbox 1217 1773 2102 1817; baseline 0.002 -10"><span class='ocrx_word' id='word_1_665' title='bbox 1217 1773 1316 1817; x_wconf 68' lang='lat' dir='ltr'>Supra</span> <span class='ocrx_word' id='word_1_666' title='bbox 1335 1773 1426 1808; x_wconf 84' lang='lat' dir='ltr'>edixi</span> <span class='ocrx_word' id='word_1_667' title='bbox 1447 1774 1515 1817; x_wconf 79' lang='lat' dir='ltr'>ejus</span> <span class='ocrx_word' id='word_1_668' title='bbox 1536 1775 1679 1809; x_wconf 81' lang='lat' dir='ltr'>sensum.</span> <span class='ocrx_word' id='word_1_669' title='bbox 1707 1774 1832 1810; x_wconf 84' lang='lat' dir='ltr'>Neutra</span> <span class='ocrx_word' id='word_1_670' title='bbox 1856 1776 1919 1810; x_wconf 87' lang='lat' dir='ltr'>fuit</span> <span class='ocrx_word' id='word_1_671' title='bbox 1938 1774 2018 1808; x_wconf 61' lang='lat' dir='ltr'>ledia</span> <span class='ocrx_word' id='word_1_672' title='bbox 2044 1785 2102 1809; x_wconf 87' lang='lat' dir='ltr'>aut</span> 
     </span>
     <span class='ocr_line' id='line_1_102' title="bbox 1218 1822 2103 1872; baseline 0.003 -16"><span class='ocrx_word' id='word_1_673' title='bbox 1218 1822 1454 1859; x_wconf 68' lang='lat' dir='ltr'>Auisinserta:</span> <span class='ocrx_word' id='word_1_674' title='bbox 1480 1824 1582 1872; x_wconf 85' lang='lat' dir='ltr'>Qod</span> <span class='ocrx_word' id='word_1_675' title='bbox 1597 1825 1762 1868; x_wconf 86' lang='lat' dir='ltr'>utriusque</span> <span class='ocrx_word' id='word_1_676' title='bbox 1784 1826 1909 1859; x_wconf 87' lang='lat' dir='ltr'>utilitas</span> <span class='ocrx_word' id='word_1_677' title='bbox 1929 1825 1994 1869; x_wconf 86' lang='lat' dir='ltr'>jam</span> <span class='ocrx_word' id='word_1_678' title='bbox 2014 1835 2103 1859; x_wconf 89' lang='lat' dir='ltr'>tran·</span> 
     </span>
     <span class='ocr_line' id='line_1_103' title="bbox 1217 1872 2106 1917; baseline 0.004 -11"><span class='ocrx_word' id='word_1_679' title='bbox 1217 1872 1324 1916; x_wconf 80' lang='lat' dir='ltr'>fijffet.</span> <span class='ocrx_word' id='word_1_680' title='bbox 1352 1873 1545 1910; x_wconf 78' lang='lat' dir='ltr'>contumax</span> <span class='ocrx_word' id='word_1_681' title='bbox 1566 1874 1715 1908; x_wconf 59' lang='lat' dir='ltr'>adversim</span> <span class='ocrx_word' id='word_1_682' title='bbox 1743 1875 1914 1917; x_wconf 90' lang='lat' dir='ltr'>Synodum</span> <span class='ocrx_word' id='word_1_683' title='bbox 1929 1875 2106 1910; x_wconf 77' lang='lat' dir='ltr'>Nestorius</span> 
     </span>
     <span class='ocr_line' id='line_1_104' title="bbox 1217 1922 2102 1969; baseline 0.002 -11"><span class='ocrx_word' id='word_1_684' title='bbox 1217 1934 1276 1958; x_wconf 88' lang='lat' dir='ltr'>nec</span> <span class='ocrx_word' id='word_1_685' title='bbox 1301 1922 1462 1966; x_wconf 80' lang='lat' dir='ltr'>disputare</span> <span class='ocrx_word' id='word_1_686' title='bbox 1487 1922 1638 1968; x_wconf 86' lang='lat' dir='ltr'>volebat,</span> <span class='ocrx_word' id='word_1_687' title='bbox 1671 1923 1772 1969; x_wconf 75' lang='lat' dir='ltr'>longe</span> <span class='ocrx_word' id='word_1_688' title='bbox 1797 1924 1906 1960; x_wconf 75' lang='lat' dir='ltr'>minus</span> <span class='ocrx_word' id='word_1_689' title='bbox 1927 1923 2102 1968; x_wconf 77' lang='lat' dir='ltr'>resipiscere</span> 
     </span>
     <span class='ocr_line' id='line_1_105' title="bbox 1217 1974 1462 2019; baseline -0.008 -11"><span class='ocrx_word' id='word_1_690' title='bbox 1217 1976 1273 2009; x_wconf 81' lang='lat' dir='ltr'>aut</span> <span class='ocrx_word' id='word_1_691' title='bbox 1284 1974 1439 2019; x_wconf 86' lang='lat' dir='ltr'>poenitere</span> <span class='ocrx_word' id='word_1_692' title='bbox 1452 1997 1462 2006; x_wconf 88' lang='lat'><strong>.</strong></span> 
     </span>
    </p>
   </div>
   <div class='ocr_carea' id='block_1_11' title="bbox 1402 2155 1908 2204">
    <p class='ocr_par' dir='ltr' id='par_1_15' title="bbox 1402 2155 1908 2204">
     <span class='ocr_line' id='line_1_106' title="bbox 1402 2155 1908 2204; baseline 0.002 -1"><span class='ocrx_word' id='word_1_693' title='bbox 1402 2155 1733 2203; x_wconf 92' lang='lat' dir='ltr'>ACTIO</span> <span class='ocrx_word' id='word_1_694' title='bbox 1804 2159 1908 2204; x_wconf 92' lang='lat' dir='ltr'><strong>III.</strong></span> 
     </span>
    </p>
   </div>
   <div class='ocr_carea' id='block_1_12' title="bbox 1212 2272 2102 3314">
    <p class='ocr_par' dir='ltr' id='par_1_16' title="bbox 1212 2272 2102 3314">
     <span class='ocr_line' id='line_1_107' title="bbox 1265 2272 2099 2319; baseline 0.002 -11"><span class='ocrx_word' id='word_1_695' title='bbox 1265 2273 1300 2308; x_wconf 95' lang='lat' dir='ltr'>N</span> <span class='ocrx_word' id='word_1_696' title='bbox 1310 2273 1403 2308; x_wconf 87' lang='lat' dir='ltr'>tertia</span> <span class='ocrx_word' id='word_1_697' title='bbox 1414 2272 1556 2308; x_wconf 70' lang='lat' dir='ltr'>Actione</span> <span class='ocrx_word' id='word_1_698' title='bbox 1567 2296 1577 2314; x_wconf 92' lang='lat'>,</span> <span class='ocrx_word' id='word_1_699' title='bbox 1603 2275 1684 2309; x_wconf 70' lang='lat' dir='ltr'>facta</span> <span class='ocrx_word' id='word_1_700' title='bbox 1695 2274 1811 2318; x_wconf 77' lang='lat' dir='ltr'>quinto</span> <span class='ocrx_word' id='word_1_701' title='bbox 1822 2275 1900 2309; x_wconf 86' lang='lat' dir='ltr'>Idus</span> <span class='ocrx_word' id='word_1_702' title='bbox 1911 2275 2011 2319; x_wconf 84' lang='lat' dir='ltr'>Julias</span> <span class='ocrx_word' id='word_1_703' title='bbox 2022 2302 2032 2317; x_wconf 89' lang='lat'>,</span> <span class='ocrx_word' id='word_1_704' title='bbox 2056 2275 2099 2311; x_wconf 84' lang='lat' dir='ltr'>ad</span> 
     </span>
     <span class='ocr_line' id='line_1_108' title="bbox 1288 2324 2102 2368; baseline 0.002 -10"><span class='ocrx_word' id='word_1_705' title='bbox 1288 2324 1457 2358; x_wconf 85' lang='lat' dir='ltr'>Romanos</span> <span class='ocrx_word' id='word_1_706' title='bbox 1471 2324 1611 2368; x_wconf 90' lang='lat' dir='ltr'>Legatos</span> <span class='ocrx_word' id='word_1_707' title='bbox 1622 2324 1713 2368; x_wconf 89' lang='lat' dir='ltr'>loqui</span> <span class='ocrx_word' id='word_1_708' title='bbox 1734 2327 1831 2367; x_wconf 81' lang='lat' dir='ltr'>coepit</span> <span class='ocrx_word' id='word_1_709' title='bbox 1844 2325 2008 2368; x_wconf 73' lang='lat' dir='ltr'>juvenalis</span> <span class='ocrx_word' id='word_1_710' title='bbox 2021 2325 2102 2360; x_wconf 88' lang='lat' dir='ltr'>Hie-</span> 
     </span>
     <span class='ocr_line' id='line_1_109' title="bbox 1218 2373 2101 2417; baseline 0.003 -11"><span class='ocrx_word' id='word_1_711' title='bbox 1218 2374 1383 2417; x_wconf 81' lang='lat' dir='ltr'>rosolymae</span> <span class='ocrx_word' id='word_1_712' title='bbox 1411 2373 1591 2417; x_wconf 87' lang='lat' dir='ltr'>Episcopus</span> <span class='ocrx_word' id='word_1_713' title='bbox 1610 2387 1616 2406; x_wconf 93' lang='lat'>:</span> <span class='ocrx_word' id='word_1_714' title='bbox 1649 2373 1786 2415; x_wconf 71' lang='lat' dir='ltr'>Hesterno</span> <span class='ocrx_word' id='word_1_715' title='bbox 1806 2376 1855 2408; x_wconf 79' lang='lat' dir='ltr'>die</span> <span class='ocrx_word' id='word_1_716' title='bbox 1877 2376 1975 2416; x_wconf 82' lang='lat' dir='ltr'>vestra</span> <span class='ocrx_word' id='word_1_717' title='bbox 1995 2379 2101 2409; x_wconf 71' lang='lat' dir='ltr'>Pietas</span> 
     </span>
     <span class='ocr_line' id='line_1_110' title="bbox 1213 2423 2100 2466; baseline 0.003 -11"><span class='ocrx_word' id='word_1_718' title='bbox 1213 2424 1373 2466; x_wconf 69' lang='lat' dir='ltr'>postulavit</span> <span class='ocrx_word' id='word_1_719' title='bbox 1386 2448 1397 2464; x_wconf 92' lang='lat'>,</span> <span class='ocrx_word' id='word_1_720' title='bbox 1421 2433 1454 2455; x_wconf 87' lang='lat' dir='ltr'>ut</span> <span class='ocrx_word' id='word_1_721' title='bbox 1470 2427 1673 2461; x_wconf 65' lang='lat' dir='ltr'>commentarii</span> <span class='ocrx_word' id='word_1_722' title='bbox 1686 2423 1745 2456; x_wconf 74' lang='grc' dir='ltr'><em>αδῖι·</em></span> <span class='ocrx_word' id='word_1_723' title='bbox 1764 2429 1796 2457; x_wconf 83' lang='lat' dir='ltr'>in</span> <span class='ocrx_word' id='word_1_724' title='bbox 1808 2424 1977 2466; x_wconf 80' lang='lat' dir='ltr'>depofitione</span> <span class='ocrx_word' id='word_1_725' title='bbox 1997 2425 2100 2465; x_wconf 72' lang='lat' dir='ltr'>Nello-</span> 
     </span>
     <span class='ocr_line' id='line_1_111' title="bbox 1215 2473 2097 2521; baseline 0.003 -15"><span class='ocrx_word' id='word_1_726' title='bbox 1215 2479 1253 2506; x_wconf 76' lang='lat' dir='ltr'>rii</span> <span class='ocrx_word' id='word_1_727' title='bbox 1276 2474 1409 2507; x_wconf 78' lang='lat' dir='ltr'>baetetict</span> <span class='ocrx_word' id='word_1_728' title='bbox 1428 2474 1611 2516; x_wconf 83' lang='lat' dir='ltr'>legerenmr,</span> <span class='ocrx_word' id='word_1_729' title='bbox 1650 2475 1738 2516; x_wconf 73' lang='lat' dir='ltr'>idque</span> <span class='ocrx_word' id='word_1_730' title='bbox 1760 2473 1963 2518; x_wconf 60' lang='lat' dir='ltr'>consequenter</span> <span class='ocrx_word' id='word_1_731' title='bbox 1988 2475 2097 2521; x_wconf 72' lang='lat' dir='ltr'>sant‘la</span> 
     </span>
     <span class='ocr_line' id='line_1_112' title="bbox 1217 2522 2101 2567; baseline 0.001 -10"><span class='ocrx_word' id='word_1_732' title='bbox 1217 2525 1342 2563; x_wconf 66' lang='lat' dir='ltr'>synodus</span> <span class='ocrx_word' id='word_1_733' title='bbox 1354 2530 1505 2566; x_wconf 67' lang='lat' dir='ltr'>precepit.</span> <span class='ocrx_word' id='word_1_734' title='bbox 1531 2522 1681 2556; x_wconf 67' lang='lat' dir='ltr'>Sanffltas</span> <span class='ocrx_word' id='word_1_735' title='bbox 1704 2529 1791 2567; x_wconf 64' lang='lat' dir='ltr'>Igitur</span> <span class='ocrx_word' id='word_1_736' title='bbox 1816 2524 1915 2565; x_wconf 80' lang='lat' dir='ltr'>vestra</span> <span class='ocrx_word' id='word_1_737' title='bbox 1933 2527 2032 2560; x_wconf 78' lang='lat' dir='ltr'>docere</span> <span class='ocrx_word' id='word_1_738' title='bbox 2053 2527 2101 2558; x_wconf 73' lang='lat' dir='ltr'>dt-</span> 
     </span>
     <span class='ocr_line' id='line_1_113' title="bbox 1212 2574 2098 2618; baseline 0.003 -12"><span class='ocrx_word' id='word_1_739' title='bbox 1212 2582 1319 2618; x_wconf 82' lang='lat' dir='ltr'>gnetur</span> <span class='ocrx_word' id='word_1_740' title='bbox 1330 2598 1340 2614; x_wconf 87' lang='lat'>,</span> <span class='ocrx_word' id='word_1_741' title='bbox 1368 2585 1440 2606; x_wconf 90' lang='lat' dir='ltr'>num</span> <span class='ocrx_word' id='word_1_742' title='bbox 1453 2575 1555 2617; x_wconf 81' lang='lat' dir='ltr'>legerit</span> <span class='ocrx_word' id='word_1_743' title='bbox 1570 2583 1604 2604; x_wconf 87' lang='lat' dir='ltr'>ac</span> <span class='ocrx_word' id='word_1_744' title='bbox 1610 2580 1772 2614; x_wconf 76' lang='lat' dir='ltr'>perceperit</span> <span class='ocrx_word' id='word_1_745' title='bbox 1793 2578 1857 2606; x_wconf 82' lang='lat' dir='ltr'>vim</span> <span class='ocrx_word' id='word_1_746' title='bbox 1873 2585 1968 2607; x_wconf 86' lang='lat' dir='ltr'>eorum</span> <span class='ocrx_word' id='word_1_747' title='bbox 1981 2599 1987 2606; x_wconf 95' lang='lat'><strong>.</strong></span> <span class='ocrx_word' id='word_1_748' title='bbox 2015 2574 2098 2610; x_wconf 65' lang='lat' dir='ltr'>Acta</span> 
     </span>
     <span class='ocr_line' id='line_1_114' title="bbox 1218 2621 2099 2668; baseline 0.003 -12"><span class='ocrx_word' id='word_1_749' title='bbox 1218 2625 1316 2668; x_wconf 81' lang='lat' dir='ltr'>igitur</span> <span class='ocrx_word' id='word_1_750' title='bbox 1327 2622 1395 2657; x_wconf 89' lang='lat' dir='ltr'>heri</span> <span class='ocrx_word' id='word_1_751' title='bbox 1407 2633 1475 2656; x_wconf 91' lang='lat' dir='ltr'>non</span> <span class='ocrx_word' id='word_1_752' title='bbox 1490 2621 1614 2656; x_wconf 87' lang='lat' dir='ltr'>fuerant</span> <span class='ocrx_word' id='word_1_753' title='bbox 1625 2622 1704 2656; x_wconf 72' lang='lat' dir='ltr'>leCia</span> <span class='ocrx_word' id='word_1_754' title='bbox 1717 2647 1727 2662; x_wconf 95' lang='lat'>,</span> <span class='ocrx_word' id='word_1_755' title='bbox 1752 2623 1805 2658; x_wconf 82' lang='lat' dir='ltr'>sed</span> <span class='ocrx_word' id='word_1_756' title='bbox 1818 2623 1951 2668; x_wconf 87' lang='lat' dir='ltr'>Legatis</span> <span class='ocrx_word' id='word_1_757' title='bbox 1963 2624 2099 2667; x_wconf 85' lang='lat' dir='ltr'>tradita,</span> 
     </span>
     <span class='ocr_line' id='line_1_115' title="bbox 1221 2671 2099 2717; baseline 0.005 -12"><span class='ocrx_word' id='word_1_758' title='bbox 1221 2672 1355 2717; x_wconf 85' lang='lat' dir='ltr'>legenda</span> <span class='ocrx_word' id='word_1_759' title='bbox 1368 2672 1519 2715; x_wconf 81' lang='lat' dir='ltr'>privatim</span> <span class='ocrx_word' id='word_1_760' title='bbox 1531 2684 1568 2705; x_wconf 88' lang='lat' dir='ltr'>ac</span> <span class='ocrx_word' id='word_1_761' title='bbox 1580 2671 1784 2706; x_wconf 88' lang='lat' dir='ltr'>discutienda</span> <span class='ocrx_word' id='word_1_762' title='bbox 1794 2697 1801 2705; x_wconf 89' lang='lat'><strong>.</strong></span> <span class='ocrx_word' id='word_1_763' title='bbox 1829 2674 1872 2708; x_wconf 92' lang='lat' dir='ltr'>Et</span> <span class='ocrx_word' id='word_1_764' title='bbox 1887 2672 1951 2709; x_wconf 88' lang='lat' dir='ltr'>hoc</span> <span class='ocrx_word' id='word_1_765' title='bbox 1964 2673 2099 2709; x_wconf 87' lang='lat' dir='ltr'>demon-</span> 
     </span>
     <span class='ocr_line' id='line_1_116' title="bbox 1219 2720 2098 2768; baseline 0.003 -12"><span class='ocrx_word' id='word_1_766' title='bbox 1219 2724 1317 2757; x_wconf 89' lang='lat' dir='ltr'>strant</span> <span class='ocrx_word' id='word_1_767' title='bbox 1328 2721 1472 2755; x_wconf 83' lang='lat' dir='ltr'>hesterna</span> <span class='ocrx_word' id='word_1_768' title='bbox 1482 2720 1658 2756; x_wconf 90' lang='lat' dir='ltr'>Theodoti</span> <span class='ocrx_word' id='word_1_769' title='bbox 1678 2721 1847 2766; x_wconf 87' lang='lat' dir='ltr'>Ancyrani</span> <span class='ocrx_word' id='word_1_770' title='bbox 1870 2723 1910 2757; x_wconf 87' lang='lat' dir='ltr'>ad</span> <span class='ocrx_word' id='word_1_771' title='bbox 1928 2724 2012 2768; x_wconf 87' lang='lat' dir='ltr'>ipsos</span> <span class='ocrx_word' id='word_1_772' title='bbox 2032 2735 2098 2759; x_wconf 92' lang='lat' dir='ltr'>ver-</span> 
     </span>
     <span class='ocr_line' id='line_1_117' title="bbox 1219 2771 2100 2816; baseline 0.001 -9"><span class='ocrx_word' id='word_1_773' title='bbox 1219 2773 1258 2807; x_wconf 88' lang='lat' dir='ltr'>ba</span> <span class='ocrx_word' id='word_1_774' title='bbox 1275 2787 1286 2806; x_wconf 92' lang='lat'><em>:</em></span> <span class='ocrx_word' id='word_1_775' title='bbox 1311 2775 1385 2804; x_wconf 90' lang='lat' dir='ltr'>Tum</span> <span class='ocrx_word' id='word_1_776' title='bbox 1397 2773 1564 2814; x_wconf 72' lang='grc' dir='ltr'><em>ἑνεΙιᾳιιὶι,</em></span> <span class='ocrx_word' id='word_1_777' title='bbox 1591 2771 1805 2816; x_wconf 79' lang='lat' dir='ltr'>quaepraesentt</span> <span class='ocrx_word' id='word_1_778' title='bbox 1829 2774 1981 2808; x_wconf 81' lang='lat' dir='ltr'>adduntur</span> <span class='ocrx_word' id='word_1_779' title='bbox 2004 2774 2100 2808; x_wconf 64' lang='lat' dir='ltr'>Actio-</span> 
     </span>
     <span class='ocr_line' id='line_1_118' title="bbox 1218 2819 2098 2867; baseline 0.006 -12"><span class='ocrx_word' id='word_1_780' title='bbox 1218 2828 1249 2856; x_wconf 74' lang='lat' dir='ltr'>ni</span> <span class='ocrx_word' id='word_1_781' title='bbox 1261 2848 1268 2855; x_wconf 95' lang='lat'><strong><em>.</em></strong></span> <span class='ocrx_word' id='word_1_782' title='bbox 1298 2821 1456 2865; x_wconf 90' lang='lat' dir='ltr'>Reposuit</span> <span class='ocrx_word' id='word_1_783' title='bbox 1467 2820 1542 2855; x_wconf 78' lang='lat' dir='ltr'>vero</span> <span class='ocrx_word' id='word_1_784' title='bbox 1553 2819 1726 2866; x_wconf 86' lang='lat' dir='ltr'>Philippus</span> <span class='ocrx_word' id='word_1_785' title='bbox 1736 2822 1905 2867; x_wconf 86' lang='lat' dir='ltr'>Presbyter</span> <span class='ocrx_word' id='word_1_786' title='bbox 1926 2824 2098 2860; x_wconf 86' lang='lat' dir='ltr'>Romanus</span> 
     </span>
     <span class='ocr_line' id='line_1_119' title="bbox 1218 2871 2097 2918; baseline 0.003 -12"><span class='ocrx_word' id='word_1_787' title='bbox 1218 2884 1253 2906; x_wconf 89' lang='lat' dir='ltr'>ac</span> <span class='ocrx_word' id='word_1_788' title='bbox 1264 2872 1430 2916; x_wconf 85' lang='lat' dir='ltr'>Legatus:</span> <span class='ocrx_word' id='word_1_789' title='bbox 1452 2874 1507 2904; x_wconf 84' lang='lat' dir='ltr'>Ex</span> <span class='ocrx_word' id='word_1_790' title='bbox 1520 2871 1654 2905; x_wconf 61' lang='lat' dir='ltr'>Actorum</span> <span class='ocrx_word' id='word_1_791' title='bbox 1677 2873 1793 2906; x_wconf 74' lang='lat' dir='ltr'>Iec‘lione</span> <span class='ocrx_word' id='word_1_792' title='bbox 1810 2880 1995 2917; x_wconf 75' lang='lat' dir='ltr'>cognovimus</span> <span class='ocrx_word' id='word_1_793' title='bbox 2008 2899 2019 2915; x_wconf 88' lang='lat'>,</span> <span class='ocrx_word' id='word_1_794' title='bbox 2029 2886 2097 2918; x_wconf 78' lang='lat' dir='ltr'>quae</span> 
     </span>
     <span class='ocr_line' id='line_1_120' title="bbox 1218 2919 2096 2966; baseline 0.003 -11"><span class='ocrx_word' id='word_1_795' title='bbox 1218 2929 1249 2955; x_wconf 84' lang='lat' dir='ltr'>in</span> <span class='ocrx_word' id='word_1_796' title='bbox 1260 2927 1295 2955; x_wconf 92' lang='lat' dir='ltr'><em>N</em></span> <span class='ocrx_word' id='word_1_797' title='bbox 1298 2921 1428 2962; x_wconf 79' lang='lat' dir='ltr'>estorium</span> <span class='ocrx_word' id='word_1_798' title='bbox 1434 2919 1587 2962; x_wconf 76' lang='lat' dir='ltr'>constituta</span> <span class='ocrx_word' id='word_1_799' title='bbox 1595 2919 1666 2965; x_wconf 87' lang='lat' dir='ltr'>sunt</span> <span class='ocrx_word' id='word_1_800' title='bbox 1685 2927 1717 2954; x_wconf 83' lang='lat' dir='ltr'>in</span> <span class='ocrx_word' id='word_1_801' title='bbox 1723 2921 1825 2966; x_wconf 70' lang='lat' dir='ltr'>sanc‘lo</span> <span class='ocrx_word' id='word_1_802' title='bbox 1837 2924 1929 2966; x_wconf 85' lang='lat' dir='ltr'>vestro</span> <span class='ocrx_word' id='word_1_803' title='bbox 1949 2927 2076 2958; x_wconf 75' lang='lat' dir='ltr'>Concilio</span> <span class='ocrx_word' id='word_1_804' title='bbox 2087 2949 2096 2958; x_wconf 85' lang='lat'><em>.</em></span> 
     </span>
     <span class='ocr_line' id='line_1_121' title="bbox 1220 2971 2097 3014; baseline 0.005 -9"><span class='ocrx_word' id='word_1_805' title='bbox 1220 2977 1254 3005; x_wconf 84' lang='lat' dir='ltr'>In</span> <span class='ocrx_word' id='word_1_806' title='bbox 1265 2971 1370 3014; x_wconf 80' lang='lat' dir='ltr'>quibus</span> <span class='ocrx_word' id='word_1_807' title='bbox 1383 2977 1601 3005; x_wconf 70' lang='lat' dir='ltr'>commentariis</span> <span class='ocrx_word' id='word_1_808' title='bbox 1623 2973 1820 3007; x_wconf 70' lang='lat' dir='ltr'>intelleximus</span> <span class='ocrx_word' id='word_1_809' title='bbox 1841 2978 1940 3008; x_wconf 64' lang='lat' dir='ltr'>otnnia</span> <span class='ocrx_word' id='word_1_810' title='bbox 1960 2976 2097 3009; x_wconf 60' lang='lat' dir='ltr'>canonic?</span> 
     </span>
     <span class='ocr_line' id='line_1_122' title="bbox 1219 3019 2095 3068; baseline 0.003 -13"><span class='ocrx_word' id='word_1_811' title='bbox 1219 3024 1299 3055; x_wconf 73' lang='lat' dir='ltr'>&amp;ex</span> <span class='ocrx_word' id='word_1_812' title='bbox 1321 3019 1511 3063; x_wconf 66' lang='lat' dir='ltr'>Ecclqfiastica</span> <span class='ocrx_word' id='word_1_813' title='bbox 1538 3019 1694 3063; x_wconf 75' lang='lat' dir='ltr'>disciplina</span> <span class='ocrx_word' id='word_1_814' title='bbox 1707 3024 1848 3064; x_wconf 72' lang='lat' dir='ltr'>judicata</span> <span class='ocrx_word' id='word_1_815' title='bbox 1869 3025 1937 3068; x_wconf 85' lang='lat' dir='ltr'>esse.</span> <span class='ocrx_word' id='word_1_816' title='bbox 1969 3028 2095 3058; x_wconf 77' lang='lat' dir='ltr'>Acnunc</span> 
     </span>
     <span class='ocr_line' id='line_1_123' title="bbox 1218 3071 2097 3119; baseline 0.006 -17"><span class='ocrx_word' id='word_1_817' title='bbox 1218 3083 1329 3115; x_wconf 84' lang='lat' dir='ltr'>quoque</span> <span class='ocrx_word' id='word_1_818' title='bbox 1333 3076 1466 3112; x_wconf 80' lang='lat' dir='ltr'>petimus</span> <span class='ocrx_word' id='word_1_819' title='bbox 1487 3071 1632 3102; x_wconf 56' lang='lat' dir='ltr'>&amp;Corona</span> <span class='ocrx_word' id='word_1_820' title='bbox 1652 3071 1771 3113; x_wconf 73' lang='lat' dir='ltr'>vestra,</span> <span class='ocrx_word' id='word_1_821' title='bbox 1795 3080 1935 3116; x_wconf 79' lang='lat' dir='ltr'>quamvis</span> <span class='ocrx_word' id='word_1_822' title='bbox 1951 3073 2097 3119; x_wconf 84' lang='lat' dir='ltr'>superva-</span> 
     </span>
     <span class='ocr_line' id='line_1_124' title="bbox 1219 3118 2096 3167; baseline 0.001 -13"><span class='ocrx_word' id='word_1_823' title='bbox 1219 3132 1340 3154; x_wconf 83' lang='lat' dir='ltr'>caneum</span> <span class='ocrx_word' id='word_1_824' title='bbox 1346 3118 1398 3163; x_wconf 82' lang='lat' dir='ltr'>scu</span> <span class='ocrx_word' id='word_1_825' title='bbox 1410 3130 1466 3152; x_wconf 89' lang='lat' dir='ltr'>non</span> <span class='ocrx_word' id='word_1_826' title='bbox 1476 3119 1704 3163; x_wconf 80' lang='lat' dir='ltr'>neceffariumfit</span> <span class='ocrx_word' id='word_1_827' title='bbox 1712 3143 1723 3162; x_wconf 97' lang='lat'>,</span> <span class='ocrx_word' id='word_1_828' title='bbox 1745 3132 1779 3156; x_wconf 81' lang='lat' dir='ltr'>ut</span> <span class='ocrx_word' id='word_1_829' title='bbox 1788 3135 1845 3167; x_wconf 66' lang='lat' dir='ltr'>que</span> <span class='ocrx_word' id='word_1_830' title='bbox 1862 3130 1895 3158; x_wconf 77' lang='lat' dir='ltr'>in</span> <span class='ocrx_word' id='word_1_831' title='bbox 1909 3123 2003 3166; x_wconf 82' lang='lat' dir='ltr'>vestra</span> <span class='ocrx_word' id='word_1_832' title='bbox 2014 3126 2096 3164; x_wconf 70' lang='lat' dir='ltr'>syno-</span> 
     </span>
     <span class='ocr_line' id='line_1_125' title="bbox 1220 3167 2092 3217; baseline 0.002 -14"><span class='ocrx_word' id='word_1_833' title='bbox 1220 3172 1256 3203; x_wconf 91' lang='lat' dir='ltr'>do</span> <span class='ocrx_word' id='word_1_834' title='bbox 1263 3167 1414 3213; x_wconf 65' lang='lat' dir='ltr'>ledlafimt</span> <span class='ocrx_word' id='word_1_835' title='bbox 1427 3191 1438 3208; x_wconf 91' lang='lat'>,</span> <span class='ocrx_word' id='word_1_836' title='bbox 1462 3169 1582 3202; x_wconf 77' lang='lat' dir='ltr'>rursum</span> <span class='ocrx_word' id='word_1_837' title='bbox 1604 3170 1688 3204; x_wconf 75' lang='lat' dir='ltr'>nobis</span> <span class='ocrx_word' id='word_1_838' title='bbox 1707 3179 1796 3206; x_wconf 80' lang='lat' dir='ltr'>etiam</span> <span class='ocrx_word' id='word_1_839' title='bbox 1814 3176 1917 3209; x_wconf 82' lang='lat' dir='ltr'>eadem</span> <span class='ocrx_word' id='word_1_840' title='bbox 1937 3175 2092 3217; x_wconf 79' lang='lat' dir='ltr'>legantur,</span> 
     </span>
     <span class='ocr_line' id='line_1_126' title="bbox 1218 3218 2093 3265; baseline 0.003 -12"><span class='ocrx_word' id='word_1_841' title='bbox 1218 3227 1251 3253; x_wconf 86' lang='lat' dir='ltr'>ut</span> <span class='ocrx_word' id='word_1_842' title='bbox 1262 3219 1494 3261; x_wconf 81' lang='lat' dir='ltr'>obtemperantes</span> <span class='ocrx_word' id='word_1_843' title='bbox 1496 3218 1626 3262; x_wconf 64' lang='lat' dir='ltr'>fhrmulf</span> <span class='ocrx_word' id='word_1_844' title='bbox 1642 3219 1812 3264; x_wconf 73' lang='lat' dir='ltr'>sant‘lrffimi</span> <span class='ocrx_word' id='word_1_845' title='bbox 1833 3227 1916 3265; x_wconf 68' lang='lat' dir='ltr'>Pape</span> <span class='ocrx_word' id='word_1_846' title='bbox 1933 3222 2066 3264; x_wconf 69' lang='lat' dir='ltr'>celestini</span> <span class='ocrx_word' id='word_1_847' title='bbox 2079 3246 2093 3265; x_wconf 81' lang='lat'>,</span> 
     </span>
     <span class='ocr_line' id='line_1_127' title="bbox 1217 3267 2092 3314; baseline 0.008 -12"><span class='ocrx_word' id='word_1_848' title='bbox 1217 3275 1268 3311; x_wconf 79' lang='lat' dir='ltr'>qui</span> <span class='ocrx_word' id='word_1_849' title='bbox 1284 3269 1362 3303; x_wconf 87' lang='lat' dir='ltr'>hanc</span> <span class='ocrx_word' id='word_1_850' title='bbox 1369 3279 1468 3301; x_wconf 83' lang='lat' dir='ltr'>curam</span> <span class='ocrx_word' id='word_1_851' title='bbox 1479 3267 1559 3301; x_wconf 69' lang='lat' dir='ltr'>nobis</span> <span class='ocrx_word' id='word_1_852' title='bbox 1571 3270 1707 3313; x_wconf 78' lang='lat' dir='ltr'>commlfit</span> <span class='ocrx_word' id='word_1_853' title='bbox 1716 3296 1728 3312; x_wconf 93' lang='lat'><em>‚</em></span> <span class='ocrx_word' id='word_1_854' title='bbox 1753 3273 1846 3314; x_wconf 72' lang='lat' dir='ltr'>vestre</span> <span class='ocrx_word' id='word_1_855' title='bbox 1867 3279 1958 3307; x_wconf 76' lang='lat' dir='ltr'>etlam</span> <span class='ocrx_word' id='word_1_856' title='bbox 1977 3275 1998 3307; x_wconf 87' lang='lat'><em>5</em></span> <span class='ocrx_word' id='word_1_857' title='bbox 1999 3272 2092 3309; x_wconf 66' lang='lat' dir='ltr'>anav-</span> 
     </span>
    </p>
   </div>
   <div class='ocr_carea' id='block_1_13' title="bbox 1218 3318 2093 3416">
    <p class='ocr_par' dir='ltr' id='par_1_17' title="bbox 1218 3318 2093 3416">
     <span class='ocr_line' id='line_1_128' title="bbox 1218 3318 2093 3369; baseline 0.009 -18"><span class='ocrx_word' id='word_1_858' title='bbox 1218 3325 1290 3352; x_wconf 77' lang='lat' dir='ltr'>tatis</span> <span class='ocrx_word' id='word_1_859' title='bbox 1295 3321 1412 3361; x_wconf 75' lang='lat' dir='ltr'>judicia</span> <span class='ocrx_word' id='word_1_860' title='bbox 1422 3318 1590 3361; x_wconf 83' lang='lat' dir='ltr'>confirmare</span> <span class='ocrx_word' id='word_1_861' title='bbox 1607 3321 1741 3362; x_wconf 75' lang='lat' dir='ltr'>pofflmus</span> <span class='ocrx_word' id='word_1_862' title='bbox 1754 3347 1761 3355; x_wconf 88' lang='lat'>.</span> <span class='ocrx_word' id='word_1_863' title='bbox 1789 3322 1891 3369; x_wconf 78' lang='lat' dir='ltr'>Qod</span> <span class='ocrx_word' id='word_1_864' title='bbox 1911 3322 2017 3367; x_wconf 83' lang='lat' dir='ltr'>ipsum</span> <span class='ocrx_word' id='word_1_865' title='bbox 2039 3334 2093 3368; x_wconf 83' lang='lat' dir='ltr'>pe·</span> 
     </span>
     <span class='ocr_line' id='line_1_129' title="bbox 1220 3367 2093 3416; baseline 0.005 -13"><span class='ocrx_word' id='word_1_866' title='bbox 1220 3371 1339 3403; x_wconf 88' lang='lat' dir='ltr'>tierunt</span> <span class='ocrx_word' id='word_1_867' title='bbox 1350 3367 1508 3411; x_wconf 69' lang='lat' dir='ltr'>projeetus</span> <span class='ocrx_word' id='word_1_868' title='bbox 1526 3368 1560 3403; x_wconf 74' lang='grc' dir='ltr'><strong>ἆ</strong></span> <span class='ocrx_word' id='word_1_869' title='bbox 1571 3368 1730 3404; x_wconf 88' lang='lat' dir='ltr'>Arcadius</span> <span class='ocrx_word' id='word_1_870' title='bbox 1742 3370 1913 3415; x_wconf 83' lang='lat' dir='ltr'>Episcopi,</span> <span class='ocrx_word' id='word_1_871' title='bbox 1941 3382 2037 3416; x_wconf 85' lang='lat' dir='ltr'>atque</span> <span class='ocrx_word' id='word_1_872' title='bbox 2048 3373 2093 3407; x_wconf 65' lang='lat' dir='ltr'>ita</span> 
     </span>
    </p>
   </div>
   <div class='ocr_carea' id='block_1_14' title="bbox 1220 3417 2095 3507">
    <p class='ocr_par' dir='ltr' id='par_1_18' title="bbox 1220 3417 2095 3507">
     <span class='ocr_line' id='line_1_130' title="bbox 1220 3417 2095 3467; baseline 0.005 -16"><span class='ocrx_word' id='word_1_873' title='bbox 1220 3420 1354 3463; x_wconf 85' lang='lat' dir='ltr'>primam</span> <span class='ocrx_word' id='word_1_874' title='bbox 1365 3417 1675 3464; x_wconf 68' lang='lat' dir='ltr'>Astionemintegre</span> <span class='ocrx_word' id='word_1_875' title='bbox 1695 3431 1732 3455; x_wconf 84' lang='lat' dir='ltr'>ac</span> <span class='ocrx_word' id='word_1_876' title='bbox 1742 3421 1914 3458; x_wconf 86' lang='lat' dir='ltr'>solenniter</span> <span class='ocrx_word' id='word_1_877' title='bbox 1934 3422 2016 3467; x_wconf 89' lang='lat' dir='ltr'>legit</span> <span class='ocrx_word' id='word_1_878' title='bbox 2037 3421 2095 3459; x_wconf 80' lang='lat' dir='ltr'>Pe-</span> 
     </span>
     <span class='ocr_line' id='line_1_131' title="bbox 1975 3482 2044 3507; baseline 0.014 -1"><span class='ocrx_word' id='word_1_879' title='bbox 1975 3482 2044 3507; x_wconf 78' lang='lat' dir='ltr'>trus</span> 
     </span>
    </p>
   </div>
  </div>
 </body>
</html>
