2340 3736
665 126 992 181 ScHOL115‚
1029 137 1091 166 ET
1127 133 1299 170 NOTIS
1335 134 1731 170 ILLUsTRATI.

90 198 238 243 ²L2·C-2»‘
271 222 328 247 tur
338 206 708 252 Nuptiarumconfiliorii.
738 207 781 239 Et
803 206 838 239 in
861 204 947 240 libro
958 205 1000 239 de
1024 202 1171 238 velandis

276 260 457 305 virginibus
470 260 586 301 spestat
608 253 650 291 ad
661 256 831 290 viduarum
841 256 988 291 officium
1000 280 1010 295 ,
1035 266 1073 289 ut
1088 253 1168 287 alios

95 335 120 357 c.
132 336 160 364 ς.

268 509 378 543 bondis
400 510 536 543 oneribus
549 507 640 551 otiosa
652 532 662 547 ‚
689 506 873 540 maritandis
883 504 1164 544 tamenjuniortbus

263 561 421 602 provida,
447 560 499 592 ubi
510 559 605 592 cultus
616 559 717 591 utilior
729 578 741 596 ,
765 554 817 588 ubi
832 553 957 596 fruffus
985 554 1100 587 uberior
1103 553 1144 595 fit
1155 578 1166 593 ‚

268 622 396 652 quarum
417 611 554 651 copulam
563 613 707 649 aptiorem
718 602 809 647 finili
829 610 989 647 gravitate
1011 603 1144 646 disponit
1156 628 1163 635 .

271 661 440 707 Qarrum
453 669 574 692 munus
583 654 715 690 adducit
726 654 814 688 idem
827 654 1060 689 Tertullianus
1080 654 1115 688 in
1128 653 1164 686 li-

270 708 332 744 bro
344 709 386 744 de
400 707 577 753 pudicitia:
606 708 806 739 Poenitentem
813 703 971 746 prosternis
987 711 1020 738 in
1030 706 1164 738 medium

85 748 163 785 <3³1³-
178 757 187 776 ³
195 756 220 782 3·
266 769 338 793 ante
360 761 471 794 viduas
498 759 533 791 <it
556 755 764 794 Presbyteros.
793 753 1000 789 Crediderim
1026 754 1069 789 ab
1095 754 1160 789 illis

118 814 122 817 '
266 808 440 843 mulierum
466 807 620 846 Fletum,
646 804 886 845 Audientiam‚
911 806 946 839 δε
966 804 1161 839 Substratio-

267 870 343 893 nem
353 858 446 891 fuisse
463 856 603 890 diretta.
648 856 703 889 De
728 855 927 890 Diaconiffis
949 855 1050 888 etiam
1070 854 1159 898 loqui

267 917 349 952 puto
359 907 512 941 Sanctum
537 906 786 950 Hieronymum
800 905 963 939 inlitteris
985 903 1027 937 ad
1049 905 1162 948 Nepo-

265 958 394 992 tianum
406 971 417 990 :
445 958 560 990 Multas
580 967 658 990 anus
671 961 765 988 nutrit
785 954 934 997 Ecclefia,
959 966 1028 997 quae
1055 956 1090 988 Θ·
1107 956 1162 996 offi-

262 1013 342 1041 cium
358 1007 540 1049 praebeant‚
578 1008 612 1041 s&
636 1006 806 1048 beneficium
839 1011 989 1047 accipiant
1021 1005 1162 1039 infirmis

263 1055 484 1092 ministrando
498 1081 506 1089 .
533 1056 670 1090 Easdem
691 1057 710 1090 a
726 1056 833 1089 viduis
847 1057 923 1089 viris
947 1056 982 1088 in
997 1052 1162 1099 Agapetas

267 1107 403 1142 familiae
417 1107 562 1141 restrices
571 1106 698 1140 adsumi
710 1103 818 1141 suadet
833 1106 866 1139 in
881 1105 965 1139 libro
978 1106 1019 1139 ad
1034 1105 1163 1139 castita-

267 1168 335 1191 tem
346 1156 572 1192 exhortatorio
585 1181 596 1197 ‚
614 1157 648 1190 &
659 1156 693 1189 in
705 1155 792 1190 libro
801 1156 843 1191 de
855 1155 1068 1201 monogamia
1079 1155 1162 1188 Ter·

80 1204 220 1252 {Hp-¹2·
270 1206 444 1241 tullianus.
471 1206 578 1240 Aliud
592 1204 699 1241 adhuc
709 1205 859 1240 officium
881 1204 1051 1240 adducunt
1073 1205 1163 1248 Apo-

85 1245 162 1280 ΨΡ·
175 1245 222 1271 ¹⁶·
266 1255 388 1290 stolicae
399 1256 685 1290 Constitutiones:
714 1259 851 1289 Evenirr
867 1254 941 1298 solet
952 1256 1108 1297 aliquando
1128 1261 1162 1288 in

87 1284 193 1317 L3·C·
206 1288 250 1315 ις’
267 1304 447 1349 quibusdam
460 1305 600 1339 domibus
612 1330 623 1345 ‚
649 1314 682 1338 ut
703 1317 760 1338 non
779 1307 863 1346 poffis
883 1313 1009 1347 propter
1029 1303 1160 1345 infideles

266 1361 387 1389 mittere
403 1359 568 1390 Diaconum
586 1357 630 1389 ad
654 1357 794 1389 mulieres
807 1380 819 1397 ,
844 1361 964 1389 mittere
985 1357 1055 1388 vero
1076 1357 1160 1397 peffs

90 1397 122 1429 L
138 1400 251 1427 ²·⁶¹²⁶'
264 1406 462 1451 Diacomffam
492 1414 617 1449 propter
650 1411 842 1450 cogitationes
859 1405 1058 1448 improborum
1070 1429 1077 1439 .
1117 1405 1160 1438 Et

262 1456 300 1491 in
319 1455 387 1491 alio
409 1454 514 1498 libro,
540 1457 592 1491 Aa
614 1459 780 1491 Diaconum
804 1465 858 1490 aut
879 1454 1058 1501 Episcopum
1078 1457 1162 1489 nulla

263 1506 368 1540 nudier
384 1505 450 1548 fine
478 1506 645 1550 Diacontffa
671 1509 800 1541 accedit.
827 1506 961 1541 Horum
987 1516 1160 1540 munerum

261 1557 367 1600 gratia
390 1556 593 1592 Diaconiffae
616 1556 797 1600 spectabant
817 1556 858 1590 ad
882 1556 1017 1590 Clerum
1030 1580 1041 1596 ,
1068 1555 1161 1589 habe-

262 1605 343 1640 bant
356 1606 474 1640 Sedem
493 1608 585 1640 suam
611 1607 645 1639 in
669 1606 818 1641 Ecclefiae
839 1616 1006 1642 conventu
1019 1629 1029 1644 ‚
1054 1606 1087 1640 &
1107 1605 1157 1640 be·

263 1654 670 1697 nediffionisacerdotali,
698 1668 768 1701 quae
793 1656 931 1690 dabatur
941 1656 1086 1700 populo,
1110 1667 1159 1689 ca-

261 1714 322 1748 put
348 1716 416 1739 non
453 1705 715 1745 submittebant,
743 1706 791 1740 uti
818 1706 910 1748 supra
936 1705 1158 1741 audivimusa

261 1755 366 1798 prima
391 1754 531 1795 Synodo
555 1754 777 1790 Arauficenfi.
808 1754 996 1799 Eademque
1018 1754 1156 1790 Ecclesia

260 1803 402 1838 habebat
414 1802 524 1847 plures
534 1804 764 1839 Diaconiffas:
793 1805 931 1839 Etenim
955 1805 1156 1848 Justinianus

259 1852 433 1899 Augustus
460 1854 495 1888 in
529 1865 648 1898 magna
676 1852 824 1890 'Ecclefia
846 1854 1155 1899 Constantinopoli-

258 1914 338 1938 tana
351 1903 512 1947 permittit
528 1905 589 1937 eme
601 1903 820 1950 quadraginta
832 1930 840 1938 .

311 1955 439 2003 Qarta
450 1954 585 1997 quaestio
596 1955 641 1990 est
656 1980 663 1987 .
690 1955 746 1989 An
774 1956 973 1991 Diaconiffae
983 1955 1154 1991 debuerint

259 2004 324 2039 effe
336 2003 442 2038 viduae
455 2005 472 2036 ,ἲ
499 2004 565 2038 Pro
579 2014 669 2048 parte
681 2006 871 2041 affirmativa
886 2007 965 2040 facit
977 2005 1154 2051 Apostolus

261 2064 317 2087 eas
338 2054 461 2096 semper
489 2064 546 2088 aut
567 2054 716 2090 mulieres
741 2065 798 2090 aut
824 2056 939 2090 viduas
963 2055 1153 2100 appellans,

264 2103 412 2147 solasque
422 2102 538 2137 diserte
552 2102 664 2137 viduas
674 2105 714 2138 ad
727 2096 815 2139 fiune
828 2105 977 2139 Ecclefiae
990 2105 1153 2141 honorem

262 2152 457 2188 admittens.
495 2153 540 2185 Et
561 2151 596 2186 in
624 2153 709 2187 libro
734 2155 776 2189 de
800 2154 1156 2200 velandis'virginibus

262 2201 492 2237 Tertullianus
502 2201 583 2236 dicit
595 2203 713 2237 debere
726 2206 789 2238 esse
801 2217 867 2238 non
883 2203 1012 2240 tantum
1023 2203 1136 2238 viduas
1145 2231 1154 2245 ,

261 2251 315 2287 sed
336 2252 371 2286 &
393 2261 510 2287 matres
524 2275 535 2291 ‚
560 2253 595 2287 &
617 2253 748 2296 quidem
769 2254 915 2288 filiorum
935 2253 1132 2289 educatrices
1145 2279 1155 2294 ,

262 2312 299 2337 ut
311 2302 435 2339 scilicet
446 2301 568 2337 strudae
579 2303 641 2336 sint
654 2305 808 2338 omnium
836 2305 1011 2338 affecmum
1033 2306 1158 2348 experi-

261 2352 397 2387 mentis.
424 2352 547 2387 Nescio
577 2364 674 2395 quem
699 2355 903 2389 Africanum
936 2355 1154 2399 Episcopum,

261 2402 319 2448 qui
332 2403 494 2447 virginem
518 2401 559 2437 ad
573 2403 746 2438 viduarum
765 2403 874 2439 sedem
887 2404 1042 2439 exaltarat
1053 2429 1064 2445 ,
1090 2417 1155 2439 car-

262 2453 312 2497 pit
330 2451 514 2497 gravissime
533 2453 567 2487 δε
579 2453 764 2488 concludit:
792 2456 873 2488 Adeo
888 2454 968 2488 nihil
987 2460 1102 2499 virgini
1113 2456 1156 2487 ad

263 2502 400 2537 honorem
410 2504 448 2536 de
460 2504 516 2535 loco
522 2504 693 2546 permissum
704 2503 742 2541 est
755 2528 762 2536 .

313 2552 510 2596 Respondeo
524 2563 667 2597 tempora
677 2551 906 2599 distinguenda
919 2580 926 2588 .
957 2556 1037 2590 Duo
1047 2555 1152 2599 priora

263 2602 410 2636 Ecclefiae
432 2601 545 2637 saecula
568 2602 718 2638 videntur
738 2605 778 2638 ad
803 2605 1029 2639 Diaconatum
1053 2605 1152 2639 admi·

263 2651 332 2685 fisse
354 2652 437 2686 solas
464 2651 577 2686 viduas
596 2652 640 2687 ob
665 2652 814 2688 addustas
842 2654 861 2687 εὶ
882 2654 1095 2689 Tertulliano
1107 2667 1152 2689 ra-

263 2703 370 2737 tiones
382 2726 390 2733 .
418 2699 466 2736 At
479 2702 555 2736 vero
569 2703 699 2737 tertium
711 2703 859 2738 saeculum
882 2705 1008 2739 admisit
1032 2706 1066 2739 &
1089 2706 1153 2739 vir-

266 2751 359 2796 gines
372 2777 378 2784 .
407 2751 540 2786 Etenim
553 2753 657 2796 quarti
670 2754 775 2788 saeculi
787 2756 913 2789 1)οᾶοῐ
929 2756 1062 2788 Samstus
1076 2755 1151 2799 Epi-

262 2801 533 2846 phaniusin-fidei
548 2804 753 2846 expositione
778 2805 848 2848 post
871 2814 1073 2839 enumeratas
1083 2817 1152 2839 om-

262 2863 320 2886 nes
332 2850 461 2885 haereses
471 2850 579 2886 addit:
607 2855 780 2898 Diaconiffae
797 2861 932 2889 univirae
950 2857 985 2890 <St
1004 2862 1149 2890 continen·

239 2898 246 2906 ’
261 2911 308 2935 tes
320 2901 372 2946 effe
383 2901 489 2935 debent
502 2904 553 2936 vel
555 2903 619 2944 post
638 2915 713 2937 unas
725 2911 847 2947 nuptias
869 2907 971 2939 viduae
981 2931 990 2947 ‚
1018 2908 1071 2940 vel
1082 2914 1150 2948 per-

258 2956 499 2996 petuaevlrgines
513 2975 520 2983 .
548 2952 590 2986 Et
600 2954 694 2987 edita:
705 2954 822 2989 eodem
845 2956 960 2989 saeculo
981 2955 1152 2990 Constitu-

87 2993 160 3030 C2P·
174 3002 216 3022 ¹²·
260 3003 369 3035 {iones
381 3002 579 3045 Apostolicae
593 3018 604 3037 .·
632 3005 798 3049 Diacomffa
810 3007 941 3050 eligatur
955 3013 1041 3051 virgo
1058 3009 1151 3048 pudi-

259 3063 295 3085 ca
310 3063 325 3100 ;ν
339 3051 386 3093 fin
408 3061 506 3085 autem
527 3064 583 3087 non
599 3053 698 3095 fuerit
722 3060 807 3101 virgo
821 3080 832 3097 ,
849 3055 889 3101 fit
902 3055 1014 3100 saltem
1033 3059 1127 3090 vidua
1140 3081 1151 3098 ‚

260 3112 330 3145 quae
340 3107 392 3134 uni
403 3100 554 3145 nupserit,
574 3104 612 3136 Z?
632 3103 731 3146 fidelis
751 3115 840 3148 atque
860 3106 1006 3140 honorata
1020 3104 1079 3148 fitss
1106 3107 1150 3141 Et

96 936 180 975 Epist.
191 948 218 968 2.

88 2347 165 2386 Cap.
176 2356 203 2383 9.

90 2879 188 2908 L.⁶.c.
202 2886 235 2912 ¹7

260 3162 375 3195 quarta
389 3152 542 3195 Synodus
554 3153 821 3199 Carthaginenfis
838 3156 1063 3191 Diaconiffam
1087 3158 1150 3191 effe

260 3202 396 3236 mandat
407 3202 538 3236 viduam
559 3213 614 3236 aut
639 3203 942 3248 sanctimonialem,
970 3207 1004 3241 id
1019 3207 1063 3241 est
1077 3231 1087 3246 ,
1108 3208 1149 3240 sa-

89 3258 224 3288 L.6.c.6.
259 3263 350 3286 cram
363 3252 547 3297 virginem.
575 3253 620 3286 Et
643 3253 677 3287 in
699 3254 770 3299 lege
791 3255 921 3290 nove‘lla
941 3257 983 3291 ad
1008 3255 1150 3301 Epipha-

257 3302 354 3336 nium
365 3300 588 3337 Patriarcham
608 3302 1020 3350 Constantinopolitanum
1040 3307 1149 3341 scribit

260 3352 460 3394 lastinianus
473 3352 644 3398 Augustus
659 3367 665 3386 :
683 3355 821 3389 Volumus
836 3357 1016 3399 Diaconiffas
1026 3357 1077 3400 effe
1081 3354 1146 3397 five

260 3411 299 3433 ex
310 3404 459 3436 viduitate
471 3428 482 3443 ,
501 3401 564 3445 five
575 3416 612 3437 ex
627 3409 801 3448 virginitate
816 3430 823 3438 .
850 3407 943 3439 Dum
957 3406 1073 3449 nempe
1087 3406 1146 3439 vir-

261 3459 307 3493 go
316 3454 414 3495 reperi
428 3452 539 3498 nequit
552 3478 563 3495 ‚
588 3453 714 3489 adsumi
729 3455 796 3490 vult
808 3455 924 3494 saltem
932 3455 1063 3494 viduam
1075 3455 1147 3490 uni-

270 310 382 352 confilio
403 312 436 345 (vr
453 306 559 351 solatio
570 309 704 349 juvent.
734 306 778 341 Et
798 304 864 340 huc
884 306 1012 350 respicit
1034 306 1168 340 Sanctus
1192 315 1205 330 f·

273 359 510 395 Ambrosiusin
526 357 610 392 libro
632 357 673 391 de
686 354 811 390 viduis.
837 357 940 390 Vidua
961 361 1095 389 emeritis
1119 364 1169 386 ve-

270 419 379 444 terana
392 408 555 451 stipendiis
567 407 713 448 castitatis
725 431 736 446 ,
759 406 946 449 etsiconiugil
971 417 1060 438 arma
1082 406 1169 445 depo-

271 469 350 501 nat,
374 460 478 493 domus
491 468 594 492 tamen
615 464 704 490 totius
710 465 814 501 pacem
819 456 995 499 gubernat:
1025 453 1096 496 Etfi
1115 465 1169 486 ve-

1983 137 2046 179 93

1233 199 1354 240 viram,
1381 198 1552 240 quomodo
1573 200 1751 242 Apostolus
1766 202 1962 244 Episcopum
1983 215 2020 236 ac
2042 203 2120 237 Dia-

1231 262 1353 285 conum
1373 248 1463 292 jubet
1496 249 1601 281 virum
1623 250 1718 284 unius
1741 253 1852 285 uxoris
1872 277 1879 283 .
1917 253 1960 286 Et
1982 252 2120 297 discipli·

1234 313 1273 335 na
1285 325 1296 341 ,
1323 310 1420 343 quam
1432 297 1657 332 Tertullianus
1669 311 1784 345 urget,
1807 301 1918 336 forsan
1941 303 2004 335 fuit
2018 304 2117 338 solius

1234 349 1376 385 Ecclesiae
1397 349 1578 384 Africanae.
1606 348 1660 382 Ut
1675 360 1709 382 ut
1720 350 1757 384 sit
1772 377 1782 391 ‚
1808 353 1927 385 saeculo
1939 353 2035 386 terrio
2056 366 2119 388 coe-

1231 410 1347 445 petunt
1358 399 1557 444 probatiores
1569 398 1587 431 ὲ
1599 399 1693 432 sacris
1706 401 1884 444 virginibus
1903 413 1961 436 aut
1973 402 2119 445 profeffis

1233 450 1339 485 viduis
1349 450 1390 484 ad
1403 450 1630 484 Diaconatum
1650 450 1736 490 quasi
1749 451 1789 483 ad
1799 453 1959 495 grandem
1975 452 2117 497 dignita-

1231 513 1295 535 tem
1313 501 1413 546 eligi,
1438 500 1473 535 &
1495 500 1549 533 vix
1568 499 1710 543 amplius
1730 501 1881 542 appellari
1906 503 2032 543 viduae,
2061 502 2115 537 sed

1230 551 1445 585 Diaconissae-
1475 548 1571 586 Certe
1584 560 1661 584 ante
1682 549 1856 584 Nicaenum
1871 552 2043 587 Canonem
2058 553 2113 586 vix

1227 601 1344 645 reperis
1357 600 1459 635 hocce
1471 611 1592 635 nomen
1604 624 1616 640 ,
1644 599 1702 633 nisi
1725 599 1867 643 superius
1888 602 2019 637 laudata
2043 603 2117 637 sub-

1228 652 1359 685 notatio
1370 652 1410 685 ad
1433 651 1617 695 Epistolam
1646 649 1798 692 Apostoli
1823 651 1863 683 ad
1889 650 2059 686 Romanos
2079 654 2135 687 fit,

1226 700 1286 735 illo
1308 701 1481 735 vetustior.
1510 701 1644 735 Etenim
1673 700 1783 734 Sancti
1806 699 1928 744 Ignatii
1959 702 2119 744 Martyris

1225 751 1265 786 ad
1285 749 1529 786 Antiochenses
1567 750 1714 793 Epistola
1736 749 1862 785 laborat
1886 762 1955 785 non
1988 753 2117 794 penitus

1228 813 1309 836 vana
1330 802 1515 846 suspicione
1535 802 1645 844 spuriae
1667 801 1920 843 suppositionis,
1945 801 2034 845 quod
2047 813 2118 835 eam

1226 853 1359 887 Sanctus
1395 852 1624 895 Hieronymus
1646 851 1681 884 in
1704 850 1878 895 catalogo,
1906 852 1940 884 in
1969 851 2118 886 Historia
2137 855 2287 891 Lac-36·

1225 901 1447 938 Ecclesiastica
1458 902 1634 940 Ruffinus,
1658 911 1697 935 ac
1708 901 1819 935 omnis
1829 902 2009 943 antiquitas
2022 902 2119 946 igno-

1225 962 1315 986 rent.
1341 953 1489 997 Magna,
1514 953 1650 995 inquam
1664 976 1674 991 ‚
1701 962 1780 985 tunc
1798 953 1861 985 effe
1883 953 1987 994 coepit
2009 951 2120 996 digni-

1225 1014 1273 1037 tas
1285 1002 1482 1037 Diaconiffie
1496 1027 1503 1034 .
1518 1002 1649 1037 Etenim
1666 1002 1902 1044 Olympiadem
1915 1000 2047 1036 viduam
2063 1013 2120 1035 no-

1225 1053 1408 1087 bilissimam
1420 1050 1584 1087 honorare
1607 1051 1722 1085 volens
1737 1051 1907 1086 Nestarius
1930 1052 2121 1086 Constanti-

1225 1102 1438 1146 nopolitanus
1456 1102 1634 1146 Episcopus
1658 1100 1824 1136 ordinavit
1846 1101 2057 1142 Diaconarn,
2084 1103 2119 1136 ὃς

1226 1152 1387 1187 Nicaretae
1408 1151 1545 1196 virginis
1564 1151 1779 1185 illustrissimae
1801 1152 1996 1186 modestiam
2030 1152 2120 1187 cotn-

1223 1202 1383 1237 mendans
1396 1203 1549 1235 Hermias
1569 1201 1780 1235 Zozomenus
1793 1201 1898 1241 dicit,
1924 1201 2014 1245 quod
2039 1213 2119 1237 nun-

1224 1263 1323 1296 quam
1352 1251 1503 1286 ambierit
1527 1251 1727 1286 Diaconiffie
1759 1251 1974 1296 dignitatem.
2010 1253 2054 1286 Et
2075 1251 2117 1285 ab

1225 1303 1328 1336 electo
1342 1302 1507 1346 Episcopo
1522 1301 1769 1343 relinquendam
1781 1313 1916 1335 uxorem
1931 1326 1941 1342 ,
1969 1313 2069 1344 quam
2080 1303 2116 1335 in

1224 1352 1424 1386 monasterio
1437 1352 1579 1395 profiteri
1590 1351 1680 1394 jubet
1693 1375 1702 1390 ,
1728 1362 1844 1385 ornare
1865 1349 1994 1385 studens
2007 1353 2113 1395 Syno-

1224 1403 1286 1437 dus
1304 1403 1467 1436 Trullana
1479 1400 1586 1447 addit.
1617 1403 1649 1434 Si
1661 1402 1754 1445 digna
1765 1399 1941 1444 visafuerit
1952 1425 1962 1441 ,
1989 1403 2032 1434 ad
2045 1406 2115 1434 Dia-

1222 1462 1346 1487 conatus
1355 1454 1532 1496 dignitatem
1540 1451 1732 1494 provehatur.
1746 1451 1792 1485 lta
1804 1453 1989 1495 provestam
2001 1449 2116 1485 Theo·
2133 1467 2167 1496 Q,
2175 1469 2223 1501 48·

1223 1503 1345 1537 sebiam
1358 1504 1464 1537 Sancti
1479 1502 1632 1547 Gregorii
1647 1502 1802 1546 Episcopi
1813 1502 1849 1536 N
1850 1502 1955 1545 yffeni
1977 1513 2116 1537 uxorem

1225 1553 1288 1594 jam
1309 1554 1397 1596 supra
1410 1552 1501 1586 dixi.

1275 1603 1404 1651 Qinta
1429 1601 1583 1643 quaestio,
1606 1614 1677 1646 quae
1697 1612 1770 1636 aetas
1789 1602 1892 1636 fuerit·
1912 1601 2058 1646 requisita
2079 1602 2116 1637 iu

1223 1652 1422 1689 Diaconiffis
1434 1654 1450 1685 ἓ
1471 1651 1671 1696 Respondeo
1684 1651 1724 1686 ab
1739 1652 1903 1696 Apostolo
1928 1653 2045 1694 requiri
2060 1664 2117 1686 an-

1222 1715 1286 1737 nos
1311 1703 1500 1748 sexaginta.
1529 1703 1621 1736 Solas
1640 1703 1728 1736 enim
1753 1701 1862 1736 viduas
1884 1701 1961 1737 huic
1985 1703 2114 1736 muneri

1222 1753 1371 1788 admotas
1383 1754 1489 1787 voluit
1499 1777 1510 1792 ,
1537 1752 1652 1794 jubens
1662 1753 1805 1796 juniores
1819 1752 1938 1786 nubere
1948 1754 1981 1786 ὃς
1995 1764 2113 1787 matres

1222 1803 1362 1838 familias
1373 1804 1442 1838 fieri
1454 1803 1500 1837 ob
1518 1803 1651 1837 lubricae
1663 1804 1764 1837 aetatis
1774 1814 1898 1837 metum
1908 1826 1919 1842 ,
1946 1804 1980 1836 in
1993 1803 2089 1837 vidua
2102 1827 2115 1842 ‚

1221 1854 1320 1898 quam
1333 1855 1367 1887 in
1390 1853 1519 1899 virgine
1543 1853 1719 1897 majorem.
1750 1854 1793 1888 Et
1813 1853 1892 1887 hinc
1915 1853 2113 1887 Africanum

1223 1904 1317 1938 illum
1338 1904 1538 1948 Episcopum
1561 1903 1701 1948 graviter
1732 1903 1962 1937 Tertullianus
1983 1904 2114 1947 arguit,

1211 1954 1310 1996 ‘quod
1321 1954 1463 1988 necdum
1486 1954 1609 1997 viginti
1631 1965 1793 1988 annorum
1819 1954 1980 1998 virginem
2001 1953 2041 1986 ad
2072 1954 2115 1987 se-

1219 2005 1297 2039 dem
1332 2003 1408 2038 solis
1435 2005 1603 2049 sexaginta
1628 2014 1792 2037 annorum
1819 2005 1944 2038 meritis
1967 2002 2114 2037 debitam

1219 2064 1333 2090 contra
1345 2054 1501 2098 Apostoli
1514 2055 1688 2087 Canonem
1702 2054 1867 2088 exaltasset
1879 2079 1886 2086 .
1917 2054 1986 2088 Lex
2001 2064 2112 2087 tamen

1221 2104 1419 2148 pedetentim
1433 2104 1465 2136 in
1479 2102 1732 2137 dissuetudinem
1746 2103 1849 2143 abiit,
1875 2103 1926 2136 uti
1943 2104 2047 2146 liquet
2070 2115 2113 2136 ex

1221 2155 1336 2188 litteris
1348 2153 1530 2188 Canonicis
1543 2153 1646 2186 Sanffi
1670 2152 1781 2186 Basilii
1801 2153 1843 2186 ad
1865 2154 2017 2187 Sansturn
2030 2152 2112 2186 Am-

1221 2203 1429 2247 philochium
1443 2228 1450 2235 .
1479 2203 1522 2236 Et
1532 2202 1697 2237 laudatam
1715 2202 1952 2246 Olympiadem
1966 2227 1976 2242 ‚
2003 2202 2020 2234 a
2045 2202 2113 2236 Ne-

1220 2255 1318 2287 &ario
1329 2253 1550 2287 consecratam
1561 2277 1571 2293 ‚
1593 2253 1745 2286 Hermias
1755 2252 1968 2287 Zozomenus
1977 2252 2112 2286 testatur

1217 2303 1310 2338 fuisse
1330 2302 1438 2337 adhuc
1460 2302 1641 2337 admodum
1662 2302 1834 2346 juvenem.
1863 2303 1975 2336 Etiam
1998 2313 2111 2344 quarta

1220 2352 1487 2397 carthaginensis
1499 2353 1568 2398 agit
1579 2355 1613 2388 δε
1636 2353 1748 2387 statuit
1758 2354 1799 2388 de
1810 2353 1917 2387 viduis
1929 2351 2111 2387 adolescen-

1218 2403 1378 2438 tioribus.
1406 2402 1531 2437 Verum
1549 2415 1614 2437 non
1633 2403 1829 2447 probavitid
1841 2403 1977 2437 Basilius
1990 2428 2000 2444 ‚
2022 2402 2111 2437 ideo·
2160 2419 2163 2423 ·

1216 2465 1280 2498 que
1311 2454 1422 2488 statuit
1444 2454 1481 2488 in
1506 2453 1646 2488 laudatis
1667 2453 1801 2488 litteris:
1829 2455 1926 2498 Viduo
1947 2452 2110 2497 sexaginta
2126 2461 2161 2490 c.
2180 2467 2245 2488 102:

1216 2516 1311 2537 annos
1336 2513 1429 2545 nata,
1449 2503 1480 2546 fi
1497 2505 1602 2537 rursus
1624 2515 1688 2536 cum
1710 2510 1781 2537 viro
1801 2504 1937 2537 babitare
1957 2506 2108 2543 voluerit,
2131 2509 2192 2537 103·

1216 2555 1284 2587 bom·
1304 2560 1502 2587 communione
1524 2566 1581 2587 non
1601 2554 1776 2597 dignabitur
1800 2578 1811 2594 ,
1837 2556 1925 2587 donec
1950 2554 1989 2585 ab
2011 2560 2107 2594 impu-

1215 2609 1318 2637 ritatis
1337 2605 1564 2645 perturbatione
1586 2604 1760 2646 ceffaverit3
1782 2601 1842 2645 sed
1851 2601 1883 2644 fi
1888 2611 1958 2636 ante
1967 2602 2108 2646 sexagin-

1216 2664 1249 2687 ta
1271 2666 1364 2686 annos
1387 2665 1453 2687 eam
1475 2661 1507 2686 in
1526 2665 1678 2687 numerum
1703 2654 1883 2687 retulerimus
1899 2677 1909 2693 ,
1938 2652 2032 2693 nostra
2044 2652 2081 2693 est
2097 2677 2109 2693 ,

1215 2716 1272 2738 non
1292 2704 1430 2737 mulieris
1452 2705 1556 2746 culpa.
1584 2703 1650 2746 Sub
1674 2703 1798 2738 laudati
1821 2703 1961 2737 Nediarii
1977 2703 2109 2745 Episco-

1216 2763 1292 2798 patu
1307 2754 1417 2788 evenit
1429 2755 1552 2788 foedum
1561 2753 1644 2788 illud
1658 2754 1853 2787 Diaconiffae
1865 2765 1940 2787 cum
1952 2753 2108 2787 Diacono

1215 2804 1402 2838 scandalum
1417 2830 1428 2846 ,
1456 2804 1622 2849 pergitque
1633 2806 1862 2838 Zozomenus.
1890 2806 1952 2835 Hac
1964 2804 2001 2836 de
2012 2801 2106 2846 causa
2126 2814 2277 2848 [4016.

1213 2853 1398 2897 Theodosium
1420 2859 1649 2896 Imperatorem,
1670 2855 1882 2896 providentem
1910 2852 2045 2894 Ecclefiae
2057 2852 2108 2886 bo·
2259 2847 2267 2855 ⁸

1214 2912 1278 2939 nori
1301 2907 1489 2949 &dignitati
1505 2930 1515 2946 ‚
1541 2907 1660 2946 conjicio
1684 2905 1792 2937 Edillo
1803 2903 1927 2947 cavzffe,
1959 2915 1995 2936 ne
2005 2904 2104 2937 mulle-

1215 2968 1264 2989 res
1279 2981 1289 2996 ,
1315 2954 1373 2997 nisi
1386 2955 1492 2989 liberos
1517 2954 1681 2995 haberent,
1710 2958 1744 2988 (ς’
1766 2965 1877 2987 annum
1896 2951 2105 2998 sexagessmum

1219 3007 1397 3050 exegiffi’nt‚
1426 3009 1576 3039 Divinum
1599 3004 1787 3045 ministerium
1807 3002 1988 3048 sufi‘iperem
2004 3003 2106 3047 secun·

1214 3058 1285 3089 ditm
1303 3055 1605 3099 Apostoliexpreffum
1629 3057 1840 3101 mandatum-A
1853 3055 1925 3089 Lex
1945 3054 2046 3088 exstat
2069 3054 2102 3086 in

2129 2190 2171 2220 Ca
2174 2198 2200 2228 p.
2212 2201 2255 2228 24.

1215 3106 1345 3140 Codice
1356 3105 1596 3140 Theodosiano
1609 3127 1619 3144 ‚
1645 3117 1716 3148 quae
1734 3115 1846 3140 tamen
1871 3118 1939 3140 non
1953 3105 2034 3137 solas
2058 3104 2105 3136 vi·
2124 3086 2214 3157 {2²⁶⁴
2232 3093 2276 3114 ω·

1211 3155 1291 3190 duas
1313 3156 1354 3189 ad
1375 3155 1574 3199 dignitatem
1595 3154 1682 3190 hanc
1707 3154 1875 3197 adnuerit,
1905 3155 1957 3188 sed
1979 3154 2105 3187 dumta-

1212 3205 1268 3238 xat
1284 3205 1408 3238 nullam
1420 3204 1551 3239 viduam
1563 3230 1573 3245 ,
1601 3206 1659 3239 nisi
1674 3216 1742 3250 quae
1754 3206 1860 3250 proles
1874 3204 1988 3238 habeat
2015 3204 2047 3237 ὅ(
2066 3203 2104 3237 fit

1217 3255 1381 3299 sexaginta
1402 3266 1584 3289 annorum.
1623 3256 1674 3290 Ex
1696 3267 1763 3298 quo
1791 3253 2005 3296 conjetturare
2028 3253 2104 3287 licet

1214 3306 1334 3348 lapsam
1350 3305 1573 3340 Diaconisram
1595 3306 1688 3340 fuisse
1700 3304 1826 3339 viduam
1847 3303 2007 3346 juniorem
2020 3329 2027 3336 .
2059 3304 2104 3337 Et

1216 3354 1301 3388 hanc
1311 3353 1416 3399 legem
1430 3356 1571 3390 omnino
1584 3356 1710 3398 respicit
1733 3355 1764 3388 &
1779 3355 1913 3398 corrigit
1927 3354 2033 3388 noster
2043 3354 2104 3387 Ca-

1217 3417 1308 3445 non,
1333 3404 1369 3438 in
1391 3405 1573 3440 ordinanda
1607 3405 1797 3440 Diaconissa
1829 3405 1996 3448 requirens
2018 3404 2102 3437 solos

1647 3455 1828 3490 Rationem
1860 3454 1915 3490 dat
1950 3453 2103 3496 Synodus

1212 3453 1439 3500 quadragintas
1471 3467 1576 3491 annos
1589 3482 1596 3490 .

1952 3503 2052 3538 Trul-
