2340 3736
101 481 260 520 Iam-19·

102 592 260 638 1-2'1443227·

102 1901 238 1936 A-1e99·

101 1980 131 2014 1..
144 1988 214 2015 ηε,
224 1988 257 2009 12

104 2325 175 2364 Cap.
195 2334 221 2357 2-

110 3047 171 3082 ιι.
185 3049 263 3083 οιςε.

338 130 444 176 ¹:280v

280 219 350 246 non
362 209 447 245 inter
458 208 712 255 Metropolitas,
737 209 789 245 sed
802 209 972 246 dumtaxat
986 212 1073 244 inter
1083 209 1163 243 Pro-

280 260 437 296 vinciales
459 261 649 305 Episcopos
662 261 779 295 nostrae
800 261 938 306 Synodo
961 259 1161 303 subscripsit.

279 311 326 347 Et
347 311 431 347 olim
452 309 522 355 ejus
546 321 639 346 verus
659 309 876 356 Metropolim
903 307 1080 345 Bostrenfi's
1103 319 1166 342 no.-
1189 350 1192 353 Δ

278 362 462 398 vemdecim
489 360 605 396 habuit
631 360 860 407 Suffraganeos
886 386 892 392 .
930 360 1066 394 Etenim
1091 357 1162 392 illic

278 413 381 448 etiam
404 413 439 446 in
461 411 552 455 pagis
572 410 666 453 fuisse
687 411 868 456 Episcopos
889 411 1025 444 testatur
1044 408 1163 444 diserte

278 463 433 499 Hermias
458 454 669 496 Zozomenus
691 486 699 495 .
725 461 865 496 Causam
887 459 987 495 edicit
1012 458 1162 493 Ammia-

276 525 341 548 nus
351 511 586 547 Marcellinus:
603 511 718 545 Arabia
735 510 839 552 castris
851 512 969 552 oppleta
981 509 1019 548 est
1037 510 1071 542 (vs
1081 510 1158 542 valr-

277 565 329 597 dis
339 562 485 603 castellis,
510 573 578 606 qua
589 562 634 595 ad
652 561 838 604 repellendos
845 565 981 605 gentium
991 565 1162 593 vicinarum

275 612 417 658 excursus
431 610 598 656 sollicitudo
609 613 744 656 pervigil
766 621 899 647 veterum
915 619 971 653 per
984 617 1158 653 opportunos

273 663 373 709 [altus
384 668 480 699 erexit
501 664 668 698 &cautam
697 665 770 694 Haec
781 663 892 704 quoque
903 667 1048 695 civitates
1068 659 1160 694 babet

275 722 359 749 inter
377 714 492 757 oppida
510 713 652 755 quadam
674 717 808 755 ingentes
832 725 840 744 :
868 710 1006 751 Bostram
1027 736 1038 752 ,
1065 714 1160 744 Gera-

273 763 367 809 sam,
388 771 480 807 atque
489 760 735 804 Philadelpbr‘am
748 786 755 793 .
783 761 903 796 Istisin
915 761 1047 806 oppidis
1067 761 1158 795 &ca-

276 815 349 850 stris
372 813 501 858 antiqui
526 811 638 849 Patres
662 811 767 846 nostri
794 811 976 856 Episcopos
1004 812 1156 856 posuere.

277 865 371 902 Nota
393 863 496 898 Petrae
515 886 528 903 ‚
551 862 646 907 eujus
666 872 778 897 tamen
806 862 988 906 Episcopus
1010 860 1159 895 Asterius

276 915 384 950 adfuit
404 912 583 949 Sardicensi
605 912 744 955 synodo
767 937 779 953 ,
807 913 932 946 nullam
953 911 1160 945 mentionem

277 966 349 1001 fieri
362 989 374 1006 ,
397 964 596 999 &Gerasam
618 973 698 997 tunc
711 961 805 996 fuisse
827 961 1000 996 secundam
1023 960 1162 996 Provin-

276 1017 335 1053 ciae
344 1014 512 1050 civitatem
524 1037 532 1044 .
560 1013 674 1061 Qare
685 1009 916 1056 Philadelphia
929 1024 999 1046 non
1014 1012 1073 1045 nisi
1088 1011 1160 1055 post

278 1064 452 1100 Ammiani
464 1073 608 1107 tempora
633 1062 696 1096 fuit
708 1061 849 1098 exaltata
861 1089 868 1095 .
897 1063 1084 1097 Exaltatam
1097 1073 1160 1097 cre-

275 1115 351 1151 doe
364 1113 560 1149 Theodosio
581 1112 736 1158 Augusto
759 1123 814 1158 per
838 1112 1018 1148 Provinciae
1028 1112 1160 1147 divisio-

276 1176 377 1206 nem,
403 1164 457 1201 sed
469 1174 567 1209 quam
585 1164 729 1200 Ecclesia
750 1163 860 1208 quoad
881 1164 949 1198 suas
963 1175 1011 1198 res
1031 1175 1073 1198 ex
1084 1174 1160 1198 cau-

275 1215 316 1250 sis
333 1226 404 1250 non
423 1216 546 1258 recepit
565 1237 578 1260 ¹.
604 1214 650 1249 Et
671 1212 753 1253 hinc
773 1214 908 1249 Sanctus
931 1214 1159 1257 Hieronymus

276 1266 359 1301 reste
374 1265 457 1301 dicit
468 1261 734 1308 Philadelphiam
754 1265 817 1299 esse
838 1264 1012 1299 secundam
1025 1264 1153 1299 Arabiae

275 1317 447 1351 civitatem
472 1315 542 1360 post
571 1315 707 1350 Boliam
727 1339 738 1355 ,
763 1316 817 1350 seu
851 1315 994 1350 secundae
1019 1339 1030 1355 ‚
1056 1314 1159 1348 felicis

276 1366 389 1411 passim
401 1366 493 1400 distae
504 1390 514 1406 ‚
531 1363 662 1399 Arabiae
671 1365 880 1409 metropolim
892 1380 903 1399 .·
931 1365 991 1408 Ast
1004 1365 1136 1399 civilem
1147 1389 1157 1405 ‚

276 1428 347 1452 non
369 1415 627 1450 Ecclesiasticam
648 1413 964 1451 administrationem
998 1415 1137 1459 respexit
1151 1439 1158 1446 .

276 1467 483 1501 Divifionem
504 1464 638 1500 tandem
663 1466 784 1508 recepit
806 1467 841 1500 &
863 1464 1003 1499 Ecclesia
1023 1487 1034 1504 ,
1060 1475 1159 1508 atque

274 1518 322 1551 ita
348 1514 638 1559 philadelphiensis
659 1515 838 1558 Episcopus
870 1526 911 1549 ex
933 1514 1096 1550 nominali
1124 1515 1158 1548 in

275 1577 389 1601 verum
402 1577 478 1600 cum
489 1565 645 1609 potestate
659 1565 913 1608 Metropolitam
929 1566 1077 1608 profecit.
1094 1563 1147 1599 Ac

274 1616 364 1652 ceffit
392 1616 533 1651 &tertia
545 1614 656 1659 quoad
667 1616 814 1660 utrasque
835 1626 884 1650 res
899 1614 1021 1651 Arabia
1034 1641 1045 1657 ,
1071 1616 1089 1648 ὲ
1102 1615 1158 1651 Pe·

274 1678 324 1703 tra
347 1666 529 1710 Metropoli
549 1664 632 1702 dista
645 1666 785 1708 Petraea,
812 1663 911 1711 quarn
932 1664 1074 1702 omnino
1085 1666 1157 1701 fuis-

275 1719 307 1755 se
318 1718 447 1753 tertiam
471 1715 628 1751 Arabiam
638 1716 843 1752 Christianus
867 1717 1100 1753 Adrichomius
1123 1720 1156 1754 in

274 1768 499 1811 descriptione
510 1776 598 1801 terrae
611 1768 723 1802 sanctae
735 1768 878 1803 ostendit
892 1794 899 1801 .
929 1770 969 1803 Ei
982 1771 1075 1804 fuisse
1087 1770 1159 1804 uni-

272 1830 352 1853 cum
375 1819 645 1863 Suffraganeum,
674 1817 913 1853 monachorum
939 1820 1159 1865 Episcopum,

274 1869 425 1907 adfirmat
443 1868 478 1902 &
500 1867 678 1902 Matthaeus
698 1869 905 1903 Parifiensis.
933 1870 1046 1918 Qiare
1068 1870 1161 1913 Jaco-=

276 1918 336 1954 bus
346 1918 388 1954 de
398 1919 552 1954 Vitriaco
563 1942 574 1958 ,
600 1918 690 1961 ajens
702 1920 766 1953 esse
788 1919 961 1956 secundam
973 1921 1131 1955 Arabiam
1145 1946 1159 1961 ,-

275 1970 372 2015 poffit
394 1967 494 2003 videri
514 1968 618 2012 lapsus
638 1992 646 2000 .
686 1968 795 2003 Aliter
817 1969 851 2003 in
883 1981 980 2022 opere
1002 1971 1045 2005 de
1069 1970 1156 2005 bello

275 2022 372 2055 sacro
395 2017 597 2053 Guilielmus
625 2017 922 2066 Archi-Episcopus
944 2021 1126 2063 Tyriorum
1146 2033 1156 2064 ;

275 2067 601 2113 philadelphiensem
623 2068 678 2102 seu
692 2067 830 2103 felicem
856 2069 1014 2104 Arabiam
1035 2069 1157 2104 dividit

267 2122 308 2155 .in
334 2120 415 2155 duas
437 2118 675 2153 Ecclesiasticas
707 2117 900 2153 Provincias
918 2143 929 2160 ‚
957 2120 1055 2163 priori
1076 2121 1160 2155 dans

272 2170 453 2206 duodecim
466 2168 695 2214 Suffraganeos
705 2191 717 2208 ,
741 2168 872 2212 ejusque
892 2171 1099 2214 metropolim
1110 2171 1159 2218 dj-

274 2233 353 2256 cens
364 2223 428 2255 effe
451 2216 606 2256 Rabbath
619 2217 842 2254 Moabitarum
854 2243 865 2260 ,
891 2231 991 2263 quam
1002 2221 1061 2254 suo
1083 2231 1161 2255 tem-

273 2283 354 2316 pore
365 2280 517 2306 vocatam
538 2269 631 2303 fuisse
644 2268 840 2312 Areopolim
863 2269 974 2304 scribit
991 2271 1026 2304 in
1051 2272 1157 2305 Sanc'ti

270 2321 452 2365 Sophoniae
462 2318 709 2355 commentariis
719 2318 895 2362 Presbyter
905 2321 1135 2364 Hieronymus
1151 2324 1159 2353 .’

273 2371 471 2407 Posterioris
492 2369 705 2413 metropolim
719 2368 802 2404 dicit
823 2370 886 2404 esse
897 2370 1064 2406 Becerram
1078 2396 1089 2412 ,
1116 2371 1159 2422 ei-

274 2433 339 2466 que
352 2421 461 2455 subdit
482 2419 617 2464 triginta
636 2419 780 2462 quinque
794 2420 1024 2466 Suffraganeos
1038 2446 1050 2462 ,
1075 2433 1158 2465 quos

274 2474 363 2507 inter
388 2471 434 2506 est
460 2471 496 2505 δε
520 2466 809 2511 philadelphiensis
834 2494 841 2501 .
869 2470 917 2504 At
944 2471 1023 2505 vero
1050 2471 1156 2512 Crac,

274 2524 430 2563 Caraca,
457 2521 512 2556 seu
536 2519 639 2554 Petrae
659 2519 860 2563 Episcopum
874 2544 884 2560 ,
910 2520 958 2554 uti
980 2520 1157 2565 &Episco-

274 2584 354 2617 pum
379 2570 643 2614 pharanitanum
665 2593 676 2610 ‚
704 2570 798 2613 ponit
826 2571 909 2605 inter
932 2571 1159 2616 Suffiaganeos

275 2621 469 2658 Patriarchae
480 2619 777 2664 Hierosolymitani
790 2646 797 2653 .
825 2620 874 2654 Ita
883 2619 1027 2656 ostendit
1047 2632 1087 2655 ex
1098 2633 1155 2655 an-

275 2675 366 2719 tiqua
377 2672 444 2716 jam-
454 2671 582 2707 laudata
594 2670 841 2705 provinciarum
852 2682 889 2705 ac
901 2671 1157 2716 Episcopatuurn

275 2725 395 2759 notitia
419 2749 426 2756 .
452 2722 562 2768 Qare
581 2720 705 2756 Arabia
726 2722 849 2757 variam
869 2723 1087 2757 mutationem
1110 2723 1159 2756 su-

276 2773 337 2809 biit
346 2800 356 2816 ,
384 2772 476 2816 cujus
487 2774 649 2807 auctorem
662 2796 672 2811 ,
692 2772 895 2806 occasionem
907 2797 917 2812 ,
927 2782 1054 2816 tempus
1064 2773 1159 2817 igno·-

275 2836 314 2858 ro
327 2824 425 2859 „Sed
446 2823 548 2860 &ista
562 2822 681 2856 notitia
694 2821 739 2855 est
763 2833 840 2856 cum
851 2822 976 2864 judicio
1001 2823 1158 2868 legenda:

276 2873 418 2908 Planum
434 2874 480 2908 est
506 2885 574 2907 non
584 2871 648 2907 esse
671 2871 934 2906 vetustissimam.
961 2873 1159 2908 Rusticanos

277 2935 317 2957 ac
337 2925 490 2968 pagenses
502 2921 632 2958 Arabiae
642 2922 821 2965 Episcopos
832 2921 1019 2957 exstinxisse
1039 2924 1158 2967 poffint

277 2974 410 3007 FJandri
422 2974 523 3007 nostri
536 2999 547 3014 ‚
574 2982 661 3007 terrae
674 2973 786 3006 sanstae
802 2972 1011 3011 liberatores,
1036 2973 1078 3006 de
1089 2973 1158 3016 qui-

278 3022 339 3057 bus
351 3024 489 3066 Iacobus
499 3023 540 3057 de
553 3023 705 3058 vitriaco
717 3035 727 3064 ;
753 3023 858 3055 Multa
872 3024 949 3056 aiiae
960 3028 1103 3056 civitates
1126 3029 1159 3055 in

278 3083 362 3108 terra
380 3074 569 3116 promissionis
581 3078 598 3114 ‚'
617 3084 684 3116 quae
704 3073 770 3106 licet
789 3081 862 3106 ante
880 3081 1015 3115 tempora
1036 3075 1159 3106 Latino·

277 3135 345 3159 rum
351 3127 485 3166 proprios
502 3122 644 3156 haberent
653 3121 818 3166 Episcopus
829 3125 1012 3161 syrianorum
1031 3123 1065 3156 (τί
1077 3126 1158 3156 Grae-

276 3186 374 3209 corum
388 3198 399 3214 ‚
427 3176 534 3208 Latini
553 3181 653 3206 tamen
661 3181 783 3215 propter
803 3174 1025 3206 multitudinem
1044 3174 1160 3215 &pau-

275 3233 426 3266 pertatem
448 3232 566 3262 eomm,
591 3233 628 3255 ne
639 3223 770 3264 dignitas
784 3225 974 3264 Epilcopalt‘s
995 3224 1160 3266 vilipende-

276 3283 379 3312 remr‚
403 3274 508 3319 plures
528 3269 667 3313 Ecclefias
686 3271 868 3306 cathedrales
890 3273 924 3305 ὢ·
943 3278 1084 3307 civitates
1109 3278 1161 3306 um·

276 3322 456 3356 Cathedraeli
478 3321 665 3365 subjecerunt
686 3345 693 3352 .
723 3321 773 3358 lta
799 3322 833 3355 &
854 3323 947 3357 tertia
971 3322 1093 3358 Arabia
1119 3323 1160 3358 ad

277 3383 383 3414 unum
393 3372 638 3416 Suffiaganeum
646 3370 790 3406 decrevit
800 3394 808 3403 .

330 3423 385 3456 De
407 3419 522 3454 harum
533 3421 782 3455 provinciarum
806 3430 862 3464 per
873 3421 1062 3465 Juvenalem
1075 3424 1163 3458 inva-

275 3473 370 3512 sione
395 3469 761 3506 scribithheodoretus
798 3472 879 3515 Cyri
908 3472 1088 3518 Episcopus
1120 3475 1160 3510 ad

792 126 1429 172 *instruxerit

1229 206 1429 242 Anatolium
1451 208 1632 256 Patricium
1657 225 1669 248 r
1696 217 1790 259 ,Quod
1807 215 1839 259 fi
1850 216 2006 260 proptera?
2031 215 2247 260 finds-{1397}

1222 266 1361 302 guantur
1383 261 1516 293 mmmm
1528 283 1540 301 >
1565 265 1646 304 911θᾶ
1664 265 1816 300 Pboem'ces
1839 267 2033 310 Ecclefiarum
2050 273 2123 300 rui-¹

1229 312 1301 341 nani
1311 310 1444 353 lugemus
1456 333 1467 349 ‚
1491 308 1567 354 ftiat
1579 314 1757 356 Magnitudo
1772 316 1870 358 vestra
1894 330 1952 352 non
1956 318 2035 362 posse
2058 324 2121 351 nos·-

1227 370 1285 391 non
1297 360 1394 393 dolere
1402 382 1413 398 ‚
1442 370 1508 393 cum
1521 360 1689 402 Judaeoeum
1697 375 1785 398 cornu
1801 372 1834 399 in
1845 369 1944 402 altum
1956 369 2084 403 ereci'um
2095 393 2106 408 ‚
2137 388 2140 391 ν

1227 408 1410 450 christianos
1434 416 1466 442 in
1488 410 1622 449 lacrymls
1643 413 1779 456 luHuque
1795 423 1942 452 cernemus
1963 444 1974 460 ,
2000 418 2116 461 etiamst

1226 461 1272 493 ad
1279 461 1403 493 ultlmas
1415 471 1483 493 oras
1493 459 1706 505 transmittant
1719 488 1726 495 .
1753 464 1798 498 Et
1811 465 1847 497 in
1859 466 1980 508 litteris,
1993 470 2033 504 ad
2047 470 2113 503 Eu-

1226 510 1388 546 trechium
1411 509 1599 546 Praefectum
1613 526 1624 546 .·
1651 517 1689 546 In
1697 513 1779 547 luc‘lu
1800 514 1959 558 versantur
1977 519 2112 562 Ecclefiae
2135 525 2220 567 Epist.
2238 529 2282 557 80.

1228 559 1383 594 Pboenlees
1393 585 1404 602 ,
1422 566 1598 604 pariterque
1608 568 1640 595 in
1650 563 1732 598 ludu
1749 576 1817 607 quae
1827 569 1860 598 in
1874 566 2109 612 Palestinasunt.

1227 610 1270 643 Et
1294 609 1397 644 infra:
1427 614 1512 644 Licet
1532 614 1626 646 decies·
1648 616 1755 648 millies
1776 616 1971 658 indignentur
1991 641 2004 658 ,
2029 621 2108 661 quod

1226 659 1377 693 Pboem'ces
1397 660 1512 693 damna
1522 663 1613 706 defleo
1624 688 1635 704 ,
1660 665 1699 697 id
1707 676 1757 709 ego
1768 664 1872 706 facere
1881 678 1940 700 non
1961 666 2091 710 definam
2103 693 2114 709 ,

1225 711 1366 753 quamdiu
1377 709 1440 744 haec
1451 713 1539 746 video
1550 738 1557 745 .
1584 713 1662 747 Mrbr
1672 722 1751 748 em‘m
1757 715 1956 756 formidabile
1970 716 2063 761 solum
2075 717 2121 758 est·

1227 764 1376 794 Divinum
1388 762 1569 806 judicium.
1596 765 1725 809 Scriptae
1748 766 1820 800 sunt
1840 765 2013 803 haelitterae
2041 768 2116 812 post

1228 810 1427 855 Ephefinum
1447 811 1681 855 latrocinium,
1708 816 1741 849 in
1763 826 1828 859 quo
1850 817 2012 860 Juvenalis
2034 819 2121 862 rapi-v

1229 873 1268 894 na
1279 862 1343 895 fuit
1368 862 1558 898 confirmata
1572 888 1582 904 ,
1610 874 1707 908 atque
1728 866 1773 900 ita
1795 868 1883 901 sacra
1905 867 2111 912 Pragmatica

1227 911 1378 946 videntur
1397 912 1586 948 latrocinale
1597 915 1773 950 Decretum
1798 917 1972 952 dumtaxat
1995 920 2114 953 confir-

1228 963 1324 996 masse
1346 986 1353 994 .
1381 961 1550 998 Dolebant
1570 963 1665 1007 porro
1689 965 1855 1000 Phaenices
1880 968 1915 1002 ὃς
1935 968 2113 1003 Palaestinae

1228 1011 1376 1046 Ecclefiae
1388 1037 1400 1054 ,
1426 1013 1515 1058 quod
1536 1025 1649 1049 contra
1661 1015 1873 1059 Apostolices
1896 1028 1993 1060 atque
2005 1019 2112 1054 Nicae-

1227 1073 1287 1096 nos
1296 1062 1453 1097 Canones
1475 1063 1602 1099 nollent
1612 1065 1632 1099 a
1645 1066 1757 1101 nativo
1768 1066 1977 1102 Antiocheni
2000 1070 2035 1102 in
2049 1080 2113 1103 am-

1228 1112 1381 1148 bitiosum
1410 1112 1567 1149 AEliensis
1593 1115 1746 1159 Episcopi
1769 1116 2032 1153 Patriarchatum
2055 1121 2115 1163 ‚seuv

1228 1162 1335 1205 potius
1359 1164 1546 1199 servitutem
1568 1167 1731 1200 transferri
1754 1192 1762 1199 .
1789 1166 1968 1202 Ecclesiam
1992 1168 2115 1204 Antio-

1226 1212 1365 1247 chenam
1378 1214 1425 1248 uti
1439 1226 1615 1259 germanus
1626 1216 1713 1251 silius
1723 1215 1848 1261 adjuvit
1857 1217 2091 1260 Theodoretus
2103 1242 2115 1259 ,

1230 1263 1343 1299 verum
1352 1264 1413 1299 fuit
1434 1264 1534 1307 jussus
1544 1266 1634 1300 silere
1655 1270 1704 1300 uti
1717 1268 1806 1310 apud
1817 1265 1981 1312 Ephesum
1993 1269 2116 1314 degraw

1227 1313 1319 1348 datus
1341 1312 1465 1354 homo,
1492 1316 1551 1349 nisi
1575 1317 1671 1351 vellet
1681 1318 1784 1351 Oasin
1807 1318 1987 1361 deportari.
2016 1320 2111 1355 Hinc

1227 1364 1307 1403 dicit
1318 1362 1464 1408 Judaeos,
1491 1365 1525 1400 id
1536 1365 1582 1400 est
1595 1390 1606 1407 ,
1633 1366 1805 1401 latrocinii
1822 1367 1978 1412 Ephesmi
2005 1370 2113 1413 sequa-

1227 1425 1278 1448 ces
1291 1413 1471 1458 Episcopos
1487 1416 1549 1450 esse
1561 1416 1595 1450 in
1608 1416 1716 1452 laetitia
1727 1440 1738 1457 ,
1763 1419 1797 1451 in
1811 1418 1897 1453 lustu
1915 1419 2113 1463 &lacrymis

1228 1463 1445 1499 Christianos.
1472 1465 1554 1500 Erat
1565 1477 1759 1510 peromnem
1775 1467 1966 1504 Antiochia:
1976 1468 2114 1504 Patriarss

1227 1513 1361 1550 chatum
1373 1515 1554 1550 miseranda
1574 1527 1680 1551 rerum
1692 1518 1810 1552 faciesz
1839 1519 1922 1554 Eam
1932 1530 2113 1564 utcumque

1229 1564 1384 1603 solaturus
1402 1563 1572 1606 Maximus
1581 1564 1766 1602 Patriarcha
1788 1568 1864 1602 iniit
1875 1581 1950 1607 cum
1963 1571 2112 1613 Juvenali

1226 1615 1294 1660 jam
1305 1623 1522 1653 memoratum
1542 1617 1692 1661 pactum,
1715 1616 1883 1661 asynodo
1904 1620 2012 1654 nostra
2033 1631 2114 1655 con-

1227 1666 1423 1705 firmandum
1437 1694 1446 1703 .

1277 1720 1441 1763 Iuvenalis
1460 1718 1713 1757 fundamentum
1735 1720 1828 1757 fuisse
1846 1719 1993 1762 videtur,
2019 1719 2111 1765 quod

1227 1772 1296 1813 post
1309 1771 1466 1805 Arabiam
1489 1771 1524 1805 ἅτ
1536 1769 1744 1807 Phoeniciam
1765 1783 1821 1814 per
1833 1771 2018 1807 Adrianum
2040 1774 2113 1806 Au-·

1226 1820 1356 1865 gustum
1367 1820 1384 1854 ὲ
1397 1821 1491 1864 Syria
1510 1820 1628 1855 divisas
1638 1821 1823 1856 Antiochia
1832 1823 1992 1856 mansisset
2013 1818 2111 1864 hujus

1227 1870 1326 1904 solius
1348 1870 1445 1904 civile
1465 1880 1587 1914 caput,
1612 1870 1712 1914 idque
1732 1869 1767 1904 in
1779 1882 1911 1913 poenarn
1931 1871 2110 1916 frequentis

1228 1921 1260 1954 in
1293 1919 1481 1964 Augustum
1507 1919 1694 1964 Principem
1724 1918 1830 1954 deusti
1851 1946 1860 1954 .
1890 1921 1973 1955 Eam
1995 1922 2109 1963 enim,

1227 1969 1315 2014 quod
1335 1971 1439 2005 multa
1461 1974 1521 2013 pro
1534 1969 1661 2005 Avidio
1673 1970 1783 2005 Caffio
1791 1979 1936 2013 tyranno
1956 1972 2110 2012 dixisset,

1227 2031 1288 2055 nec
1312 2019 1422 2055 videre
1448 2020 1555 2054 voluit
1574 2044 1585 2061 ,
1615 2020 1743 2063 Syriam
1766 2020 1922 2055 transiens
1940 2043 1952 2059 ,
1977 2021 2110 2055 Marcus

1229 2069 1425 2105 Antoninus
1436 2067 1659 2113 Philosophus
1670 2070 1849 2113 lmperator
1858 2094 1870 2111 ,
1895 2070 2034 2114 privavit
2046 2071 2114 2113 spe·

1226 2119 1355 2155 &anilis
1366 2145 1377 2161 ‚
1402 2119 1621 2155 conventibus
1633 2119 1774 2163 publicis
1783 2144 1795 2161 ‚
1805 2120 1898 2154 omni
1906 2121 2114 2156 concionum

1226 2181 1364 2214 genere,
1389 2170 1641 2215 gravissimoque
1658 2169 1762 2214 preffit
1775 2168 1892 2204 Edicto
1907 2195 1918 2212 ‚
1941 2171 1990 2205 uti
2004 2172 2126 2205 videre.

1227 2222 1272 2255 est
1299 2220 1385 2265 apud
1407 2220 1530 2265 Julium
1552 2220 1780 2263 Capitolinum
1801 2246 1808 2253 .
1837 2220 1907 2254 Cur
1926 2220 2112 2264 spectaculis

1228 2271 1383 2314 privarit,
1407 2270 1506 2305 edicit
1529 2270 1565 2308 in
1588 2269 1679 2304 libris
1690 2270 1732 2304 de
1755 2269 1843 2305 bello
1853 2269 1981 2305 Persico
1993 2270 2113 2305 Proco-

1228 2322 1300 2364 pius
1321 2320 1550 2354 Caesareensis:
1579 2319 1755 2354 Antiocheno
1770 2322 1876 2363 populo
1901 2322 1990 2354 aliud
2011 2320 2092 2354 nibil
2102 2344 2114 2361 ,

1227 2381 1316 2414 quam
1330 2369 1412 2412 ‚festa
1436 2373 1469 2404 (9³
1492 2371 1624 2410 delicta,
1650 2369 1724 2413 sunt
1745 2381 1846 2410 curae,
1870 2371 1904 2403 &
1923 2376 1955 2403 ln
1967 2370 2111 2404 Theatris
2128 2357 2262 2396 C²P’²5‘

1226 2425 1366 2455 continua
1377 2427 1524 2454 contentio
1539 2443 1547 2452 .
1575 2421 1619 2453 Et
1640 2421 1681 2452 de
1695 2419 1811 2453 Severo
1823 2418 1978 2463 Augusto
1999 2420 2111 2455 scribit

1229 2470 1341 2506 AElius
1352 2469 1537 2513 Spartianus
1547 2482 1557 2502 .·
1572 2467 1801 2510 Antiochensibus
1813 2474 1919 2503 iratior
1923 2469 1989 2512 fuit
2001 2495 2011 2510 ,
2029 2472 2111 2513 quod

1227 2522 1262 2555 6·
1272 2518 1529 2560 administrantem
1538 2517 1740 2562 [emoriente
1753 2517 1883 2562 riserant
1893 2544 1903 2559 ,
1931 2521 1966 2554 ό·
1975 2518 2110 2554 Pescen-

1230 2572 1322 2604 nium
1346 2574 1482 2614 Nigrum
1508 2579 1686 2612 tyrannum
1713 2574 1807 2602 etiam
1833 2569 1914 2603 viHu
1932 2572 2105 2611 Juverant.

1228 2624 1362 2663 Denique
1385 2621 1480 2653 multa
1505 2624 1551 2653 ets
1579 2620 1694 2652 ademit
1715 2645 1722 2651 .
1751 2617 1994 2654 Antiochenses
2018 2621 2110 2663 enirn

1227 2672 1319 2705 fuisse
1340 2680 1454 2704 natura
1466 2667 1612 2711 dicaces,
1640 2669 1760 2704 &cum
1773 2669 1910 2703 irrisoria
1928 2668 2111 2705 urbanitate

1226 2721 1324 2756 etiam
1340 2721 1375 2755 in
1389 2719 1578 2763 Principem
1599 2719 1855 2754 contumeliosos
1877 2719 2037 2755 testantur
2046 2721 2111 2754 Zo·
2202 2759 2207 2764 ⁴

1227 2783 1342 2815 zymus
1353 2795 1364 2811 ‚
1390 2772 1537 2805 Socrates
1549 2795 1560 2811 ,
1586 2767 1846 2813 achicephorus
1857 2770 2024 2805 Calixtus.
2053 2770 2112 2805 Est
2129 2759 2161 2789 L·
2175 2767 2204 2795 ⁴·

1228 2820 1328 2856 hocce
1350 2821 1432 2855 vitio
1440 2820 1540 2855 etiam
1561 2821 1596 2855 in
1611 2818 1796 2864 Theodosii
1806 2819 1924 2864 Magni
1938 2821 2111 2866 vectigales
2129 2801 2282 2871 {il-2¹25}

1227 2872 1314 2917 leges
1337 2869 1524 2905 involarunt
1539 2894 1551 2910 ,
1577 2869 1750 2914 scribitque
1761 2870 1804 2904 de
1825 2870 1883 2904 ist'a
1892 2882 1926 2905 re
1949 2871 1983 2906 in
1999 2871 2110 2905 Eccle-
2131 2879 2269 2916 [abc-¹9·

1229 2922 1351 2955 fiastica
1363 2919 1497 2954 historia
1508 2919 1763 2955 Theodoretus:
1791 2924 1958 2963 Imperator.
1968 2926 2111 2965 graviter

1227 2981 1383 3005 commotus
1394 2975 1493 3003 omnia
1508 2971 1669 3014 privilegia
1678 2970 1744 3004 urbi
1767 2971 1812 3003 elli
1821 2972 1936 3004 ademit
1948 2996 1959 3011 ,
1984 2973 2110 3013 &prin-

1226 3027 1359 3064 cipatum
1371 3021 1558 3062 Laodtcaeae,
1586 3026 1695 3054 vicinae
1704 3021 1987 3062 cr'mtati,tribuit-v
2008 3023 2110 3065 ,Quip-

1223 3081 1263 3113 pe
1282 3071 1362 3112 istud
1381 3069 1572 3104 Antiocheno:
1591 3072 1745 3115 aegerrt'me*
1763 3072 1878 3105 laturas
1900 3070 2102 3111 existima&-

1228 3127 1316 3154 Nam
1337 3119 1537 3163 Laodicenses
1558 3120 1597 3153 ab
1620 3126 1756 3165 antiquis
1770 3123 1843 3162 jam
1863 3120 2042 3164 temporibur
2051 3119 2107 3151 ad-

1226 3172 1349 3206 versum
1362 3170 1553 3206 antiochenos
1563 3176 1662 3214 gravi
1671 3171 1793 3205 invidia
1804 3170 1979 3215 exarserant
1988 3193 1996 3201 .
2022 3168 2105 3202 Haec

1226 3219 1504 3256 Antiochensium
1526 3221 1642 3256 denua
1654 3246 1665 3262 ‚
1691 3221 1811 3265 quibus
1823 3217 2106 3257 Domni'Patriar-

1226 3269 1295 3306 chae
1305 3283 1360 3315 per
1377 3269 1577 3314 Ephesinum
1597 3270 1809 3306 latrocinium
1827 3267 1991 3314 degradati
2010 3268 2106 3311 perti-

1227 3334 1292 3356 nax
1314 3323 1350 3356 in
1372 3321 1478 3355 Sanffi
1507 3320 1630 3364 Cyrilli
1654 3321 1796 3365 capitula
1817 3317 1929 3353 odium
1954 3317 2081 3366 accessit
2095 3342 2106 3358 ‚

1226 3372 1378 3407 videntur
1389 3371 1483 3406 fuisse
1502 3372 1642 3414 primum
1655 3368 1817 3415 Juvenalis
1835 3366 2103 3402 fundamentum.
2176 3401 2183 3407 ⁴

1227 3421 1275 3456 At
1285 3422 1441 3456 frivolum
1453 3447 1461 3454 .
1489 3421 1625 3456 Etenim
1632 3420 1672 3455 de
1682 3418 1790 3454 Severi
1801 3417 1942 3461 Augusti
1951 3418 2023 3462 lege
2034 3418 2107 3451 seri-

1227 3472 1276 3507 bit
1300 3472 1415 3507 AElius
1439 3472 1628 3515 Spartianus
1650 3482 1657 3504 :
1684 3467 1886 3504 Antoninus
1899 3467 2106 3510 Caracallus,

2005 3519 2058 3555 Se-
