2340 3736
114 1667 182 1704 Ast.
202 1675 246 1702 16.

339 147 432 177 112

302 221 605 258 &consecrationes
627 219 695 264 regi
718 218 827 255 statuit
847 218 1182 261 Constantinopolita-

304 283 364 306 nus
376 273 493 306 Canon
509 297 520 312 ‚
545 282 577 306 at
600 271 678 305 vero
689 271 800 305 omnia
814 271 936 304 sursum
959 268 1108 304 deorsum
1128 278 1182 300 vo·

302 323 409 357 lutans
432 320 607 356 Anatolius
626 319 731 364 quoad
764 321 915 355 omnium
946 319 1183 362 Episcoporum

305 373 598 408 consecrationem
610 372 793 416 impetravit
805 369 972 405 transcribi
983 370 1018 403 in
1042 369 1129 402 suam
1142 368 1185 402 se-

303 422 395 458 dern.
424 422 580 457 Attamen
591 434 660 457 non
670 433 807 461 omnes,
832 420 885 455 sed
906 419 987 453 solas
1007 419 1107 453 tribus
1131 429 1185 452 au-

303 472 483 517 tocephalis
493 471 697 508 Dioecefibus
707 471 847 506 adnexas
860 494 872 510 ,
896 468 939 504 de
958 468 1071 513 quibus
1092 470 1186 512 Joan·

305 535 363 558 nes
381 523 540 557 Zonaras.
576 527 693 557 Earum
716 532 825 565 quoque
846 518 1008 563 Dioeceseon
1029 516 1185 561 Episcopos

305 575 388 613 illos,
423 579 473 616 qui
494 575 578 616 apud
605 572 746 606 barbaras
768 576 899 604 nationes
918 571 1049 614 degunt,
1083 568 1186 611 quales

304 626 396 658 Alani
411 622 613 667 sunt&Ruffi
622 646 632 662 ‚
656 625 700 656 illi
718 622 834 664 quidem
848 623 977 653 Pontieae
988 618 1109 661 Dtoecest
1117 644 1127 660 ‚
1154 618 1185 651 hi

306 676 376 709 verb
387 674 536 708 Thracica·
546 673 681 715 adiundi'i
692 697 701 712 ,
727 674 747 704 ἃ
759 669 1079 712 Constantinopolitano
1103 672 1187 702 Prae-

298 723 361 772 sule
379 729 546 758 renunciari
573 723 754 766 permtffum.
788 719 925 755 Persidis
949 720 1090 755 Ecclesia
1117 718 1188 753 An-

302 773 482 815 tiocheno,
510 771 808 817 AEthiopicajuxta
822 770 961 815 priorem
982 768 1183 805 consuetudi-

304 836 380 860 nem
394 825 438 858 est
450 821 679 858 Alexandrino
688 818 880 856 Patriarchae
892 821 1000 855 relista
1011 846 1018 853 .

350 873 451 908 Reite
462 872 537 908 vero
557 871 598 908 de
608 870 833 908 consecrandis
853 870 894 906 ab
916 871 1079 915 Episcopo
1099 868 1188 903 Con-

301 924 597 969 stantinopolitano
613 922 845 966 Metropolitis
871 919 1020 965 adjungit
1042 919 1187 954 Canon:

301 978 347 1010 De
372 987 448 1009 more
466 974 562 1016 fabiis
583 972 802 1006 Elec'iionibus.
829 968 1072 1005 Interdicuntur
1085 980 1188 1014 ‚quas

300 1025 367 1060 huc
381 1026 481 1068 usque
493 1023 648 1068 Episcopi
661 1020 1024 1064 Constantinopolitani
1037 1021 1184 1064 frequen-

298 1086 349 1110 ter
367 1073 648 1118 praesumpserant,
688 1070 1067 1116 Archi-Episcopatuum
1094 1071 1187 1104 reser'-

296 1125 449 1158 vationes
469 1135 506 1157 ac
518 1123 715 1166 provisiones
729 1146 741 1163 ,
767 1121 817 1156 uti
828 1122 928 1156 etiam
939 1121 1076 1156 advertit
1097 1132 1135 1155 ac
1146 1122 1188 1154 fa-

297 1183 385 1208 tetur
416 1174 557 1217 Joannes
578 1173 738 1207 Zonaras:
765 1177 818 1206 Ne
836 1174 857 1204 ἃ
883 1175 1030 1211 Divinis,
1056 1170 1162 1214 inquit
1177 1195 1187 1211 ,

299 1223 442 1259 Patribus
456 1250 466 1264 ‚
491 1235 558 1269 quae
579 1224 621 1256 ad
641 1223 891 1264 Metropolitarum
903 1228 1077 1255 creationem
1092 1227 1184 1263 perti>

298 1282 390 1317 nent,
415 1272 557 1317 universa
585 1271 902 1314 constantinopolitani
933 1271 1100 1305 audomari
1125 1282 1187 1304 con-

294 1324 365 1369 ceffa
383 1332 546 1367 putentur.
574 1322 653 1357 Erat
663 1322 780 1370 durum
791 1322 926 1356 fraenum
939 1346 951 1363 ,
975 1319 1063 1366 quod
1088 1321 1187 1356 etiam

295 1374 431 1420 Joannis
441 1374 642 1408 Ravennatis
655 1372 924 1416 Archi-Episcopi
949 1372 985 1406 in
1008 1371 1186 1415 Episcopos

297 1425 513 1459 AEmilienses
553 1420 852 1467 praesumptionibus
896 1423 1054 1466 imposuit
1102 1421 1185 1465 apud

296 1473 505 1510 Anastafium
535 1472 829 1509 Bibliothecarium
871 1472 1033 1507 Nicolaus
1067 1471 1186 1515 primus

295 1524 477 1559 Pontifex:
505 1526 681 1562 sancimus,
708 1531 742 1555 ut
769 1520 930 1564 Episcopos
947 1530 1004 1564 per
1023 1520 1188 1555 AEmiliam

295 1586 356 1609 non
380 1572 520 1618 consecres
532 1598 543 1614 ,
569 1572 625 1615 nist
626 1571 689 1615 post
710 1571 891 1605 eleliionem.
921 1571 1052 1605 Elestos
1072 1580 1183 1606 tamen

293 1624 530 1669 Metropolitas
552 1631 679 1666 poterat
702 1621 1094 1665 Constantinopolitanus
1115 1633 1186 1657 evo·

295 1686 370 1710 care
392 1673 433 1709 ad
456 1684 570 1708 manus
582 1673 651 1707 suas
663 1696 675 1713 ,
699 1682 755 1706 aut
773 1672 1016 1705 consecraturus
1036 1671 1187 1707 accedere

297 1736 415 1760 eorum
444 1725 616 1765 civitam,
642 1723 692 1759 uti
729 1721 952 1756 Gloriosrffimi
974 1720 1098 1766 judices
1123 1723 1184 1757 fue·

297 1785 376 1813 sunt
390 1774 610 1818 interpretati.

349 1826 511 1860 Odiavum
525 1823 675 1858 Canonis
689 1821 809 1858 vitium
832 1823 876 1858 est
896 1822 1064 1859 infirmum
1081 1835 1119 1859 ac
1137 1834 1185 1868 pe-

298 1875 390 1911 nitus
417 1875 542 1910 nullum
568 1883 666 1909 tantae
702 1875 735 1908 in
775 1873 1030 1908 Ecclefiasticam
1057 1875 1187 1910 Hierat-

298 1925 411 1961 chiam
433 1923 625 1960 inducendae
644 1924 799 1958 novitatis
820 1923 1070 1958 fundamentum
1083 1950 1090 1957 .
1119 1923 1187 1958 Au-

298 1976 428 2011 diamus
454 1973 535 2009 illud
555 1973 596 2007 ab
623 1974 688 2017 ipsa
709 1972 846 2016 Synodo
879 1974 915 2008 in
942 1973 1120 2009 Relatione
1146 1973 1187 2008 ad

300 2026 453 2061 Leonem
483 2024 679 2059 Pontificem
693 2049 700 2055 .
737 2024 925 2062 Indicamus,
960 2029 1033 2067 quia
1065 2026 1100 2058 (9·
1125 2025 1187 2057 alia

295 2077 436 2119 quaedam
461 2084 519 2118 pro
551 2085 650 2108 rerum
670 2071 802 2116 ipsarum
825 2075 970 2107 ordinata
1003 2078 1097 2116 quiete
1111 2100 1121 2116 ,
1152 2076 1188 2109 ὑ

294 2134 416 2171 propter
436 2123 693 2166 Ecelefiasticorum
717 2122 895 2163 statutorum
917 2122 1106 2164 definivimus
1139 2122 1188 2163 fir-

296 2182 450 2217 mitatem,
473 2173 596 2218 scientes
608 2179 680 2216 quia
700 2173 734 2206 (δ’
754 2171 850 2212 vestra
862 2173 1012 2216 Scint‘litas
1027 2172 1184 2218 addisbens

293 2228 332 2261 ό*
348 2226 510 2268 probatura
532 2222 786 2265 &confirmatura
796 2222 835 2263 est
845 2225 950 2257 eadem
970 2248 978 2256 .
1006 2227 1088 2257 Eam
1099 2236 1187 2258 nam-

296 2287 354 2319 que
377 2274 632 2318 consuetudinem,
659 2284 725 2315 quae
737 2274 868 2316 exlongo
884 2275 954 2315 jam
975 2283 1100 2316 tempore
1118 2284 1188 2317 per-

295 2324 425 2369 mansit,
452 2336 541 2368 quam
551 2323 656 2357 habult
676 2322 1060 2365 constantinopolitanorum
1075 2323 1185 2368 sam‘la

298 2379 357 2409 Dei
379 2375 504 2417 Ecclefia
525 2375 569 2407 ad
577 2373 776 2407 ordinandum
798 2375 1000 2415 Metropolitas
1022 2382 1087 2406 tam
1110 2374 1188 2418 Asia·

299 2438 348 2460 nae
359 2450 370 2466 ,
397 2437 485 2468 quam
497 2428 628 2458 Ponticae
651 2425 686 2457 ὃ·
698 2422 848 2456 Thracicae
876 2425 1105 2457 Provinciarum
1119 2449 1130 2466 ‚
1154 2426 1188 2458 e·

299 2487 375 2509 nunc
403 2473 538 2519 sinodali
569 2475 681 2507 decreto
700 2472 918 2515 firmavimus,
942 2485 1000 2507 non
1028 2484 1094 2507 tam
1120 2473 1188 2517 sedi

297 2525 629 2568 Constantinopolitanae
650 2524 767 2566 aliquid
784 2523 963 2565 praestantes
975 2549 986 2565 ‚
1010 2534 1099 2566 quam
1122 2528 1186 2558 Me-

300 2578 488 2618 tropolitanis
511 2574 631 2608 urbibus
653 2579 780 2617 quietem
801 2585 955 2617 congruam
969 2575 1163 2616 providentes
1175 2599 1185 2614 ,

300 2629 332 2660 eo
354 2628 434 2669 quod
442 2625 616 2668 frequenter
637 2622 792 2667 Epist-opis
813 2621 1093 2666 vitamfinientibus
1116 2624 1187 2657 mul-

300 2684 341 2710 tae
353 2677 448 2710 turbae
479 2674 635 2719 naftunrur
648 2699 659 2715 ,
685 2675 809 2708 clericis
831 2676 866 2709 Θ
892 2675 1012 2717 populis
1025 2698 1036 2714 ‚
1061 2679 1113 2716 qui
1132 2682 1188 2717 per

301 2725 496 2770 easdemsunt
505 2731 649 2759 civitates
667 2749 678 2765 ,
702 2722 808 2767 absque
821 2724 941 2758 Reblore
950 2722 1184 2763 remanentibus,

299 2777 336 2808 (vt
348 2775 570 2818 Ecclefiasticum
581 2775 723 2808 Ordinem
732 2774 976 2816 confundentibus
990 2787 997 2806 ε
1027 2774 1120 2818 ,Quod
1132 2785 1183 2808 nec

299 2825 429 2864 vestram
449 2828 539 2860 latuit
558 2824 775 2864 Sandlitatem,
803 2826 934 2858 maxime
951 2832 1075 2867 propter
1085 2822 1187 2866 Ephe-

294 2873 373 2915 fios,
400 2877 477 2909 und?
495 2877 617 2918 quidam
634 2873 749 2918 saepius
775 2874 859 2907 vobis
872 2874 1168 2916 importunifuerunt
1181 2899 1188 2907 .

301 2925 553 2966 Confirmavimus
564 2933 662 2958 autem
687 2925 722 2958 (⁹⁶
742 2933 858 2957 centum
874 2930 1100 2968 quinquaginta
1116 2922 1190 2966 san-

301 2973 412 3006 li'orum
443 2978 566 3008 Parrum
600 2975 766 3018 Regulam,
789 2980 842 3016 qui
874 2979 906 3006 in
936 2974 1187 3016 Constantinopoli

300 3031 468 3067 congregati
488 3024 615 3068 suntsub
625 3031 687 3067 piae
710 3030 856 3057 memoriae
877 3022 1027 3065 Theodofio
1058 3025 1184 3065 majore,

302 3084 371 3116 quae
384 3080 526 3115 praecepit
545 3075 607 3117 post
629 3074 757 3116 vestram
777 3072 985 3118 sancffiffimam
1010 3075 1045 3107 Θ
1077 3073 1188 3116 Aposto-

823 130 1110 176 CANONes
1156 131 1723 179 Crxntennonensrzs

1301 216 1455 252 Unicum
1480 228 1590 255 autern
1608 219 1759 256 adversus
1780 230 1843 256 tres
1874 223 2032 259 Primates
2054 227 2125 260 fun-

1249 266 1440 301 damentum
1460 269 1524 303 fuit
1543 281 1675 305 centum
1695 271 1762 306 fere
1783 284 1947 308 annorum
1957 277 2134 310 consuetu·

1249 316 1315 359 do,
1341 328 1403 360 qua
1414 328 1495 351 mox
1511 317 1624 353 &dista
1637 320 2004 368 Constantinopolitana
2026 326 2132 370 syno-

1248 366 1292 402 do
1312 376 1479 412 coeperunt
1504 369 1657 413 Episcopi
1681 371 2042 419 Constantinopolitani
2066 387 2134 411 me-

1249 428 1392 452 moratas
1402 416 1626 454 ordinationes
1649 419 1802 457 invadere
1811 424 1993 467 violenter,
2018 424 2053 458 &
2078 425 2134 460 ad-

1247 467 1354 503 versus
1366 479 1464 512 quam
1487 469 1729 509 Reverendiffimi
1740 471 1836 513 Afiani
1846 474 1986 518 Epiftopi
1995 474 2112 518 prostra
2121 494 2133 501 -

1249 522 1274 551 ti
1296 527 1369 553 ante
1394 517 1531 562 sanblam
1563 520 1704 558 synodum
1741 522 1889 564 Patr-um,
1915 526 1986 568 post
2014 525 2132 567 ejestos

1251 568 1436 604 Baffianum
1462 570 1495 604 &
1521 568 1724 615 Stephanum
1749 570 1791 605 de
1816 570 1998 609 primatiali
2012 574 2135 610 Cathe-

1249 616 1306 653 dra
1325 619 1585 660 contendentes,
1623 620 1791 654 dixerunt:
1825 619 2003 665 Miseremini
2025 625 2131 667 nostri.
2150 642 2205 676 A&
2235 645 2267 674 14

1250 673 1316 701 Nos
1339 668 1539 712 supplicamus
1556 669 1660 714 sanilo
1676 672 1803 703 Concilio
1817 695 1828 712 ‚
1854 680 1889 705 ut
1913 670 2130 718 misereaturfi-
2207 666 2214 673 ⁶
2271 666 2279 674 ⁸

1248 721 1351 752 liorum
1371 719 1549 761 nostrorum,
1587 732 1623 755 ne
1632 718 1719 763 forte³
1735 729 1859 764 propter
1879 733 1931 755 nos
1957 724 1992 758 (5·
2012 731 2135 767 propter

1245 777 1364 812 peccata
1382 769 1478 810 nostra
1496 775 1659 804 moriantur
1671 795 1683 811 ,
1718 780 1754 805 ut
1776 771 1859 805 nobi:
1890 774 2046 807 clementia
2071 786 2135 808 con-

1249 821 1390 854 donetur.
1419 824 1507 853 Nam
1521 818 1552 862 fi
1571 821 1705 862 Bafflano
1727 820 1908 866 succefforem
1929 822 2055 867 suadeat
2081 825 2136 857 ali·-

1249 876 1315 913 quis
1342 870 1387 903 hic
1413 872 1573 911 ordinari,
1598 871 1632 905 δ’
1647 869 1707 913 filii
1729 871 1816 912 nostri
1837 879 2023 915 moriuntur,
2051 874 2135 910 &ci-

1248 926 1332 954 vitas
1358 921 1492 963 deperit.
1534 920 1578 955 Et
1602 919 1775 964 synodum
1798 922 1992 967 rogantibus
2013 924 2138 968 glorio·

1249 969 1369 1005 fiffimis
1390 970 1551 1014 judicibus
1564 995 1575 1010 ,
1600 970 1652 1004 ubi
1677 972 1796 1005 ‘volunt'
1807 976 1942 1008 canones
1955 973 2138 1018 Epifinpum

1249 1019 1407 1064 Ephefinae
1429 1020 1614 1065 fizndiffimae
1640 1020 1777 1063 Ecclefiae
1800 1023 1958 1063 ordinari,
1992 1025 2137 1068 reposue-

1250 1082 1284 1106 re
1303 1071 1424 1106 laudati
1446 1071 1618 1116 Episcopi:
1647 1075 1685 1104 In
1708 1074 1891 1106 Provincia.
1918 1073 1997 1108 Hoc
2008 1074 2077 1116 est,
2101 1075 2136 1108 in

1250 1123 1378 1166 propria
1398 1121 1471 1156 sede
1496 1122 1514 1155 a
1540 1122 1671 1166 propria
1698 1120 1863 1165 Synodo,
1887 1122 2065 1166 quomodo
2091 1124 2139 1168 ju-

1249 1171 1303 1206 bet
1330 1171 1582 1216 lex&dignitas
1594 1170 1862 1216 Autocephaliae.
1890 1171 2031 1208 Addidit
2053 1173 2141 1208 Dio·

1247 1233 1346 1266 genes
1361 1221 1576 1265 Metropolita
1589 1222 1776 1265 Cyzicenus
1788 1247 1795 1254 .
1821 1221 2009 1265 Consuetudo
2019 1222 2071 1256 boc
2087 1223 2140 1257 ha·

1249 1274 1298 1306 bet
1310 1297 1317 1304 .
1343 1274 1374 1305 5i
1385 1271 1491 1314 fallas
1503 1272 1608 1316 fuisset
1627 1274 1648 1304 ἃ
1671 1271 1992 1315 Constantinopolitano
2013 1273 2136 1317 Episco-

1245 1330 1284 1365 po
1297 1347 1308 1363 ,
1333 1333 1390 1355 non
1410 1321 1576 1356 babuerunt
1595 1321 1657 1355 baec
1669 1328 1736 1366 agi.
1762 1322 1809 1355 Ibi
1831 1329 1911 1356 enim
1936 1322 2138 1368 salgamarios

1247 1373 1409 1414 ordinant,
1434 1374 1469 1407 Θ
1499 1374 1659 1415 propterea*
1679 1371 1785 1416 everfio
1804 1371 1845 1414 fit
1858 1397 1865 1404 .
1905 1373 1950 1407 Et
1977 1373 2141 1408 Leontius

1252 1423 1430 1467 Episcopus
1455 1422 1705 1468 Magnefianus.
1735 1426 1758 1454 Α
1791 1422 1895 1455 §anolo
1919 1423 2068 1458 Timotheo
2093 1422 2140 1468 us-

1252 1485 1306 1516 que
1333 1484 1408 1507 nunc
1432 1478 1547 1518 viginti
1566 1471 1680 1516 septem
1705 1470 1845 1516 Episcopi
1858 1472 1940 1515 fatqi
1961 1471 2036 1516 sunt
2049 1497 2060 1513 ,
2081 1484 2143 1508 om·-

1250 1533 1304 1557 nes
1327 1529 1359 1556 in
1385 1521 1502 1567 Epheso
1526 1521 1599 1568 sunt
1619 1523 1769 1556 ordinati.
1795 1524 1878 1556 Solus
1891 1521 2018 1564 Bafilius
2030 1524 2141 1557 Mem-

1249 1574 1346 1607 nonis
1369 1574 1524 1608 successor
1546 1573 1692 1607 violenter
1713 1572 1762 1605 hic
1784 1572 2077 1618 Constantinopoli
2082 1572 2139 1614 fa*-

1247 1621 1310 1656 θαι
1327 1622 1391 1665 est,
1417 1625 1452 1658 Θ
1474 1624 1577 1657 multae
1597 1623 1694 1656 caedes
1717 1621 1785 1654 hinc
1807 1631 1883 1656 ortae
1901 1622 1988 1666 sunt.
2030 1622 2141 1666 Popua·

1248 1673 1297 1707 lus
1309 1671 1389 1718 ergo
1401 1671 1579 1718 Ephefinus
1591 1671 1740 1706 Ecclefiae
1751 1673 1815 1705 suae
1836 1671 2034 1717 dignitatem
2056 1671 2143 1707 zela·

1247 1722 1302 1758 bat
1323 1723 1556 1764 fervidiffime,
1581 1720 1722 1764 ideoque
1755 1720 1929 1757 adversum
1957 1722 2138 1767 Episcopos

1248 1772 1568 1817 Constantinopoli,
1593 1781 1652 1807 aut
1671 1772 1741 1806 alio
1763 1772 1882 1816 quovis
1904 1773 1982 1806 loco
2004 1772 2045 1806 ab
2059 1771 2143 1815 Epi:

1247 1824 1347 1867 scopo
1382 1821 1757 1866 Constantinopolitano
1782 1818 1990 1856 consecratos
2016 1821 2136 1856 tumul·

1247 1872 1398 1908 tuabatur
1417 1873 1517 1916 usque
1542 1870 1584 1906 ad
1613 1870 1755 1905 civitatis
1776 1871 1972 1906 eversionem
1986 1896 1996 1912 ‚
2022 1871 2136 1906 dicens

1246 1934 1305 1958 eos
1331 1922 1396 1957 effe
1430 1920 1670 1967 Salgarnarios,
1696 1920 1731 1955 id
1764 1920 1834 1962 est,
1869 1921 1951 1956 viles
1979 1921 2134 1965 Episcopi

1247 1971 1609 2017 Constantinopolitani
1630 1970 1834 2012 adulatores,
1861 1969 2001 2015 ideoque
2025 1969 2135 2005 adver-

1246 2022 1299 2057 sus
1335 2021 1532 2057 Anatolium
1567 2022 1603 2055 in
1628 2020 1768 2065 synodo
1792 2018 2055 2056 Chalcedonenfi
2082 2032 2134 2064 pa-

1247 2082 1374 2107 rantem
1409 2071 1554 2117 Ephesiis
1587 2070 1739 2106 ordinare
1775 2071 1957 2105 clamavere
1983 2069 2136 2114 prostrati

1246 2124 1282 2158 in
1305 2132 1422 2158 terram
1446 2122 1601 2167 Episcopi
1631 2120 1790 2155 Asiatici:
1817 2118 2002 2164 Miseremini
2026 2118 2133 2160 noflri.

1245 2172 1413 2223 roirca
1436 2171 1503 2206 haee
1525 2169 1691 2215 synodalis
1724 2169 1766 2204 ad
1790 2170 1944 2205 Sancium
1983 2170 2135 2206 Leonem

1246 2223 1443 2258 Pontificem
1467 2221 1655 2256 Relationis
1684 2219 1782 2254 verba
1802 2244 1814 2260 ‚
1850 2219 1987 2253 Maxime
2005 2226 2135 2261 propter

1247 2272 1407 2317 Ephesios,
1430 2273 1511 2306 unde?
1528 2272 1652 2314 quidam
1668 2269 1752 2303 vobit
1767 2268 1880 2312 saepiur
1894 2275 2055 2312 importuni
2060 2269 2130 2310 fice-

1245 2333 1340 2362 runt,
1363 2322 1538 2357 continent
1560 2321 1778 2355 calumniam:
1805 2320 1926 2364 Neque
1936 2319 2028 2353 enim
2039 2320 2137 2355 causa

1245 2373 1435 2412 electionis,
1461 2370 1516 2407 sed
1530 2373 1629 2417 >causa
1649 2370 1715 2413 jam
1738 2369 1830 2403 distae
1851 2380 1908 2414 per
1935 2369 2137 2412 Episcopum

1246 2420 1658 2464 Constantinopolitanurn
1686 2418 1862 2453 invasionis
1892 2417 2049 2461 Ephesius
2075 2430 2135 2463 po·

1248 2473 1342 2517 pulus
1362 2470 1638 2509 tumultuabatur,
1664 2468 1699 2502 δε
1725 2468 1785 2513 pro
1810 2467 1962 2503 Ecclefiae
1983 2469 2042 2502 sua:
2072 2469 2136 2512 pri-

1246 2523 1368 2567 vilegio
1389 2520 1587 2565 provocabat
1608 2519 1650 2554 ad
1672 2518 1843 2553 custodem
1863 2517 2043 2552 Canonum
2067 2518 2135 2553 Ec-

1245 2573 1372 2607 clefiam
1392 2571 1598 2605 Romanam.
1626 2568 1773 2603 Similem
1795 2567 1944 2603 adversus
1952 2566 2134 2603 ordinatior

1247 2634 1304 2657 nes
1322 2619 1709 2663 Constantinopolitanas
1730 2617 1893 2663 querelam
1904 2617 2054 2661 deposuit
2067 2618 2134 2653 Ειι

1248 2672 1352 2707 sebius
1376 2671 1515 2714 Ancyrae
1527 2668 1763 2712 Metropolita.
1791 2665 1958 2716 Qacirca
1981 2666 2130 2702 haecom·

1250 2723 1298 2757 nis
1319 2720 1524 2757 consuetudo
1545 2720 1756 2758 eratinvasa,
1782 2717 2061 2762 praevaricatoria,
2075 2727 2134 2762 per

1249 2772 1442 2807 violentiam
1466 2768 1791 2815 Ecclefiisimpofita‚
1817 2766 2130 2803 turbarum&scan-

1248 2822 1398 2857 dalorum
1418 2820 1605 2854 suscitativa
1619 2846 1626 2853 .

1300 2872 1441 2907 Nonum
1465 2870 1616 2904 Cononis
1644 2867 1762 2904 vitium
1772 2867 1905 2904 adducit
1915 2868 2049 2904 Sanetus
2058 2867 2132 2903 Leo

1247 2922 1403 2958 Pontifex
1433 2920 1467 2955 in
1496 2919 1609 2953 litteris
1629 2918 1670 2954 ad
1705 2919 1909 2955 Mattianum
1942 2916 2134 2963 Augustum

1248 2974 1360 3008 dicens
1383 2972 1527 3016 Legatos
1550 2971 1625 3004 suos
1657 2970 1691 3002 in
1727 2969 1803 3003 fidei
1837 2967 1966 3003 tantum
1993 2965 2133 3013 negotio

1232 3001 1345 3058 lfuiffe
1372 3029 1596 3060 convocatos,
1631 3018 1762 3053 nullum
1794 3018 1836 3053 de
1860 3017 1964 3054 hocce
1991 3018 2133 3053 Canone

1249 3072 1395 3107 habuisse
1413 3069 1629 3109 mandatum,
1656 3067 1804 3111 adeoque
1830 3069 1865 3103 ὃς
1891 3068 2018 3102 nullam
2045 3075 2133 3111 pote-

307 3124 396 3157 licam
412 3124 516 3156 Sedem
537 3123 669 3158 bonorem
686 3123 793 3158 habere
804 3124 1162 3166 constantinopolitanam
1178 3148 1189 3164 ,
1232 3124 1362 3157 ²statem
1388 3147 1395 3155 .
1423 3121 1515 3155 Hinc
1535 3120 1578 3154 de
1597 3119 1663 3154 illis
1684 3120 1719 3152 in
1745 3120 1811 3162 ipsa
1837 3119 1976 3162 Synodo
2002 3114 2043 3151 ad
2063 3116 2133 3160 glo·

299 3184 371 3216 quae
377 3170 506 3216 secunda
518 3175 655 3206 ordinata
667 3175 704 3214 est
716 3200 723 3207 .
754 3174 922 3222 roirca
932 3185 1032 3208 omne
1047 3173 1190 3209 Alexan-

303 3223 394 3257 drini
414 3223 449 3257 δε
467 3221 673 3256 Antiocheni
694 3223 886 3259 Patriarchae
907 3223 1105 3258 humiliandi
1117 3224 1187 3259 fun-

306 3272 500 3307 damentum
521 3272 586 3308 fuit
608 3271 727 3305 Canon
749 3274 861 3307 tertius
882 3274 1186 3317 Constantinopoli-

303 3331 404 3356 tanus
418 3346 428 3362 ,
454 3321 551 3366 quem
563 3321 742 3357 Lucentius
764 3322 940 3357 Esculanus
953 3323 1134 3368 Episcopus
1155 3324 1189 3357 ὃς

308 3371 481 3408 Romanus
504 3373 649 3417 Legatus
675 3371 756 3405 reste
776 3370 860 3404 dixit
881 3384 950 3406 non
971 3374 1033 3407 effe
1051 3375 1189 3409 conscri-

309 3431 405 3463 ptum
421 3421 455 3452 &
476 3421 670 3464 synodicum
682 3446 692 3462 ,
714 3419 746 3454 id
759 3421 802 3454 est
815 3445 825 3460 ‚
850 3420 869 3453 a
882 3421 1035 3459 Romana
1048 3424 1187 3460 Ecclefia

305 3470 394 3507 inter
404 3481 494 3506 vetos
511 3470 665 3507 Canones
686 3482 754 3506 non
773 3470 962 3508 admistum.

1249 3173 1432 3207 riofiffimos
1454 3169 1579 3215 judices
1609 3168 1695 3203 dixit
1727 3169 1844 3204 AEtius
1864 3166 2010 3202 Ecclesiae
2041 3165 2133 3199 Con-

1251 3221 1550 3266 stantinopolitanae
1577 3218 1869 3254 Archi-Diaconus
1888 3230 1907 3250 r·
1945 3218 2131 3258 Roga-nimus
2154 3217 2274 3251 Adbw-

1252 3277 1390 3306 Dominos
1412 3269 1569 3315 Epist-opos
1596 3272 1634 3304 de
1655 3273 1770 3308 Roma,
1794 3270 2080 3301 utcommunicarent
2092 3271 2132 3298 iis

1249 3322 1336 3368 gestis
1346 3335 1360 3365 ;
1387 3322 1598 3363 refutaverunt
1617 3321 1746 3354 dieentes
1759 3317 1859 3361 senon
1868 3312 2024 3359 suscepisse
2048 3325 2134 3348 man·

1248 3375 1340 3407 data.
1367 3373 1462 3420 Qin
1485 3369 1588 3406 immo
1618 3377 1808 3412 acceperant
1841 3366 2020 3410 expressum
2044 3365 2134 3399 tertii
2298 3400 2299 3403 ,

1250 3423 1399 3458 Canonis
1427 3416 1790 3462 constantinopolitani
1814 3426 1883 3450 non
1915 3412 2134 3457 admittendi,
2161 3444 2164 3449 .
2215 3428 2242 3441 w
2280 3423 2298 3448 ,ζ

1249 3473 1397 3519 nihilque
1417 3471 1549 3517 penitus
1572 3478 1684 3506 contra
1705 3467 1833 3503 sextum
1865 3464 2133 3521 Nicaenumyet·

1341 3525 1343 3528 ⁴
2010 3524 2085 3551 mit·
