2340 3736
642 156 725 199 AD
761 155 1046 199 SYNODUM
1080 145 1676 198 CHALC'EDONENSEM.

300 238 527 285 Qibuslec'iis
540 262 549 277 ,
575 237 705 281 gloriosi
720 237 843 279 iudices
855 237 976 272 suntad
991 238 1122 280 ptaescn·

249 291 316 323 t¹em
327 289 508 322 Bassianum
529 287 737 322 interlocuti:
765 292 855 321 Dicat
866 290 1020 329 Baffianus
1041 298 1122 320 reve-

249 339 425 378 rendiffimus
444 343 564 370 nomina
574 350 670 371 eorum
683 364 693 379 ‚
718 345 769 381 qui
792 339 830 371 ab
845 349 877 372 eo
899 337 1025 381 accusati
1030 336 1121 380 sunt.

250 388 385 421 Etenim
404 399 470 420 non
496 386 803 429 dumtaxatcivilis‚
830 387 922 422 sed&
945 387 1124 422 criminalis

250 446 319 471 erat
330 436 395 470 haec
407 439 489 470 aCtio
502 460 512 475 ‚
539 438 676 481 ideoque
697 439 730 472 &
750 448 870 471 certam
892 438 1059 480 personam
1078 448 1126 469 ac-

250 487 359 521 cusare
374 486 510 521 debebat
525 487 711 527 Bassianm,
738 488 770 521 &
782 487 821 520 ad
835 487 994 521 talionem
1016 486 1126 519 inscri-

252 536 302 570 bi.
330 537 423 570 Hinc
436 539 601 580 reposuit.-
629 540 716 570 Multi
735 532 854 580 quidem
870 535 963 580 sunt,
986 541 1126 577 princeps

251 596 354 620 tamen
364 586 466 619 horum
477 587 513 627 cst
524 610 534 626 ‚
560 593 610 630 qui
620 599 695 620 nunc
705 585 865 628 Episcopus
887 587 924 626 est
936 586 1105 627 stephanus
1117 610 1123 616 .

252 640 308 670 Hic
328 643 406 670 enim
427 635 569 679 &sedem
590 649 686 670 meam
707 644 787 669 tenet
804 662 813 675 ,
841 639 875 669 <st
898 648 963 669 res.
998 639 1041 667 Et
1062 647 1126 679 rogo

214 707 216 709 >
249 692 349 719 omnia
365 692 548 720 examinari.
576 690 674 719 Potior
695 686 733 726 est
745 687 942 719 sacerdotalis
973 687 1104 728 dignitas
1118 710 1128 725 ‚

253 748 344 779 quam
354 737 542 778 posseffiones.
571 739 760 778 ,Qua-ratur,
780 735 811 777 fi
825 738 900 778 quid
916 742 1054 777 peccavi.
1082 739 1128 767 ln-

253 792 377 829 quirant
402 787 510 818 Patres
536 786 621 824 nostri
642 798 649 817 τ
676 787 711 819 ὁ·
725 785 799 827 sicut
829 787 927 819 volent
955 787 1130 819 decernant.

253 837 367 883 Qare
387 834 514 879 gloriosi
525 833 650 877 judices
673 833 713 868 ad
725 833 925 879 Stephanum
948 835 1045 868 etiam
1060 847 1130 877 prae-

255 886 376 919 sentem
397 883 521 919 dixere:
552 884 717 927 Stephanus
739 886 992 925 reverendiffimus
1012 883 1131 925 Episco-

251 943 313 977 pus
333 934 376 966 ad
393 932 446 973 ista
465 932 642 977 respondeat
664 960 671 967 .
703 938 745 970 Et
766 935 916 969 adversus
935 935 1129 977 responden-

256 995 322 1018 tem
346 1008 356 1023 ,
384 994 451 1017 non
481 985 512 1018 se
532 1009 542 1025 ,
569 985 622 1018 sed
650 986 832 1019 Leontium
859 985 1129 1028 Maguefianum,

254 1034 438 1068 Maeonium
449 1033 634 1077 Nyffenum
647 1059 657 1075 ,
685 1036 869 1069 proterium
881 1035 1109 1076 Smyrnensem
1121 1057 1129 1071 ,

255 1085 401 1126 aliosque
413 1083 539 1118 Afianae
559 1085 731 1120 dioeceseos
751 1087 916 1128 praesentes
930 1085 1108 1127 Episcopos
1121 1108 1129 1121 ‚

255 1133 358 1168 totius
378 1134 530 1178 tragaediae
562 1135 710 1169 conscios
733 1159 744 1175 ,
770 1136 832 1168 este
858 1134 1130 1178 interrogandos,

255 1194 461 1227 perrexerunt
490 1197 496 1216 :
523 1188 646 1219 Interim
671 1195 704 1217 tu
728 1184 871 1228 responde
894 1210 900 1217 .
931 1182 1129 1226 Respondit:

256 1234 413 1273 Baffianus
425 1245 482 1265 non
504 1236 661 1267 ordinatus
673 1235 710 1275 est
729 1241 763 1267 in
776 1234 895 1278 Epheso
906 1258 916 1273 ‚
938 1233 995 1276 sed
1004 1242 1132 1266 vacante

251 1281 361 1326 sanda
371 1282 496 1324 Ecclefia
507 1308 516 1323 ‚
545 1286 679 1328 colligens
685 1284 857 1327 seditiosam
870 1284 987 1317 turham
998 1294 1062 1315 cum
1067 1282 1133 1326 gla-

256 1333 316 1365 dus
330 1356 340 1372 ‚
366 1333 483 1366 &alus
503 1333 679 1376 quibusdam
698 1338 850 1365 Arenariis
864 1357 874 1373 ‚
900 1332 1133 1377 gladiatoribus

259 1382 294 1416 in
307 1392 402 1415 arena
411 1380 451 1414 ad
466 1381 582 1416 bestias
593 1383 756 1417 consuetis
780 1394 926 1427 pugnate
938 1408 947 1421 ,
970 1379 1135 1426 supergres-

255 1430 307 1476 sus
319 1431 374 1472 est,
399 1433 434 1466 ἐγ
445 1431 528 1475 sedit
538 1446 554 1474 ,·
581 1431 648 1475 &fi
655 1432 731 1466 bunc
748 1433 868 1474 judicat
890 1433 987 1473 vestra
1002 1431 1134 1475 Magnifi-

258 1488 355 1515 centia
366 1482 416 1525 effi’
439 1480 638 1525 Episcopum,
664 1484 725 1516 alia
748 1488 823 1516 ratio
848 1482 900 1521 est.
927 1488 989 1516 Hoc
1013 1493 1079 1525 ergo
1089 1492 1134 1513 cx-

253 1530 338 1575 pulso
349 1530 509 1575 secundum
532 1539 670 1565 Canones
682 1558 692 1573 ,
720 1535 754 1566 (ν
771 1532 900 1574 projeeio
920 1556 930 1571 ‚
957 1541 990 1565 ut
1011 1530 1139 1564 mereba-

258 1590 307 1615 tur
320 1607 329 1622 ,
355 1594 401 1616 me
413 1583 617 1626 quadraginta
628 1581 767 1625 Episcopi
779 1582 875 1624 Afiani
885 1581 1029 1625 suffragio
1045 1584 1078 1615 ὦ*
1090 1592 1137 1613 no·

260 1631 382 1670 biliam,
411 1633 446 1665 (9³
467 1634 660 1672 Primatum,
686 1634 818 1666 &totius
837 1633 1063 1671 reverendifflmi
1076 1632 1141 1663 Cle-

264 1686 311 1720 ri,
337 1682 475 1714 &omnis
495 1687 654 1722 civitatis,
684 1684 922 1715 ordinaverunt.
951 1683 1045 1716 Hodie
1062 1686 1141 1713 enim

261 1736 483 1775 quinquaginta
494 1743 587 1764 annos
599 1732 689 1765 habeo
702 1739 733 1764 in
747 1736 776 1764 E
776 1730 890 1773 phefino
899 1735 924 1763 C
926 1733 999 1764 lero.
1027 1731 1141 1764 Baffia·

263 1792 309 1815 no
319 1781 433 1823 utpote
446 1781 627 1814 Evazomm
640 1780 949 1825 prius·'Episcop0‚&
962 1781 1141 1815 translatio-

261 1841 340 1864 nem
368 1831 400 1863 &
424 1830 639 1864 intrusionem
661 1831 814 1874 opposuit
838 1856 848 1870 ,
878 1830 1015 1873 ideoque
1036 1831 1142 1870 dixit,

264 1891 332 1914 non
355 1878 529 1922 spoliatum
548 1904 560 1919 ‚
587 1880 638 1913 sed
663 1880 863 1923 synodaliter
884 1881 1050 1914 extrusum
1074 1904 1083 1919 ,
1109 1881 1142 1913 &

263 1930 400 1974 quidem
421 1941 475 1973 per
485 1929 703 1974 quadraginta
727 1929 874 1964 Afiaticae
885 1930 1057 1964 dioeceseos
1069 1930 1143 1972 Epi-

263 1980 402 2023 scopos,
429 1980 447 2012 a
469 1979 586 2022 quibus
600 1980 687 2023 ipse,
715 1983 765 2013 uti
787 1979 872 2013 &ab
893 1981 986 2013 omni
1013 1979 1142 2023 Epheli-

263 2040 310 2062 no
333 2029 456 2072 populo
477 2029 511 2062 &
534 2029 635 2065 Clero
654 2055 664 2070 ‚
691 2031 726 2063 fit
751 2030 785 2064 in
809 2030 1008 2074 Episcopum
1029 2029 1146 2064 elestus

263 2080 298 2113 &
311 2079 534 2112 consecratus.

315 2129 409 2161 Hinc
422 2129 642 2171 promotionis
663 2129 724 2162 suae
736 2130 874 2163 formam
897 2128 1011 2163 multis
1029 2128 1146 2162 Baffia-

265 2188 327 2212 nus
349 2179 519 2220 exposuit:
550 2181 622 2211 Noli
643 2190 688 2211 me
709 2185 940 2213 circumvenire.
967 2182 1033 2222 Ego
1058 2180 1149 2211 &ca-

267 2230 366 2261 nonice
384 2227 490 2268 fabius
508 2227 577 2271 sum
599 2227 781 2271 Episcopus,
806 2228 962 2269 &ostendo
983 2227 1056 2267 hoc,
1084 2229 1149 2261 &a

267 2278 344 2311 nullo
366 2277 507 2320 depositus
515 2277 581 2320 sum
595 2304 605 2319 ‚
634 2289 685 2311 nec
698 2277 847 2321 accusatus
866 2279 905 2311 ab
916 2279 1034 2320 aliquo,
1059 2289 1149 2320 neque

266 2329 420 2369 culpatus.
448 2329 509 2360 sed
530 2328 787 2372 &egoajuvenili
812 2336 900 2362 aetate
911 2340 975 2361 mea
999 2333 1148 2369 vixipau-

262 2378 408 2421 peribus,
435 2377 630 2419 &ptochium
643 2378 725 2419 feci,
755 2380 789 2412 &⁴
803 2385 835 2411 in
846 2390 877 2412 eo
884 2376 967 2421 posui
984 2375 1150 2420 septuagin-

269 2436 302 2459 ta
322 2428 407 2460 letias
421 2452 430 2467 ‚
458 2429 600 2461 &omnes
622 2428 796 2471 languentes
818 2430 1005 2462 &ulceratos
1028 2426 1151 2469 hospitio

263 2476 458 2520 suscipiebam
478 2501 486 2509 .
516 2481 651 2510 Memnon
673 2487 773 2510 autem
799 2500 808 2517 ,
835 2485 885 2520 qui
896 2477 964 2519 fuit
986 2476 1150 2519 Episcopus

269 2525 398 2567 Efflufi,
424 2525 471 2557 ht's
485 2526 570 2558 rebus
593 2528 757 2567 invidens,
784 2533 923 2569 quoniam
946 2527 1091 2570 diligebar
1111 2527 1149 2558 ab

269 2576 404 2608 omnibus
419 2599 428 2615 ,
455 2573 533 2607 nibil
541 2586 598 2607 non
624 2582 683 2619 egit
693 2584 726 2609 ut
746 2578 935 2618 expellerera
948 2581 1092 2615 civitate,
1117 2578 1151 2610 (π’

271 2624 388 2666 immisit
407 2636 514 2657 manus
521 2623 595 2667 suas
606 2633 638 2657 ut
649 2636 695 2658 me
720 2627 869 2659 ordinaret
882 2623 1053 2668 Episcopum
1065 2629 1152 2659 Eva·

270 2686 373 2708 2orum
384 2699 394 2713 ‚
421 2676 454 2708 Θ
463 2674 616 2716 hocsem.
646 2678 711 2719 Ego
722 2685 821 2709 autem
845 2686 902 2708 non
915 2674 1128 2718 acquiescebam
1140 2700 1149 2715 ‚

266 2723 324 2768 sed
347 2723 383 2756 ab
414 2723 485 2756 bora
507 2731 597 2758 tertia
607 2722 698 2767 usque
709 2725 753 2757 ad
755 2724 878 2768 sextam
898 2736 993 2757 coram
1004 2726 1095 2758 altari
1106 2738 1151 2758 me

268 2776 370 2818 plagis
394 2773 530 2815 afflixit,
556 2776 590 2808 ὦ*
614 2772 753 2818 [αηὸἶιιηι
771 2776 995 2818 Emngeltum,
1023 2785 1149 2809 tentum

271 2827 306 2858 in
321 2824 531 2857 ordinatione
541 2825 633 2868 super
643 2835 740 2868 caput
753 2835 863 2859 meum
877 2848 887 2865 ‚
913 2826 947 2858 Θ
965 2826 1061 2858 altare
1078 2824 1150 2867 san·

267 2879 357 2918 guine
369 2873 406 2914 est
418 2874 588 2915 impletum.
619 2881 674 2909 His
690 2880 782 2918 igitur
797 2881 841 2907 ita'
851 2874 936 2917 gestis
950 2899 960 2913 ,
985 2886 1032 2919 ego
1035 2873 1073 2916 sic
1081 2883 1147 2916 per-

270 2923 381 2965 manfi,
411 2934 501 2966 neque
513 2925 558 2956 ad
565 2928 719 2958 civitatem
743 2926 880 2965 vadens,
907 2935 997 2966 neque
1020 2923 1151 2958 Ecclesiae

273 2974 318 3007 illi
330 2980 547 3006 communicans
560 2997 569 3012 ,
596 2979 628 3006 in
642 2986 732 3017 quam
746 2981 914 3008 nominatus
933 2975 1057 3016 fueram
1068 3000 1077 3013 ,
1105 2987 1153 3008 ne-

271 3035 327 3065 que
336 3025 456 3065 penitus
467 3021 566 3066 ipsam
587 3028 738 3057 civitatem
750 3025 859 3058 videns
872 3049 877 3056 .
909 3024 1009 3065 Manfi
1016 3027 1079 3067 ergo
1088 3024 1126 3066 fic
1138 3038 1150 3066 ;

272 3075 307 3107 (θ’
317 3079 437 3116 contigit
450 3077 633 3106 Memnonem
639 3074 729 3115 finem
749 3081 822 3108 vitae
834 3081 961 3116 accipere
973 3099 980 3105 .
1010 3075 1074 3115 Post
1088 3074 1151 3108 baec

271 3125 428 3156 ordinatus
450 3121 487 3162 est
510 3122 656 3164 Basilius.
684 3128 714 3156 15
736 3133 833 3157 autem
854 3136 982 3158 evocans
1005 3126 1153 3158 concilium

274 3176 440 3207 Provinciae
452 3198 462 3213 ‚
488 3174 523 3206 (9⁴
546 3171 703 3215 agnoscens
726 3174 764 3205 ab
782 3180 824 3207 eis
845 3175 1041 3214 violentiam,
1061 3187 1153 3216 quam

272 3224 373 3266 passus
379 3222 502 3264 fueram
511 3246 521 3261 ‚
548 3224 582 3256 o·
594 3228 732 3265 quoniam
742 3223 922 3257 machinatio
927 3222 1030 3265 fuerat
1041 3249 1050 3264 ‚
1061 3225 1152 3257 alium

277 3278 311 3305 in
321 3273 373 3305 illa
394 3279 516 3305 civitate
526 3274 685 3305 ordinavit
695 3272 873 3315 Episcopum
884 3298 894 3313 ‚
920 3273 994 3305 mibi
1006 3276 1077 3306 vero
1088 3276 1153 3307 red-

276 3323 357 3354 didit
378 3328 602 3355 communionem
624 3323 759 3356 &locum
780 3321 996 3364 Epifiopatus.
1023 3326 1154 3367 Contigit

278 3372 385 3405 iterum
407 3372 529 3406 &hunc
545 3370 690 3416 suftipere
694 3370 785 3412 finem
809 3377 902 3410 vitae,
926 3384 971 3405 me
982 3381 1078 3404 autem
1089 3384 1153 3405 cum

278 3423 377 3454 multa
388 3423 547 3463 neceffitate
566 3423 601 3456 <ff
613 3427 647 3455 vi
657 3421 896 3455 inthronizarunt
914 3426 946 3453 in
969 3423 1071 3455 eadem
1082 3427 1154 3455 civi-

1890 154 1988 213 287

1187 244 1249 273 ,Mle
1268 233 1379 277 Ephesi
1391 235 1537 276 populat,
1563 237 1711 271 &Clerus
1724 260 1734 276 ‚
1760 236 1965 279 (vl-Episcopi,
1991 249 2059 280 quo-

1187 297 1254 318 rum
1265 297 1339 319 unus
1353 283 1514 327 Episcopus
1535 288 1678 327 olympius
1692 287 1737 319 bic
1748 285 1800 326 est.
1829 286 1883 319 Est
1898 287 1997 320 ferme
2007 298 2058 320 ca-

1189 337 1238 369 sus
1259 336 1366 370 Sansti
1388 334 1542 379 Gregorii
1568 335 1790 376 Nazianzeni,
1817 336 1872 378 qui
1898 336 2059 379 Zazymo-

1190 397 1261 419 rum
1281 385 1449 419 civitatem
1461 408 1472 424 ,
1497 382 1538 418 ad
1549 394 1644 428 quam
1657 384 1675 417 a
1686 386 1801 420 Sanfto
1813 385 1934 420 Bafilio
1946 385 2060 420 Ponti·

1189 447 1233 469 cae
1258 434 1432 469 dioeceseos
1460 434 1603 468 Primate
1629 445 1808 478 repugnans
1833 437 2058 474 consecratus,

1192 496 1366 529 numquam
1387 484 1536 519 accedere
1558 483 1661 517 voluit
1679 507 1689 524 ,
1714 494 1810 528 atque
1832 486 1876 520 ita
1898 485 2062 520 existima-

1191 537 1236 569 vit
1248 537 1279 569 se
1294 536 1358 569 fine
1368 534 1551 579 Apostolici
1572 547 1608 568 ac
1622 534 1656 567 N
1660 534 1748 567 icaeni
1763 535 1908 569 Canonis
1921 535 2063 580 praevari-

1189 586 1318 619 catione
1339 585 1426 628 poffe
1450 583 1774 627 Constantinopolim
1800 585 1957 619 transferri
1979 612 1986 619 .
2018 584 2063 619 Et

1192 636 1226 667 in
1244 635 1305 668 isto
1328 633 1492 677 Ephefino
1507 635 1701 677 Episcopatu
1725 632 1926 667 adseveravit
1948 635 2064 669 Bassia-

1192 696 1252 718 nus
1277 686 1306 718 se
1318 684 1336 716 a
1349 683 1542 720 Theodosio
1554 685 1707 729 Augusto
1719 708 1729 724 ,
1757 694 1818 717 nec
1839 693 1908 716 non
1918 682 1936 715 a
1947 685 2064 718 SanEto

1191 733 1310 767 Proclo
1326 734 1491 777 Episcopo
1505 733 1901 777 Constantinopolitano,
1926 733 1983 775 qui
2003 743 2066 767 tres

1192 783 1421 827 autocephalas
1443 784 1593 818 dioeceses
1611 786 1627 817 a
1653 784 1716 817 suis
1738 782 2001 817 Antecefforibus
2021 784 2067 816 in-

1195 835 1283 867 vasas
1294 844 1460 875 tamquam
1471 832 1655 867 Patriarcha
1669 832 1893 867 administrare
1905 831 2068 876 pergebat,

1194 884 1286 917 fuiffe
1308 884 1559 924 confirmatum,
1585 884 1620 917 δε
1642 884 1781 927 perrexit
1802 896 1810 915 τ
1839 882 1977 923 Crastina
1999 882 2069 925 post

1194 935 1350 976 susceptas
1370 934 1403 967 ἀ
1419 933 1549 977 publice
1571 934 1663 967 lectas
1674 932 1860 977 Imperiales
1883 944 1921 966 ac
1936 931 2071 965 Patriar-

1195 978 1392 1019 chaledmeae
1403 983 1663 1017 confirmationis
1686 984 1806 1017 litteras
1816 984 1864 1015 die
1878 982 1979 1025 Missas
2001 983 2073 1015 cele-

1195 1035 1348 1067 bravimus
1360 1045 1457 1066 omnes
1463 1032 1551 1075 fimul
1559 1058 1569 1074 ‚
1596 1035 1630 1067 (τ
1636 1033 1698 1075 post
1711 1034 1809 1077 Missas
1820 1044 1929 1065 manus
1937 1034 2071 1072 injicien-

1196 1095 1239 1116 tes
1263 1082 1439 1126 incluserunt
1459 1095 1505 1116 me
1519 1107 1528 1122 ,
1554 1085 1662 1117 &cum
1681 1091 1716 1117 vi
1738 1084 1928 1125 abripuerunt
1942 1083 2072 1115 Pallium

1195 1134 1354 1165 sacerdotii
1377 1139 1432 1165 mei
1449 1158 1458 1172 ‚
1486 1135 1519 1166 (⁸5
1539 1140 1637 1165 omma
1660 1134 1736 1166 bona
1756 1146 1822 1167 mea
1833 1152 1848 1172 ,·
1871 1134 1905 1166 ὢ·
1919 1130 2073 1174 sumentes

1195 1194 1284 1215 unum
1296 1195 1333 1214 ex
1347 1181 1414 1223 ipfis
1427 1183 1609 1223 Stephanum
1622 1208 1631 1222 ,
1653 1183 1787 1226 fe‘cerunt
1800 1194 1865 1216 eum
1881 1181 2071 1224 Episcopum.

1199 1232 1316 1265 Multis
1348 1232 1382 1264 &
1406 1232 1515 1276 longis
1535 1233 1801 1267 contentionibus
1829 1234 1931 1266 fuerat
1951 1228 2074 1276 agitata

1199 1282 1337 1315 Baffiani
1364 1283 1530 1324 promotio
1555 1307 1564 1321 ,
1590 1293 1687 1324 atquc
1709 1283 1783 1317 ideo
1804 1282 1952 1316 adversas
1973 1283 2075 1325 ipsam

1199 1331 1487 1374 jamaPatriarcha
1513 1333 1545 1365 &
1558 1332 1708 1375 Principe
1721 1333 1805 1366 male
1825 1333 2052 1366 confirmatam
2066 1355 2078 1371 ‚

1202 1394 1268 1415 non
1283 1381 1421 1423 amplius
1445 1381 1647 1422 rationibus,
1674 1383 1726 1416 std
1737 1382 1882 1417 violenta
1904 1392 2004 1415 manu
2024 1381 2079 1415 ad-

1203 1431 1328 1465 versarii
1342 1431 1560 1473 processerunt
1574 1457 1580 1463 .

1253 1482 1363 1528 Qare
1381 1481 1422 1515 de
1444 1481 1557 1515 eadem
1571 1483 1778 1525 promotione
1801 1481 1899 1526 longe
1911 1481 1974 1514 alia
1994 1479 2082 1524 apud

1202 1532 1361 1576 gloriosos
1372 1531 1492 1573 judices
1503 1531 1656 1576 allegavit
1671 1531 1869 1573 Stephanus:
1889 1531 2012 1576 Jubeat
2033 1542 2084 1563 ve-

1198 1582 1262 1622 stra
1287 1580 1418 1621 Potestas
1440 1579 1623 1623 Epi-scopos,
1652 1588 1701 1623 qm·
1725 1581 1771 1613 bic
1782 1579 1875 1623 sunt,
1901 1587 2023 1619 venire,
2050 1589 2084 1613 ut

1205 1640 1350 1673 appareat
1374 1637 1491 1664 veritas
1501 1643 1598 1663 coram
1623 1631 1719 1670 vestra
1734 1631 1953 1675 magnificentia
1965 1655 1976 1670 ,
2000 1639 2033 1663 ut
2044 1639 2086 1663 te·

1202 1682 1311 1720 flentur
1323 1683 1360 1714 de
1371 1680 1511 1721 univerfis
1536 1693 1602 1723 quae
1607 1681 1688 1725 gella
1705 1680 1777 1724 sunt
1792 1705 1803 1720 ‚
1827 1683 1945 1723 quando
1966 1681 2087 1722 quidem

1205 1730 1266 1774 ipse
1274 1730 1457 1775 subintravit
1468 1737 1500 1762 in
1512 1730 1650 1774 sanHam
1665 1730 1822 1773 Ecclesiam
1843 1742 1907 1763 cum
1912 1732 2028 1773 gladiis
2053 1731 2088 1762 Θ

1208 1788 1352 1814 arenariis
1365 1806 1376 1821 ‚
1401 1781 1434 1814 (Ὗ
1445 1783 1516 1813 aliis
1527 1780 1705 1824 quibusdam
1716 1807 1727 1822 ‚
1754 1784 1788 1814 (θ’
1793 1779 1872 1823 sedit
1883 1786 1914 1812 in
1921 1779 1994 1823 sede
2006 1804 2012 1811 .
2040 1783 2087 1813 Et

1207 1840 1260 1873 pro
1283 1831 1334 1863 hoc
1353 1830 1492 1874 expulsus
1505 1831 1542 1871 est
1564 1834 1583 1863 ἃ
1593 1830 1707 1873 sandlis
1730 1831 1872 1864 Patribus
1886 1855 1897 1870 ‚
1924 1832 1957 1864 Θ
1977 1832 1996 1863 ἃ
2016 1827 2090 1873 san-

1209 1882 1322 1921 Hrfflmo
1335 1885 1438 1924 Regiae
1449 1887 1584 1914 civitatis
1597 1885 1699 1914 Romae
1713 1885 1808 1914 Leone
1818 1906 1828 1921 ,
1857 1882 1891 1914 Θ·
1902 1881 1921 1911 ἃ
1936 1880 2090 1919 beatiffimo

1205 1931 1321 1974 sanlJae
1342 1937 1488 1963 memoria:
1516 1932 1669 1964 Flaviano
1691 1930 2024 1971 Constantinopolitanae
2044 1941 2091 1961 ur-

1210 1981 1254 2013 bis
1266 2006 1276 2020 ‚
1302 1981 1335 2014 ό·
1353 1980 1391 2012 ab
1407 1981 1613 2012 Alexandrino
1627 2005 1637 2020 ,
1665 1982 1700 2014 &
1711 1980 1751 2013 ab
1764 1979 1940 2013 Antiocheno
1953 2005 1960 2012 .
1990 1980 2032 2011 ab
2044 1978 2090 2010 his

1211 2028 1346 2072 expulsus
1358 2028 1410 2069 est.
1441 2028 1631 2072 Ecclefiastico
1659 2035 1736 2063 enim
1751 2031 1866 2071 judicio
1886 2041 1952 2061 mea
1967 2031 2091 2062 Humili·

1211 2091 1258 2113 tas
1279 2078 1431 2118 constituta
1446 2080 1504 2120 est.
1533 2080 1614 2112 Haec
1636 2081 1749 2113 omnia
1773 2077 1956 2113 adfirmavit
1973 2080 2092 2112 confir-

1213 2140 1297 2163 mata
1320 2128 1419 2162 etiam
1441 2129 1460 2162 a
1486 2128 1682 2162 Theodosio
1706 2129 1880 2173 Augusto,
1905 2128 1939 2161 &
1956 2128 2089 2171 quidem

1214 2191 1267 2223 per
1278 2177 1432 2217 iudicium
1446 2179 1735 2212 contradictorium
1748 2181 1909 2221 petatium
1925 2178 1965 2212 ab
1979 2179 2092 2212 Eusta-

1213 2230 1260 2263 tio
1287 2229 1543 2262 Silentiariorum
1577 2229 1769 2262 primicerio
1798 2254 1809 2270 ‚
1846 2229 2024 2273 specialiter
2049 2227 2090 2261 ad

1215 2280 1298 2313 hanc
1308 2280 1437 2312 causam
1450 2278 1600 2323 delegato
1615 2277 1780 2321 Ephesum
1792 2305 1801 2319 ,
1811 2279 1844 2312 &
1857 2291 1911 2322 per
1925 2290 1987 2312 tres
2000 2291 2091 2312 men·

1215 2330 1358 2362 resiliam
1371 2329 1591 2372 cognoscente
1640 2330 1682 2362 Et
1695 2330 1847 2372 perrexit:
1873 2331 1948 2361 Sunt
1959 2329 2004 2362 hic
2012 2332 2089 2370 Epi·

1209 2378 1287 2422 scopi
1299 2404 1308 2419 ‚
1336 2384 1461 2412 veniant
1473 2378 1526 2411 huc
1538 2402 1547 2417 ,
1573 2380 1609 2411 (9³
1613 2378 1773 2420 fateantur
1777 2378 1807 2420 fi
1814 2380 1899 2411 aliud
1920 2381 1983 2411 dico
1994 2403 2001 2411 .
2024 2383 2056 2424 J
2059 2391 2090 2412 u-

1214 2430 1279 2462 beat
1290 2428 1383 2467 vestra
1399 2429 1616 2472 Magnificentia
1635 2435 1738 2462 venire
1749 2441 1796 2462 eos
1810 2454 1816 2461 .
1845 2430 2007 2471 Numquid
2022 2441 2088 2462 cum

1213 2485 1253 2512 eis
1267 2481 1422 2512 ordinatus
1444 2478 1482 2516 est
1493 2478 1559 2511 ibi?
1583 2479 1858 2520 superintravitibi
1871 2493 1882 2511 .·
1910 2481 2005 2513 Hodie
2017 2491 2089 2521 qua-

1214 2540 1277 2562 tuor
1299 2534 1372 2560 anni
1387 2527 1482 2571 sunt.
1512 2533 1553 2562 Et
1562 2531 1711 2560 Romanus
1732 2527 1894 2570 Episcopus
1917 2539 1982 2560 eum
2003 2530 2090 2570 depo-

1208 2577 1290 2622 suit:
1318 2581 1364 2610 Et
1377 2579 1597 2610 Alexandrinus
1620 2590 1686 2611 eum
1697 2579 1875 2610 damnavit.
1905 2579 2015 2610 Videat
2040 2590 2090 2611 ve·

1212 2629 1277 2669 flra
1304 2628 1524 2670 Magnificentia
1550 2627 1714 2668 Epistolam
1730 2626 1872 2670 scriptam
1895 2629 1915 2659 ἃ
1935 2628 2089 2668 heatiffimo

1217 2682 1302 2720 Papa
1314 2681 1425 2710 Leone.
1457 2677 1620 2710 Adversus
1634 2677 1770 2720 primam
1783 2701 1792 2717 ,
1804 2677 1822 2709 ’Σῑ
1837 2678 1953 2710 Sancto
1967 2677 2091 2711 Proclo

1214 2727 1401 2761 Patriarcha
1425 2727 1459 2760 dc
1471 2726 1666 2761 Theodosio
1681 2727 1833 2771 Augusto
1855 2727 1986 2768 datam,
2015 2728 2091 2761 Bas*

1212 2778 1292 2811 {iani
1318 2777 1603 2810 confirmationem
1632 2777 1671 2809 ad
1701 2777 1888 2811 Romanam
1914 2777 2091 2811 Ecclesiam

1213 2827 1389 2871 appellarat
1409 2824 1619 2870 Ephesiorum
1634 2826 1747 2860 Clesus
1773 2828 1806 2860 ὃς
1820 2826 1978 2870 populus,
2004 2838 2092 2861 eam·

1213 2889 1276 2920 que
1301 2877 1433 2910 caffarat
1454 2877 1588 2910 Sanc'his
1613 2877 1682 2911 Leo
1707 2878 1849 2920 Magnus
1869 2901 1879 2916 ,
1904 2876 1994 2920 cujus
2011 2875 2092 2919 judi—

1213 2927 1300 2961 cium
1332 2927 1365 2960 ἀ
1387 2928 1521 2962 Saucius
1546 2926 1721 2960 Flavianus
1754 2926 2092 2970 Constantinopolita-

1214 2988 1295 3016 nus,
1321 2977 1355 3011 &
1378 2977 1560 3010 Dioscorus
1581 2976 1823 3010 Alexandrinus
1842 3000 1852 3016 ‚
1879 2977 1913 3011 δε
1936 2977 2092 3011 Domnus

1214 3024 1400 3061 patriarcha
1414 3026 1644 3060 Antiochenus
1655 3051 1666 3066 ,
1694 3037 1752 3060 nec
1766 3037 1831 3060 non
1856 3026 1888 3059 &
1900 3026 1966 3069 ipse
1978 3026 2093 3060 Theo-

1213 3076 1318 3110 donus
1332 3077 1500 3120 Augustus
1510 3075 1778 3121 comprobatam.
1796 3075 1888 3110 Hinc
1899 3074 2002 3110 dictus
2019 3076 2091 3109 Cle-

1215 3137 1266 3159 rus
1289 3126 1323 3158 &
1343 3124 1482 3168 populus
1504 3125 1662 3159 violenter
1674 3124 1858 3160 Baffianum
1882 3126 2029 3169 expulit,
2056 3125 2092 3159 δε

1215 3173 1415 3216 Stephanum
1427 3175 1582 3208 exaltavit
1594 3200 1603 3207 .
1631 3175 1719 3209 Nam
1740 3175 1774 3210 ὅ(
1786 3173 1839 3209 hic
1850 3175 1898 3210 uti
1911 3173 2092 3219 Ephefinus

1216 3226 1396 3267 Episcopus
1408 3223 1511 3257 adfuit
1525 3224 1697 3259 latrocinio
1709 3224 1871 3269 Ephefino
1883 3249 1892 3256 .

1266 3274 1341 3307 Erat
1354 3275 1448 3308 causa
1471 3272 1630 3308 difficilis.
1658 3275 1741 3309 Eam
1751 3287 1793 3309 ex
1817 3273 1957 3318 pacificae
1978 3273 2094 3318 posses·

1215 3324 1314 3357 fionis
1326 3323 1486 3358 beneficio
1510 3324 1601 3358 finire
1622 3327 1731 3359 conati
1757 3325 1829 3357 sum
1850 3323 1982 3368 gloriosi
2007 3323 2093 3367 judi-

1215 3385 1266 3407 ces
1284 3397 1293 3412 ‚
1319 3374 1399 3407 &ad
1412 3373 1612 3417 Stephanum
1635 3372 1821 3407 interlocuti
1835 3386 1846 3406 .·
1872 3373 2030 3416 confiteris
2049 3387 2092 3408 rer

1215 3423 1446 3463 verendtffimum
1479 3425 1644 3464 Baffianum
1668 3432 1792 3467 quatuor
1824 3429 1916 3458 annis
1945 3424 2091 3466 obtinuiffi·

1905 3473 2044 3520 sanciam
