2340 3736
348 124 444 182 258

274 207 437 253 bebatque
455 204 563 251 capita
582 206 670 240 varia
692 230 699 237 .
728 203 845 239 Primo
870 228 883 246 ,
910 204 1026 250 accusat
1050 204 1158 247 Diosm-

274 269 343 293 rum
353 257 631 301 uticonsentaneum
642 255 788 296 Eutychi,
815 256 972 294 haeretico,
999 257 1159 293 damnato,

277 309 312 343 (9'
334 308 614 347 anathematizato,
641 308 675 340 (τ
691 311 763 348 quia
785 309 886 340 volens
905 305 1069 348 perfidiam
1092 306 1157 345 ejus

275 358 447 401 confirmare
470 364 502 390 in
524 365 619 398 nuper
629 356 718 399 fallo
740 358 887 396 Concilio,
913 356 1102 387 multitudine
1115 353 1160 397 se-

275 409 391 455 ditiosae
409 408 504 442 turbae
526 407 641 442 colleHa
652 431 664 448 ‚
685 413 853 449 potentiam
864 404 982 446 sibimet
1002 411 1158 449 acquirens

272 466 329 501 per
339 459 413 503 suas
424 460 572 499 divitias,
596 457 830 499 roffamfidem,
853 456 1000 497 quantum
1010 453 1158 498 adipsum

270 517 428 551 pertinet,
455 513 693 547 contaminavit,
720 506 947 547 &fermentum
958 503 1101 547 haereseos
1114 511 1158 538 in-

271 557 369 602 solitae
389 564 424 592 in
444 558 585 593 catholica
610 555 738 597 Ecclesia
758 556 950 595 introduxit,
977 557 1012 590 (θ’
1036 567 1090 587 nos
1108 552 1147 599 sa

275 609 416 643 cet-dotali
438 610 585 654 dignitate
599 612 763 650 privavit.
791 605 944 640 Secundo
968 629 979 646 ‚
1005 603 1157 639 eumdem

275 659 477 694 Dioscorum
498 659 646 697 accuset,
672 654 763 700 quod
779 657 962 690 etiamnum
984 656 1157 698 perseveret

274 707 462 751 haereticus,
488 708 579 754 quod
600 706 777 742 Eusebium
800 705 994 748 Eutychetis
1012 706 1158 740 accusan-

274 758 309 793 di
332 761 426 794 causa
447 760 531 793 intra
553 756 750 800 Ephefinam
769 757 943 799 synodum
966 767 1033 790 non
1054 755 1157 789 admi-

274 810 371 851 serit,
399 807 487 854 quod
511 809 660 842 Santstum
681 807 875 842 Flavianum
896 807 945 840 uti
968 807 1031 839 suis
1042 806 1159 849 allega-

275 860 420 894 tionibus
443 871 509 893 non
535 858 712 902 permiserit
738 883 748 899 ‚
784 856 874 901 quod
896 856 1016 891 confici
1038 858 1158 889 curarit

275 910 353 944 falsa
367 910 448 943 Acta
459 908 626 953 synodalia
636 933 646 948 ‚
673 908 761 951 quod
774 907 916 950 adegerit
932 907 1113 950 Episcopos
1123 906 1157 939 in

276 972 354 1004 pura
376 959 487 994 charta
509 958 703 993 subscribere
716 983 726 998 ,
752 958 842 1001 quod
855 967 969 990 contra
981 956 1159 990 Canonum

274 1011 309 1044 ὅ(
330 1012 459 1053 Legum
477 1008 745 1051 consequentiam
760 1008 863 1050 egerit
884 1007 1018 1045 omnia,
1047 1018 1158 1049 opera-

272 1068 323 1093 tus
345 1061 463 1094 variam
486 1058 714 1101 iniquitatem.
742 1057 823 1090 Haec
845 1056 958 1090 omnia
974 1058 1095 1101 corrigi
1109 1068 1158 1090 ro·

272 1120 330 1153 gat
354 1108 482 1142 libellus
497 1133 507 1147 ‚
535 1107 711 1140 Eusebium
735 1108 849 1152 reponi
870 1107 904 1139 in
925 1107 1063 1150 gradum
1085 1107 1160 1148 Epi-

272 1159 431 1201 scnpalem
447 1186 455 1199 >
478 1160 507 1192 53<-
524 1157 677 1191 omnibus
694 1157 865 1203 Episcopis
875 1156 911 1190 in
923 1157 1088 1193 Dioscoro
1102 1157 1158 1191 sta-

272 1211 320 1245 tui
344 1211 362 1242 «ῃῖ
372 1211 377 1241 i
387 1210 526 1252 :ciplinae
538 1203 727 1251 exemplum
739 1233 746 1242 ,
1033 1233 1037 1236 .

320 1260 452 1308 Qgims
473 1259 561 1293 lectis
575 1283 585 1299 ‚
614 1259 686 1291 viva
708 1269 790 1292 voce
811 1258 952 1301 perrexit
978 1257 1157 1291 Eusebius:

270 1311 402 1352 supplico
435 1308 650 1353 Adversarium
682 1319 776 1341 meum
803 1310 847 1341 ad
867 1308 1045 1352 conspedlum
1064 1319 1159 1341 meum

269 1366 401 1393 evocari.
433 1362 543 1408 Qtare
570 1359 765 1394 Domninus
778 1359 810 1392 &
824 1358 982 1402 Cyriacus
993 1357 1138 1392 Diaconi
1151 1380 1160 1396 ‚

269 1422 310 1443 an
338 1411 538 1444 Dioscorum
559 1409 598 1443 ad
621 1410 793 1452 Synodum
814 1408 1005 1442 invitassent
1018 1409 1052 1442 in
1069 1408 1157 1441 suam

269 1460 359 1494 diem
381 1461 415 1494 δε
437 1461 551 1494 horam
578 1483 588 1499 ‚
623 1459 729 1503 rogati
759 1460 833 1492 sunt
853 1458 894 1491 ab
918 1459 1019 1491 AEtio
1042 1457 1160 1494 Archi-

270 1511 451 1550 Diacom,
477 1512 511 1543 &
535 1511 745 1552 reposuerunt
766 1521 773 1540 z
811 1512 983 1540 Nuntia-vit
1008 1506 1159 1551 Dioscorus

265 1559 300 1605 se
323 1561 441 1602 quidem
462 1560 540 1593 velle
563 1563 686 1595 venire,
711 1569 769 1589 non
794 1565 894 1590 autem
910 1562 1050 1598 permitti
1071 1559 1091 1589 ᾱ
1112 1568 1158 1590 cu-

260 1610 453 1653 stodientibus
471 1608 505 1652 se
522 1634 531 1649 ‚
549 1608 624 1649 ficut
645 1606 778 1640 dicebat.
807 1608 921 1649 Etper
935 1604 1158 1650 Epiphanium

267 1672 306 1694 ac
333 1660 502 1702 Elpidium
529 1658 678 1691 Ecclesiae
697 1657 1073 1701 Constantinopolitanae
1084 1656 1159 1690 Pre-

268 1710 418 1754 sbyteros
438 1722 479 1744 ex
502 1709 607 1743 Sanffl
636 1706 822 1742 paschasini
845 1708 1002 1742 mandato
1013 1707 1159 1751 quaefitus

268 1761 310 1795 ad
336 1761 450 1794 omnia
472 1759 610 1793 Basilicas
630 1758 797 1792 secretaria
820 1758 854 1791 &
878 1757 959 1791 atria
983 1769 1051 1791 non
1072 1769 1160 1791 com-

268 1811 375 1855 paruit
389 1835 399 1850 ,
427 1809 566 1854 ideoque
586 1820 626 1842 ex
649 1808 802 1843 Anatolii
815 1806 1158 1851 Constantinopolita-

268 1862 305 1895 ni
325 1862 360 1894 &
381 1861 526 1894 Maximi
551 1857 749 1894 Patriarchae
768 1856 973 1892 Antiocheni
987 1858 1161 1892 interlocu-

268 1912 362 1945 tione
383 1909 535 1944 destinati
560 1909 600 1944 ad
615 1909 710 1943 illum
723 1909 814 1947 sunt,
841 1907 1082 1941 Constantinus
1096 1907 1161 1941 Bo-

267 1962 396 1995 strenfis
410 1961 589 2004 Episcopus
600 1984 610 1999 ‚
639 1958 781 1992 Aeacius
793 1956 986 1991 Ariarathiae
997 1957 1030 1990 in
1050 1958 1164 1991 secun·

268 2011 310 2045 da
331 2010 488 2046 Armenia
511 2036 521 2050 ,
548 2010 581 2044 ὃς
605 2008 738 2042 Atticus
758 2008 793 2042 in
815 2007 1060 2050 Helenoponto
1085 2007 1162 2050 Epi·

268 2063 386 2104 scopus
408 2060 567 2099 Zelenfis‚
597 2058 661 2093 una
685 2069 761 2091 cum
782 2056 937 2091 Himerio
962 2057 1098 2090 Lectore
1122 2068 1160 2091 ac

268 2112 437 2150 Neratio,
462 2109 639 2144 solenniter
660 2107 701 2142 ad
722 2105 894 2149 synodum
920 2106 1050 2140 citaturi
1075 2131 1083 2139 .
1112 2106 1161 2141 At

269 2161 328 2196 ille
363 2162 483 2195 citatus
509 2158 676 2202 respondit
706 2169 714 2189 ι
753 2159 885 2190 Paratus
898 2155 968 2200 sum
992 2163 1095 2190 venire
1120 2158 1164 2189 ad

265 2210 403 2259 sanc‘lum
430 2212 464 2245 (θ’
488 2207 656 2252 universale
677 2207 841 2240 Concilium
860 2230 873 2246 ,
904 2205 963 2250 sed
983 2231 994 2246 ,
1019 2217 1053 2240 ut
1075 2208 1161 2240 videt

271 2261 369 2305 vestra
393 2260 574 2305 Religiofitas
594 2282 605 2299 ‚
627 2257 781 2300 prohibeor
804 2258 826 2290 ἆ
851 2257 1039 2297 devotifflmis
1065 2260 1159 2300 Magr-

265 2304 393 2355 flrtants
414 2313 449 2345 (⁴5
467 2309 669 2343 Scholaribus.
699 2308 772 2342 Nec
799 2306 892 2341 aliud
914 2307 957 2341 ab
971 2308 1040 2350 ipso
1052 2307 1160 2350 pocuit

271 2361 476 2405 extorqueri.
505 2358 624 2394 Schola
646 2358 681 2392 in
702 2356 770 2400 jure
791 2357 949 2391 Romano
973 2357 1019 2391 est
1040 2359 1092 2391 seu
1104 2357 1161 2389 mi-

271 2413 371 2447 litum
394 2412 448 2445 seu
471 2407 696 2443 ministrorum
714 2406 894 2451 collegium
915 2431 927 2448 ‚
951 2407 1041 2449 cujus
1063 2418 1162 2441 mem-

272 2464 332 2498 bra
353 2459 544 2496 dicebantur
566 2457 735 2494 Scholares
756 2481 766 2497 ,
792 2456 811 2489 a
834 2455 1042 2491 Scholasticis
1065 2456 1162 2501 pluri·

274 2512 367 2548 mum
389 2509 534 2546 distincti
554 2533 562 2542 .
604 2507 739 2543 Etenim
760 2505 953 2541 Scholastici
975 2518 1066 2541 erant
1088 2518 1162 2540 cau-

274 2565 382 2597 sarum
402 2562 436 2595 in
459 2562 533 2594 foro
556 2557 721 2592 Advocati
748 2579 760 2597 ‚
797 2566 854 2590 aut
874 2556 975 2591 etiam
1002 2554 1163 2590 Rhetores

274 2614 422 2647 fictarum
445 2611 612 2645 causarum
631 2607 887 2648 declamatores3
914 2616 947 2640 at
970 2605 1045 2641 vero
1065 2604 1163 2639 Scho-

230 2663 232 2665 “
275 2664 356 2697 lares
377 2663 452 2695 sunt
476 2662 511 2694 in
536 2661 611 2694 suos
632 2657 764 2692 ordines
782 2654 901 2701 digesti
922 2657 1091 2690 sectatores
1103 2657 1163 2699 mi-

275 2713 355 2747 litiae
378 2709 555 2747 Castrenfis
575 2718 632 2743 aut
643 2707 801 2742 Palatinae
814 2730 821 2739 .
848 2706 1075 2752 Magisteriani
1089 2709 1163 2741 sunt

275 2762 399 2801 iidem,
423 2761 480 2805 qui
504 2759 650 2804 Agentes
677 2759 712 2792 in
738 2755 862 2796 rebus,
889 2767 1028 2800 quorum
1052 2755 1163 2791 schola

275 2814 332 2846 seu
355 2811 596 2850 ministerium,
621 2820 690 2843 non
712 2807 747 2841 in
772 2806 911 2848 litteris,
937 2807 990 2840 sed
1014 2806 1048 2839 in
1070 2806 1165 2841 rebus

276 2862 312 2895 &
335 2865 406 2896 astu
429 2862 571 2896 versatur
593 2883 604 2901 ‚
629 2867 787 2900 erantque
812 2857 893 2890 varii
916 2880 928 2898 ‚
963 2857 1143 2891 Ducenarii
1157 2880 1168 2896 ‚

277 2912 493 2952 centenarii,
519 2908 652 2944 Biarchi
668 2932 679 2950 ,
705 2907 900 2941 Circitores.
928 2906 1032 2941 Erant
1059 2908 1166 2950 praeci-

278 2972 345 3005 pua
365 2962 564 2996 officiorum
585 2955 749 3003 Magistro
771 2955 907 2999 subjecta
922 2967 959 2990 ac
973 2955 1166 2991 subserviens

280 3008 415 3050 schola,
443 3010 580 3054 indeque
600 3009 678 3043 dicti
698 3006 947 3051 Magisteriani.
973 3006 1165 3047 Dioscorus,

280 3060 301 3095 ὲ
322 3060 557 3106 gloriofiffimis
575 3057 738 3103 judicibus
761 3055 1004 3102 degradationis
1036 3067 1165 3100 poenam

281 3110 431 3145 meruiffe
462 3109 624 3152 judicatus
650 3133 662 3149 ‚
699 3106 838 3142 traditus
863 3107 929 3141 fuit
962 3106 1166 3142 Vincomalo

282 3159 481 3194 officiorum
503 3157 688 3201 Magistro,
715 3169 757 3193 ne
779 3156 890 3192 forsan
916 3155 936 3190 ὲ
956 3155 1093 3200 Synodo
1120 3159 1168 3191 fu-

285 3220 375 3254 geret
395 3206 628 3243 custodiendus
647 3232 658 3247 ‚
699 3218 797 3250 atque
821 3208 867 3241 ita
890 3205 946 3241 hic
967 3205 1060 3240 illum
1081 3218 1169 3241 com-

285 3260 372 3293 mifit
393 3260 456 3293 suis
466 3256 673 3292 Scholaribus
685 3279 695 3296 ,
721 3256 961 3301 Magisterianis
974 3281 984 3296 ‚
1011 3258 1065 3291 seu
1079 3257 1169 3291 scho-

288 3308 326 3342 1ae
348 3307 541 3352 Agentium·
555 3308 590 3342 in
614 3306 709 3341 rebus
729 3330 741 3346 ,
766 3316 848 3349 quos
870 3306 962 3339 fuisse
982 3307 1168 3341 Frumenta-

288 3358 411 3392 riorum
427 3359 614 3392 successores
625 3380 636 3397 ,
661 3356 830 3390 institutos
841 3355 882 3388 ad
895 3356 1012 3398 quaevis
1025 3368 1080 3400 per
1090 3357 1167 3392 Pro-

289 3406 416 3441 vincias
437 3407 573 3442 crimina
599 3404 815 3449 inquirenda,
840 3404 1095 3450 criminososque
1114 3418 1166 3441 cu—

288 3454 480 3493 stodiendos
504 3479 516 3498 ,
549 3457 680 3493 testatur
711 3456 748 3492 in
780 3454 989 3492 Diocletiano
1013 3456 1168 3493 Aurelius

949 126 1409 188 APPE'tsDix

1221 207 1337 240 Victor
1358 231 1367 239 .
1404 208 1529 242 Emum
1550 210 1677 245 varium
1701 222 1820 246 munus
1844 236 1854 252 ‚
1889 212 2104 256 qualitatem3

1220 257 1358 300 speciem
1390 255 1466 290 vide
1495 259 1581 301 apud
1604 261 1797 296 Guidonem
1828 264 2040 297 Pancirolum
2068 264 2104 296 in

1221 307 1339 341 notitia
1362 307 1491 350 imperii
1517 309 1698 344 orientalis
1719 335 1730 350 ‚
1765 314 1798 347 δε
1827 315 1914 358 apud
1942 313 2104 358 Jacobum

1220 355 1419 390 Guth'erium
1441 356 1475 390 in
1496 367 1596 401 opere
1615 357 1656 392 de
1669 360 1784 395 officiis
1796 362 1914 398 domus
1927 365 2100 409 Augustae.

1222 406 1276 440 Ab
1290 404 1378 440 hisce
1397 417 1477 452 ergo
1496 407 1704 449 custodibus,
1734 407 1908 447 hominum
1920 425 2037 458 genere
2050 424 2104 447 au·

1219 457 1289 491 daci
1313 456 1423 500 paffim
1445 469 1484 491 ac
1501 458 1675 499 insolenti,
1702 458 1800 493 finxit
1822 463 1854 496 se
1874 464 2050 499 Dioscorus
2061 463 2103 499 ab

1221 507 1345 541 accessu
1369 508 1410 541 ad
1431 508 1606 551 Synodum
1628 509 1803 551 impediri.

1270 556 1319 590 At
1338 568 1414 591 ecce
1433 558 1567 602 Legatis
1589 559 1759 602 Episcopis
1785 559 1803 592 a
1826 560 1992 596 Dioscoro
2018 575 2104 598 rece-

1219 604 1374 641 dentibus
1395 614 1515 642 occurrit
1534 608 1699 651 Eleufinius
1711 612 1901 643 venerandus
1913 612 2107 656 Adiutorglo-

1220 656 1350 698 riofiffimt
1379 668 1414 689 ac
1445 660 1715 702 magnificentissimi
1749 660 1884 704 Magistri
1916 662 2103 704 officiorum,

1221 718 1323 751 eaque
1345 707 1516 742 occasione
1536 708 1578 743 ad
1601 710 1801 744 Dioscorum
1824 712 1897 744 sunt
1929 712 1979 752 illi
2002 723 2106 747 revera¹

1222 756 1243 788 s1
1266 781 1274 789 .
1309 757 1461 801 Magistri
1483 758 1628 802 Adjutor
1649 770 1718 794 erat
1742 761 1848 794 totius
1870 759 1986 795 scholae
2005 771 2105 805 caput

1221 818 1259 839 ac
1289 805 1455 841 Praefetlus
1483 833 1494 849 ,
1529 820 1626 852 quem
1655 812 1719 844 effe
1743 812 1917 854 oportebat
1944 812 2106 846 idoneum

1222 856 1330 899 probis
1342 857 1487 892 moribus
1498 883 1509 899 ,
1521 859 1555 893 ἀ
1569 859 1663 894 bonis
1674 860 1795 894 artibus
1805 862 1973 904 praeditum
1987 886 1997 901 ,
2018 860 2107 895 ideo-

1222 917 1284 948 que
1313 907 1355 941 ab
1378 908 1547 953 Episcopis
1569 909 1738 944 instructus
1761 911 1943 945 Eleufinius
1972 914 2106 948 suorum

1224 957 1276 990 seu
1298 968 1405 991 veram
1429 960 1480 992 seu
1502 959 1609 993 ficiam
1631 972 1689 1003 pro
1716 962 1905 995 contumaci
1938 963 2106 996 Dioscoro

1222 1005 1391 1040 adversum
1421 1008 1548 1052 Synodi
1582 1010 1735 1044 mandata
1757 1011 1950 1046 violentiam
1977 1022 2107 1055 compe-

1223 1057 1302 1091 scuit
1315 1082 1325 1097 ,
1351 1056 1546 1103 reduxitque
1567 1059 1744 1103 Episcopos
1755 1060 1795 1094 ad
1809 1062 1959 1096 mandata
1974 1062 2032 1094 ista
2043 1073 2107 1095 rur-

1221 1106 1272 1141 sus
1293 1108 1495 1143 intimanda.
1523 1111 1568 1143 Et
1587 1111 1729 1145 omnino
1751 1123 1860 1145 coram
1881 1111 2109 1157 Eleufinioin-

1222 1158 1379 1192 timarunt
1403 1171 1413 1200 ·,
1445 1160 1625 1194 Dioscorus
1653 1162 1728 1193 vero
1750 1162 1892 1205 reposuit
1922 1174 1929 1193 z
1956 1163 2108 1204 ‚Quoniam

1221 1218 1292 1241 ante
1313 1207 1377 1241 haec
1400 1215 1433 1241 in
1464 1216 1685 1254 congregatione
1705 1209 1841 1254 sedentes
1863 1211 2108 1255 magnificentiffi·

1222 1264 1262 1289 ml
1279 1259 1400 1299 judices
1423 1269 1505 1293 certa
1526 1260 1702 1303 definierunt
1715 1262 1778 1303 post
1789 1263 1916 1295 multam
1927 1259 2108 1305 uniuscujus-

1221 1318 1276 1349 que
1310 1311 1560 1342 interlocutionem
1571 1335 1581 1351 ,
1607 1322 1683 1344 nunc
1694 1315 1765 1344 vero
1778 1317 1810 1343 in
1819 1312 2034 1353 praedtc‘lorum
2043 1323 2108 1344 con-

1219 1356 1413 1397 firmationem
1428 1357 1562 1402 secunda
1578 1372 1624 1393 me
1645 1370 1747 1394 evocat
1764 1368 1967 1406 congregatio,
1995 1360 2108 1404 obsecro

1222 1417 1255 1440 ut
1272 1413 1327 1452 qui
1344 1410 1463 1450 pridem
1483 1411 1527 1442 ad
1549 1409 1600 1442 hoc
1615 1409 1755 1453 satillum
1777 1416 1939 1445 Concilium
1955 1410 2108 1456 gloriqfiffiv

1221 1462 1262 1489 mi
1279 1459 1401 1499 judices
1422 1461 1457 1492 (τ
1479 1461 1663 1500 amplifflmus
1680 1463 1805 1494 Senatus
1823 1471 2023 1496 convenerunt
2035 1486 2046 1501 ‚
2071 1463 2108 1496 (Β

1222 1518 1299 1541 nunc
1312 1505 1374 1548 fint
1392 1507 1584 1551 presentes,
1607 1520 1641 1543 ut
1662 1516 1770 1544 iterum
1789 1510 1844 1554 sub
1864 1523 1961 1546 eorum
1976 1509 2108 1554 pra-sem

1222 1562 1266 1589 tia
1287 1556 1350 1590 baec
1359 1559 1464 1592 eadem
1476 1565 1687 1593 examinentur
1700 1585 1707 1592 .
1736 1561 2050 1595 Gloriofiffitnorum
2060 1562 2107 1604 ju*

1222 1607 1334 1640 dicum
1351 1608 1623 1644 interlocutiones
1644 1610 1678 1642 &
1700 1610 1822 1654 reliqua
1845 1611 1971 1654 Synodi
1984 1610 2050 1645 huc
2060 1613 2110 1646 usr

1222 1667 1285 1698 que
1316 1656 1399 1691 Asta
1433 1657 1452 1691 a
1482 1660 1615 1693 nemine
1639 1659 1851 1694 subvertenda
1873 1672 1928 1695 aut
1949 1660 2110 1709 tentanda

1224 1706 1467 1750 spoponderunt
1493 1710 1672 1753 Episcopi;
1698 1721 1731 1744 at
1752 1710 1886 1754 perstitit
1909 1711 2108 1745 Dioscorus:

1223 1757 1335 1797 Dixisti
1358 1757 1431 1790 mibi
1453 1770 1549 1799 nunc,
1575 1761 1656 1801 quod
1671 1760 1782 1793 libellos
1797 1769 1937 1802 porrexit
1957 1760 2108 1805 Eusebius

1221 1808 1367 1841 adversus
1388 1819 1485 1841 meam
1515 1808 1740 1852 Religt'ofitatem
1752 1835 1763 1851 ,
1785 1810 1893 1852 postulo
1912 1812 2108 1852 iterumprae-

1216 1856 1351 1900 sentibus
1382 1858 1533 1898 judicibus
1565 1861 1601 1893 &
1617 1858 1738 1902 glorioso
1769 1863 1879 1893 Senatu
1895 1860 2019 1902 probari
2038 1872 2107 1903 quae

1221 1907 1260 1940 ab
1286 1905 1347 1950 ipso
1372 1909 1510 1941 dicuntur
1523 1933 1531 1941 .
1821 1939 1823 1942 .

1272 1956 1403 2004 Qibus
1414 1956 1454 1993 ad
1467 1958 1642 2001 Synodum
1653 1959 1782 1999 relatis,
1809 1960 1983 1994 secundam
2003 1960 2051 1994 illi
2065 1961 2111 1994 ci·

1223 2007 1382 2041 tationem
1409 2018 1487 2041 mox
1509 2008 1597 2042 mitti
1620 2009 1726 2042 voluit
1739 2010 1907 2043 Maximus
1918 2009 2108 2044 patriarcha

1221 2056 1480 2096 Antiochum,
1505 2059 1618 2092 verum
1642 2057 1902 2102 Amphilochius
1923 2058 2109 2096 Sidenlisin

1225 2106 1425 2149 Pamphylia
1445 2107 1834 2150 Episcopusinterceffit:
1860 2109 2108 2143 Unoausduobus
2147 2103 2151 2108 ⁴

1222 2157 1328 2190 diebus
1348 2155 1437 2199 causa
1457 2157 1631 2198 differatur.
1661 2159 1821 2201 Reposuit
1847 2158 1922 2192 vero
1939 2160 2110 2194 Menecra·
2139 2197 2141 2199 ,

1224 2217 1271 2241 tes
1294 2207 1486 2241 Cerasuntis
1506 2208 1541 2242 in
1565 2207 1676 2250 Lydia
1703 2209 1902 2252 Episcopus:
1929 2214 2011 2243 Unus
2025 2209 2108 2243 bomo

1223 2254 1395 2301 universum
1420 2256 1516 2290 orbem
1535 2256 1702 2301 desolavit,
1727 2259 1964 2301 &perturbavit
1978 2285 1988 2300 ,
2014 2262 2049 2294 Θ
2055 2268 2109 2302 per

1224 2317 1287 2341 tres
1300 2305 1413 2350 menses
1436 2306 1599 2348 adfidemus
1623 2314 1667 2342 ei.
1695 2307 1842 2343 Nicaeam
1866 2311 1985 2353 quippe
2006 2312 2109 2344 fuerat

1225 2357 1343 2390 indicta
1366 2357 1540 2399 Synodus‚
1569 2369 1699 2402 propter
1721 2359 1872 2393 Dioscori
1886 2360 2111 2393 isticinsolen·

1223 2407 1305 2441 tiam
1329 2406 1482 2441 translata
1500 2407 1744 2442 Chalcedonem
1757 2432 1767 2447 ‚
1794 2409 1827 2441 ὅ(
1839 2409 1936 2442 trium
1952 2410 2110 2443 mensium

1225 2458 1309 2500 passa
1330 2468 1456 2490 moras.
1484 2457 1597 2502 Quare
1618 2457 1829 2501 Pergamium
1854 2458 2110 2493 Antiochenurn

1226 2508 1261 2540 in
1296 2505 1416 2539 Pisidia
1444 2506 1643 2551 Episcopum
1665 2507 1915 2550 Metropolitam
1944 2533 1955 2549 ,
1992 2509 2112 2544 Cecro-

1226 2557 1316 2599 pium
1339 2555 1658 2599 sebastopolitanum
1680 2558 1714 2590 in
1738 2558 1842 2601 prima
1867 2557 2044 2600 Armenia,
2072 2570 2111 2593 ac

1226 2606 1399 2640 Ruffinum
1431 2607 1688 2641 Samosatensem
1712 2609 1744 2641 in
1775 2607 1951 2642 Eufratefia
1974 2609 2112 2644 Provin-

1226 2655 1276 2689 cia
1303 2656 1522 2700 Episcopum,
1549 2658 1676 2701 unaque
1698 2654 1884 2701 Hypatium
1899 2660 2113 2695 Lestorem&

1227 2706 1405 2740 Notarium
1429 2707 1603 2741 destinavit
1626 2709 1779 2750 Synodus
1801 2733 1812 2747 ,
1839 2710 2012 2743 secundam
2034 2710 2113 2744 cita-

1227 2756 1355 2790 tionem
1374 2756 1531 2791 facsturos.
1559 2757 1692 2805 Qibus
1711 2757 1820 2791 denuo
1842 2760 2008 2802 respondit
2029 2759 2112 2794 Dio-

1226 2817 1340 2840 corus:
1361 2810 1445 2851 Jam
1465 2808 1577 2840 dudum
1593 2814 1788 2849 praeveniens
1811 2810 1996 2843 demandavi
2007 2809 2112 2850 vestre

1227 2854 1441 2901 Religiofitatt,
1466 2863 1536 2898 quia
1558 2859 1592 2891 (st
1614 2858 1790 2900 infirmitate
1810 2860 1941 2892 detineor
1962 2884 1974 2900 ,
2009 2861 2044 2894 ό·
2058 2868 2115 2902 po-

1222 2906 1298 2948 stulo
1321 2906 1610 2950 magnificenttffimos
1633 2910 1753 2949 judices
1775 2910 1809 2942 (τ
1825 2907 1946 2951 sacrum
1968 2911 2113 2943 Senatum

1229 2957 1281 3000 effe
1297 2956 1475 2999 praescntem
1499 2963 1531 2989 in
1550 2970 1648 2991 eorum
1673 2981 1683 2996 ,
1719 2969 1786 3000 quae
1810 2970 1886 2990 nunc
1905 2961 2113 2992 examinanda

1225 3005 1298 3049 sunt
1310 3031 1320 3047 ‚
1346 3008 1517 3039 audientia.
1546 3010 1698 3051 ,Quoniam
1718 3010 1788 3041 vero
1798 3009 1926 3050 amplius
1941 3009 2112 3053 mibiaegrt·

1230 3057 1299 3089 tudo
1322 3057 1476 3098 invaluit,
1497 3057 1584 3098 hujus
1599 3064 1704 3101 gratia
1705 3057 1768 3099 feci
1781 3059 1972 3093 dilationem.
2001 3060 2112 3093 Erite·

1230 3107 1302 3139 rum
1330 3118 1339 3137 2
1374 3110 1525 3140 Venerunt
1551 3108 1737 3153 religlcfifflmi
1762 3107 1900 3152 Episcopi
1918 3107 2110 3154 Juvenum,

1232 3153 1391 3195 Thalaffius
1404 3178 1414 3195 ,
1438 3155 1588 3199 Eusebius
1611 3183 1622 3197 ‚
1649 3158 1775 3200 Rufillus
1799 3182 1810 3198 ‚
1835 3160 1870 3193 <5
1891 3158 2043 3199 Eustatius
2068 3157 2113 3189 ad

1232 3208 1393 3238 Concilium
1414 3208 1426 3240 .>
1459 3207 1591 3241 Etenim
1614 3209 1648 3242 ὃς
1671 3207 1731 3242 hos
1754 3207 1968 3252 gloriofiffimi
1988 3205 2110 3248 judices

1231 3255 1403 3290 edixerant
1423 3256 1655 3301 degradatione
1674 3258 1796 3303 dignos
1815 3270 1824 3289 ι
1849 3257 1942 3290 Hinc
1963 3257 2012 3289 uti
2035 3255 2109 3298 lapsi

1235 3306 1387 3350 Episcopi
1409 3307 1540 3340 fuerunt
1562 3307 1625 3341 unfa
1645 3319 1718 3342 cum
1732 3308 1892 3341 Dioscoro
1901 3305 1987 3347 ejecti
1999 3305 2040 3338 de
2052 3308 2119 3348 Sy-

1234 3356 1313 3390 nodi
1336 3358 1481 3391 consessu
1495 3382 1504 3397 ,
1531 3358 1563 3391 ὅ(
1584 3359 1650 3392 fine
1671 3358 1734 3391 illis
1754 3382 1764 3397 ,
1792 3354 1903 3398 utpote
1926 3366 1966 3388 ex
1993 3355 2110 3390 eodem

1234 3416 1322 3440 reatu
1345 3407 1386 3440 ad
1409 3419 1514 3451 parem
1539 3419 1666 3450 poenam
1688 3405 1874 3451 postulatis,
1902 3404 2033 3440 nolebat
2055 3405 2111 3441 ille

1235 3456 1426 3502 respondere
1446 3468 1501 3492 aut
1520 3457 1655 3501 judicari
1668 3480 1676 3492 v

2003 3504 2060 3541 Ad
