2340 3736
54 1236 175 1273 Cap.13.

473 165 1783 221 DzLATROCINIOEPnusINO.
1933 178 1985 226 53

233 239 279 290 iia
294 255 478 301 [Μαι-ψ.-
505 255 782 291 DEPoNANT
802 254 942 290 APUD
965 253 1105 288 REVE-

1177 252 1245 284 Leo
1271 249 1428 284 Pontifex
1455 250 1573 285 differri
1602 253 1707 286 voluit
1734 253 1767 284 in
1795 253 1881 287 diem
1909 255 2030 288 dit-'lum
2047 280 2054 287 .

231 307 541 343 REN01331M03
573 305 819 340 EPISCOPOS
846 330 856 344 ‚
896 304 1002 341 NON
1046 303 1113 338 80-
1177 300 1229 334 Ad
1252 299 1387 333 eandem
1410 302 1428 333 a
1451 299 1602 342 Principe
1626 303 1782 337 invitatus
1806 305 1976 345 reseripiit.
2006 310 2057 339 Ne
2080 326 2227 355 L.1.Con.

230 356 343 390 LUM
360 357 454 404 QUI
472 356 671 391 DUDUM
695 353 1106 390 CONVENERUNT‚

228 405 413 442 VERUM
435 405 594 440 ETiAM
618 406 684 440 ET
697 405 835 440 APUD
859 402 1104 438 REVEREN-

228 455 468 492 DISSIMUM
489 454 829 493 THALASSIUM,
860 452 939 487 UT
966 451 1116 487 OMNF

228 504 322 539 BUS
345 505 420 541 HIS
442 503 816 542 PRAESENTIBUS‚
842 500 972 549 QJAE
1001 501 1106 536 SUP-

227 554 457 591 PLICATIO
480 553 774 603 LOQHTUR,
800 551 1007 587 NEGOTH
1035 551 1115 584 VE-

228 604 374 640 RITAS
396 601 724 652 INQUIRATUR
750 626 757 633 .
796 606 931 643 Cumque
952 602 1104 634 concilium

227 665 450 699 congregaretur
469 679 480 694 ,
517 652 662 691 Eutyches
686 649 790 694 absens
805 650 919 692 fac‘lus
943 653 988 683 ad
1020 655 1113 697 vicem

220 703 310 748 suam
330 703 402 746 mifit
423 703 646 744 Constantinum
667 705 832 735 Diaconum
858 703 903 734 ad
927 702 1090 733 Concilium
1103 725 1112 740 ,

226 764 260 790 ut
280 763 335 795 pro
358 767 389 788 eo
411 751 587 796 respondens
616 752 863 785 examinantibus
890 750 1044 792 judicibus
1059 762 1109 795 ge·

222 804 328 846 storum
343 802 463 846 falfitas
485 801 748 843 deprehenderetur
761 825 768 833 .
795 802 857 834 Sed
867 800 991 843 discufflt
1002 800 1112 843 gestis,

225 854 401 892 inflantibus
424 856 563 885 Notariis
583 849 793 894 Episcoporum
817 854 914 884 Deum
926 850 1113 889 timentibus,

226 906 289 937 etim
311 901 462 941 Eutychen·
486 902 580 944 aliqui
595 901 747 943 faverent
767 908 825 942 pro
848 908 977 942 tempore
997 924 1008 940 ,
1037 900 1116 933 nihil

221 950 365 995 falfitatis
388 957 521 985 inveniri
539 958 639 993 potuit
660 977 667 984 .
705 952 786 985 Haec
807 949 853 984 est
886 949 1028 989 secunda
1053 950 1112 983 sub

224 1000 357 1036 laudato
379 1002 539 1035 Flaviano
554 1001 708 1046 Synodus
718 1025 728 1040 ,
754 1000 833 1034 fabia
845 999 976 1034 Asterio
989 1000 1023 1035 &
1036 1000 1115 1034 Pro-

224 1062 347 1095 togene
369 1051 593 1091 Consulibus,
619 1063 708 1086 anno
731 1050 875 1085 Domini
897 1049 1115 1094 quadringen-

224 1102 337 1135 tesimo
358 1102 600 1146 quadragefimo
622 1113 714 1135 nono
728 1124 739 1140 ,
765 1099 855 1142 cujus
877 1098 986 1133 lucida
1005 1100 1039 1134 &
1067 1111 1114 1133 ac-

224 1161 334 1185 curata
357 1154 446 1192 asta,
473 1151 643 1195 quomodo
665 1152 699 1184 ἃ
721 1151 852 1194 primae,
881 1148 980 1189 habes
1002 1150 1038 1183 iu
1051 1150 1114 1193 pri·

225 1213 278 1234 ma
300 1201 441 1240 AstiQne
463 1199 588 1244 Synodi
614 1200 913 1235 ChalcedonenfiS·

277 1251 390 1295 Pergit
422 1250 599 1288 Liberatus
624 1250 796 1285 Diaconus
821 1274 828 1283 .
868 1248 1027 1296 Postquam
1046 1251 1113 1292 ergo

225 1301 304 1334 nibil
317 1300 479 1342 probatum
500 1299 540 1341 est
561 1305 704 1339 Notat-iis
728 1302 768 1333 de
784 1298 918 1341 falsitate
936 1298 1080 1342 gestorum
1098 1323 1108 1338 ‚

224 1349 370 1389 'Eutyches
396 1354 478 1392 petit
515 1350 688 1392 Dioscorum
718 1350 961 1386 Alexandrinum
994 1346 1116 1391 Episco-

220 1408 315 1442 pum,
340 1409 375 1433 ut
395 1409 543 1442 quaereret
564 1411 633 1442 quae
657 1400 693 1432 de
720 1400 768 1432 illo
788 1399 856 1431 adia
871 1396 964 1443 sunt,
990 1400 1024 1433 (τ
1050 1409 1115 1431 cau-

222 1448 290 1493 sam
312 1455 501 1489 examinaret
516 1474 523 1480 .
551 1448 663 1492 Agebat
687 1451 773 1490 apud
795 1452 963 1490 Principem
980 1448 1048 1490 fieri
1064 1460 1115 1492 ge·

224 1501 353 1536 neralem
378 1500 541 1539 Ssnodum,
567 1507 600 1532 ut
617 1498 793 1541 probaretur
808 1499 957 1540 juduiurn
984 1498 1114 1531 Flavia-

224 1555 276 1583 ni.
304 1548 422 1592 Scripsit
442 1551 509 1593 ergo
536 1549 687 1588 Dioscorus
710 1553 906 1590 Imperatori,
932 1554 1003 1591 quia
1021 1550 1114 1581 aliam

223 1600 366 1637 synodum
383 1600 554 1643 generalem
574 1599 642 1642 fieri
665 1607 796 1641 oportet,
822 1601 856 1632 (ν
876 1607 909 1631 ut
917 1598 1027 1640 fieret,
1049 1606 1115 1640 per-

220 1647 311 1691 suafit
331 1649 477 1692 Eutyches
495 1675 503 1683 .
535 1650 662 1683 Secreta
688 1647 753 1683 huc
781 1650 882 1692 usque
904 1649 989 1687 inter
1013 1648 1116 1691 Eutyq

224 1696 322 1732 chem
354 1699 389 1731 &z
424 1699 623 1738 Dioscorum
655 1699 892 1741 conjurationis
911 1699 1004 1742 orgia
1035 1707 1114 1733 tunc

227 1758 337 1791 patere
358 1759 526 1792 coeperunt
545 1770 552 1778 .
594 1747 754 1795 Apparuit
775 1746 948 1790 Eutychen
971 1759 1013 1781 ex
1034 1748 1116 1781 Dio-

224 1797 307 1830 seori
339 1797 476 1835 consilio
503 1797 522 1828 a
555 1796 703 1831 Romani
734 1797 906 1830 Pontificis
928 1797 1050 1839 judicio
1073 1797 1113 1833 ad

225 1845 399 1891 Synodum
428 1846 614 1889 provocasse
641 1871 647 1878 .
686 1845 859 1886 Liberatus
882 1846 964 1880 istud
992 1848 1112 1884 fastum

225 1906 318 1940 putat
342 1895 412 1940 post
436 1895 609 1944 secundam
630 1896 738 1929 Sansti
762 1895 909 1930 Flaviani
930 1896 1111 1938 synodum:

226 1944 273 1981 At
296 1957 420 1984 certum
442 1945 487 1979 est
513 1944 597 1986 labi.
626 1945 758 1980 Etenim
783 1946 817 1979 in
838 1946 976 1979 secunda
990 1945 1044 1979 illa
1057 1946 1111 1989 Sys

226 1996 317 2031 nodo
338 1994 378 2029 ad
400 1996 603 2032 Florentium
619 1995 797 2035 Patricium
813 1994 894 2029 dicit
908 1994 1113 2040 Meliphton-

225 2058 286 2091 gus
311 2046 490 2088 Episcopus
513 2045 788 2090 Iuliopolitanus:
817 2047 960 2086 Piiffimus
982 2050 1111 2088 Impera-

226 2106 272 2128 tor
292 2094 490 2137 universalem
513 2101 656 2136 praecepit
671 2097 737 2138 fieri
763 2097 906 2135 synodum
926 2121 937 2136 ,
964 2097 998 2134 ὁ·
1021 2095 1111 2140 neces:

221 2143 255 2189 se
277 2143 314 2184 est
336 2146 462 2184 majores
483 2142 588 2186 causas
613 2149 645 2175 in
666 2147 744 2177 illud
763 2144 917 2187 reservare
939 2148 1107 2179 concilium.

227 2195 273 2227 Et
296 2193 456 2231 Eusebius
476 2193 688 2235 Doryleenfis
708 2194 748 2227 ad
772 2194 907 2233 eandem
927 2196 1110 2236 synodum.-

225 2247 354 2275 Coni’uro
375 2253 429 2278 vos
447 2250 503 2283 per
527 2243 670 2275 Sam‘lam
693 2245 727 2276 Θ
751 2242 1032 2284 Consubstantt'alem
1043 2248 1108 2277 Tri-

227 2299 353 2326 nitatem
365 2316 375 2331 ,
392 2290 500 2332 futuro
520 2293 646 2325 Concilio
659 2291 826 2334 universali
839 2317 850 2333 ,
870 2292 1109 2337 secundumsan-

226 2344 348 2375 Hionem
370 2340 478 2379 Christi
499 2347 657 2375 amicorum
680 2345 874 2384 Principum,
902 2342 954 2376 ho:
966 2350 1110 2387 negotium

225 2392 374 2436 reservari
393 2415 401 2424 .
431 2391 510 2426 Non
535 2392 613 2436 ergo
641 2391 711 2435 post
733 2417 743 2431 ‚
771 2392 823 2426 sed
848 2403 923 2426 ante
944 2391 1030 2426 hanc
1053 2394 1111 2437 Sy-

225 2442 353 2477 nodum
387 2442 562 2486 postulavit
594 2442 627 2475 ἀ
649 2442 796 2476 obtinuit
816 2442 982 2486 appellans
1003 2444 1108 2486 Euty-

224 2492 300 2526 ches
319 2491 467 2536 generale
492 2492 685 2526 Concilium
704 2517 715 2532 ,
742 2503 837 2535 atque
856 2493 890 2526 in
913 2491 973 2526 hac
999 2495 1109 2528 secun-

224 2543 266 2576 da
285 2541 423 2584 Synodo
446 2552 555 2585 parare
578 2541 633 2575 fibi
665 2552 751 2575 arma
774 2543 914 2577 tentavit
939 2567 951 2582 ,
990 2543 1107 2587 quibus

225 2593 358 2627 Sanctus
380 2591 554 2630 Flavianus
575 2603 641 2626 non
666 2592 897 2626 tantummodo
921 2592 963 2627 de
991 2593 1108 2626 Nesto·

225 2643 314 2675 tiana
343 2641 446 2675 haerefi
481 2641 685 2678 damnaretur
711 2666 722 2682 ‚
758 2642 811 2676 sed
847 2641 881 2675 &
907 2640 947 2675 de
970 2643 1106 2678 crimine

226 2691 293 2723 falfi
318 2714 325 2722 .
352 2690 524 2734 Ejusmodi
548 2691 660 2736 paffim
679 2690 839 2726 machinis
861 2690 988 2727 haereses
1012 2693 1109 2728 stabi-

227 2743 369 2774 liuntur.

319 2960 570 3009 CAPUT
619 2964 1022 3029 QJINTUM.

260 3096 432 3168 Ephefim'
454 3080 636 3148 latrocinii
662 3100 800 3169 Praefis
822 3139 836 3165 ‚
871 3104 1071 3174 Episcopi,

487 3174 612 3219 Comes
621 3207 635 3233 ,
671 3187 813 3241 tempus
822 3210 835 3221 .

229 3285 477 3371 CElebrata
502 3287 565 3322 fuit
602 3287 669 3324 haec
703 3291 918 3327 infeliciffima
950 3292 1104 3337 Synodus

339 3336 467 3371 Asterio
493 3338 528 3372 δε
553 3338 739 3384 Protogene
756 3341 981 3382 Consulibus,
1015 3354 1104 3377 anno

227 3384 369 3420 Domini
393 3386 713 3433 quadringentefirno
725 3389 969 3436 quadragesimo
994 3404 1103 3433 none,

229 3434 319 3469 sexto
341 3436 418 3471 Idus
445 3437 608 3483 Augusti.
646 3439 769 3474 Indista
790 3448 855 3474 erat
876 3442 912 3474 in
942 3440 1105 3476 Kalendas

232 3482 396 3529 Augusti,
422 3487 534 3523 verum
565 3490 718 3535 temporis
746 3489 928 3534 angustiam
959 3493 1105 3528 causatus

1172 351 1292 392 pii'ffimi
1320 353 1472 392 Principis
1499 349 1696 392 dispositioni,
1724 354 2164 396 quaEpiscopat'eCon-[1121.

1175 401 1274 435 cilium
1297 402 1389 432 voluit
1410 405 1578 444 congregari
1596 423 1606 439 ,
1642 402 1735 440 nostra
1756 404 1910 435 videretur
1929 403 2058 445 praefhn-
2079 404 2209 444 ..silbin

1175 455 1221 483 tia
1252 450 1371 493 defuiffe
1394 476 1405 491 ‚
1436 450 1552 492 fratres
1585 461 1661 482 meos
1681 453 1846 493 Julianum
1880 452 2058 495 Episcopum

1177 500 1339 535 Coensem
1355 525 1366 541 ,
1393 502 1427 534 (tr
1454 504 1603 535 Renatum
1624 500 1823 536 Presbyterum
1849 503 1956 537 Sanffl
1984 503 2057 536 Cle-

1177 551 1316 589 mentis,
1338 552 1373 585 (15
1387 549 1483 591 filium
1509 562 1604 583 meum
1631 550 1769 581 Hilarum
1795 554 1953 584 Diaconum
1971 552 2038 593 mist*
2048 576 2058 591 ,

1175 605 1227 642 qui
1252 605 1348 634 vicem
1370 599 1542 643 praesentiae
1562 611 1635 633 meae
1658 601 1779 640 implere
1804 600 1984 641 sufficerent.
2013 603 2057 635 Et

1175 650 1207 682 in
1238 650 1352 684 litteris
1377 650 1467 684 aliis.
1495 652 1588 694 ,Quod
1607 649 1768 693 Principis
1786 652 1888 681 Pietas
1901 659 1990 684 etiam
2012 663 2058 684 me

1172 700 1300 732 credidit
1322 700 1424 734 debere
1448 702 1574 743 interesse
1597 700 1743 739 Concilio,
1770 698 1885 739 etiamst
1899 699 2058 741 secundum

1173 750 1293 790 aliquod
1313 749 1448 792 praesens
1474 758 1640 794 exigeretur
1655 751 1843 792 exemplum,
1870 760 1944 781 nunc
1958 758 2058 784 tamen

1179 810 1368 841 nequaquam
1390 801 1480 843 posset
1507 802 1624 841 impleri
1649 813 1660 832 .-
1696 803 1783 844 ,Quia
1808 810 1907 833 rerum
1929 799 2060 842 praesen-

1173 854 1249 881 tium
1274 855 1364 882 nimis
1403 856 1516 884 incerta
1543 851 1670 883 conditio
1694 851 1715 881 ἆ
1740 860 1838 883 tantae
1864 850 1946 881 urbis
1969 857 2060 890 popu-

1173 900 1210 932 lis
1236 910 1282 932 me
1317 899 1408 942 abeffe
1447 911 1503 932 non
1535 899 1666 942 sineret,
1703 901 1738 933 (θ’
1764 907 1796 932 in
1832 899 2060 942 desperationem

1175 950 1337 992 quamdam
1362 955 1457 982 animi
1481 952 1722 986 tumultuantium
1734 958 1947 989 mitterentur,
1971 948 2060 991 fiper

1174 1010 1237 1032 occa
1247 1011 1338 1032 ionem
1362 997 1434 1042 caus
1432 1012 1458 1032 ae
1495 999 1697 1040 Ecclesizfiicae
1723 1002 1842 1033 viderer
1863 1005 2000 1040 patriam
2025 1001 2060 1033 (τ

1177 1048 1362 1090 apostolicam
1388 1051 1491 1085 Sedern
1518 1050 1594 1084 velle
1622 1049 1753 1092 deserere
1777 1075 1783 1082 .
1825 1045 1937 1083 At’tilti'v
1970 1048 2061 1082 enim

1176 1098 1379 1134 Hunnorum
1406 1099 1481 1132 Rex
1508 1100 1607 1134 Italiae
1634 1099 1828 1135 imminebat
1848 1125 1855 1131 .
1894 1099 2061 1142 Juliannm

1176 1148 1338 1181 Coensem
1360 1148 1505 1192 Prosperi
1529 1149 1724 1184 Chronicon
1749 1151 1832 1183 male
1852 1160 2010 1193 permutat
2023 1150 2058 1183 in

1177 1197 1300 1240 Julium
1321 1196 1521 1240 Episcopum
1549 1198 1790 1234 Puteolanum.

1226 1247 1385 1281 Invitatus
1411 1248 1476 1280 fuit
1501 1247 1533 1281 δε
1560 1247 1741 1282 Dioscorus
1767 1248 1955 1293 patriarcha
1984 1248 2062 1282 Ale-

1180 1295 1359 1330 xandrinus
1385 1308 1459 1329 cum
1487 1296 1600 1331 decem
1628 1299 1690 1330 suae
1723 1298 1912 1332 Dioeceseos
1939 1299 2061 1333 Metro-

1178 1346 1288 1389 politis
1309 1371 1320 1387 ,
1358 1346 1392 1380 &
1418 1347 1558 1381 totidem
1585 1348 1841 1390 provincialibus
1869 1349 2060 1391 Episcopis‚

1172 1395 1305 1439 sermone
1332 1398 1366 1430 &¹
1392 1401 1506 1430 virtute
1531 1403 1665 1436 ornatis,
1702 1409 1758 1439 per
1784 1399 1888 1440 ipsum
1916 1398 2065 1441 deligen-

1177 1446 1252 1486 dis,
1278 1444 1433 1490 additque
1460 1447 1599 1481 secunda
1625 1446 1665 1480 ad
1693 1448 1795 1490 ipsum
1825 1449 1919 1481 Sacra
1932 1447 2061 1491 Episto-
2084 1467 2241 1502 L·14-c·57·

1177 1496 1228 1533 la:
1259 1496 1470 1530 Aueioritatem
1497 1499 1531 1531 (τ
1546 1503 1710 1538 primatum
1732 1498 1970 1539 tua-praebemus
1984 1501 2063 1530 Bea-

1177 1547 1323 1584 titudini.
1353 1547 1406 1580 Ex
1428 1557 1494 1589 quo
1519 1547 1727 1589 Nicephorus
1753 1547 1904 1582 Calixtus
1931 1548 2059 1590 Synodi

1177 1596 1414 1629 Praefidentiam
1443 1596 1547 1629 credit
1574 1598 1629 1639 ipsi
1667 1598 1685 1629 ἓι
1711 1597 1859 1640 Principe
1887 1599 2059 1632 collatam.

1178 1647 1297 1679 Favere
1323 1645 1452 1679 videtur
1475 1646 1621 1688 Julianus
1634 1648 1842 1690 Hypaepenus
1862 1649 2062 1691 Episcopus,

1177 1695 1211 1729 in
1238 1695 1376 1738 Synodo
1401 1694 1660 1730 Chalcedonenfi
1685 1698 1797 1731 dicens
1829 1697 1870 1731 ad
1906 1696 2064 1731 Paschafi-

1179 1757 1258 1779 num
1287 1744 1433 1787 Lilybeti
1463 1745 1684 1790 Episcopum,
1710 1747 1817 1780 Sancti
1830 1748 1952 1781 Leonis
1966 1748 2064 1790 Papae
2085 1738 2181 1775 A3⁶3·

1177 1796 1361 1840 Legatum:
1388 1799 1424 1827 In
1445 1795 1572 1837 Ephefia
1596 1798 1748 1837 Metropoli
1778 1800 1949 1830 Primatum
1974 1798 2062 1831 habe-

1175 1845 1228 1878 bat
1255 1844 1425 1887 Dioscorus,
1451 1857 1529 1878 nunc
1552 1847 1650 1886 vestra
1667 1846 1817 1880 sanffltas
1835 1855 1998 1888 primarum
2021 1858 2062 1881 te-

1176 1905 1225 1929 net
1248 1896 1418 1936 sanc‘liffimi
1439 1899 1545 1928 Leonis
1570 1922 1576 1928 .
1618 1897 1659 1931 Et
1684 1896 1919 1931 Theodoretus
1956 1899 1988 1930 in
2010 1898 2060 1931 lit-

1174 1946 1249 1979 teris
1274 1945 1314 1978 ad
1338 1947 1511 1979 Domuum
1542 1946 1761 1984 patriarcham
1784 1947 2056 1981 Antiochenam:

1174 1997 1266 2039 ,Quid
1277 1994 1439 2037 praefidens
1461 1998 1589 2029 Concilio
1613 1996 1763 2038 Dioscorus
1787 2010 1844 2029 non
1865 1999 1959 2041 aget?

1225 2045 1424 2088 Respondeo
1437 2047 1529 2080 ilium
1546 2047 1637 2081 fuiffie
1648 2045 1774 2090 Synodi
1791 2047 1954 2081 Praefidem
1969 2071 1979 2086 ‚
2005 2059 2058 2081 ve-

1174 2095 1244 2129 rum
1270 2106 1310 2128 ex
1332 2096 1476 2130 violenta
1498 2096 1684 2135 invafione,
1715 2108 1919 2141 nequaquam
1943 2109 1983 2130 ex
2005 2096 2057 2130 de-

1174 2145 1336 2189 legatione
1352 2145 1531 2187 Principis.
1563 2146 1655 2178 Absit
1670 2170 1680 2185 ‚
1707 2156 1741 2179 ut
1755 2145 1965 2180 Theodofius
1989 2149 2060 2180 Au-

1174 2194 1284 2238 gustus
1296 2195 1327 2227 se
1348 2192 1389 2226 ab
1411 2193 1574 2232 Eunucho
1596 2194 1701 2229 seduci
1725 2197 1900 2237 permiserit
1922 2196 1962 2229 ad
1990 2197 2058 2231 Ro-

1175 2255 1308 2277 manum
1333 2243 1532 2288 Episcopum
1551 2245 1568 2277 ὲ
1583 2243 1785 2278 Piaefidencia
1796 2245 2054 2279 excludendum.

2083 1933 2239 1972 Epist-112.

1175 2293 1308 2327 Etenim
1332 2295 1424 2326 sacris
1442 2294 1508 2336 ejus
1533 2294 1573 2328 ad
1597 2294 1793 2328 Dioscorum
1806 2295 1959 2338 Epistolis
1969 2297 2057 2329 :iddi-

1172 2353 1224 2376 tur
1256 2342 1323 2376 haec
1349 2342 1558 2378 subnotatio:
1595 2346 1709 2376 Eodem
1733 2354 1830 2379 tenore
1847 2345 1991 2388 scriptum
2017 2346 2056 2386 est

1172 2398 1262 2427 etiam
1280 2395 1435 2438 Juvenali
1459 2395 1689 2434 reverendiffimo
1704 2393 1848 2438 Episcopo
1858 2395 2058 2438 Hierosolymo·

1171 2455 1261 2476 rum.
1289 2442 1333 2475 Et
1358 2443 1423 2486 ipse
1445 2445 1623 2478 Dioscorus
1650 2444 1684 2477 in
1705 2445 1843 2488 Synodo
1877 2445 2056 2479 Chalcedo-

1172 2493 1258 2532 nensi
1286 2491 1370 2526 dixit
1392 2491 1432 2527 ad
1464 2493 1706 2538 gloriofiffimos
1731 2495 1877 2538 Judices:
1906 2500 2056 2537 Comperit
2080 2503 2172 2536 Asta·

1171 2542 1268 2584 vestra
1279 2543 1467 2583 Clementia,
1495 2551 1566 2586 quia
1600 2556 1657 2576 non
1691 2544 1765 2577 mibi
1781 2543 1838 2587 soli
1858 2544 2054 2588 sanc‘liffimus

1171 2592 1261 2632 noster
1271 2596 1432 2634 Imperator
1453 2594 1590 2634 commisit
1603 2596 1754 2634 judicium
1769 2618 1779 2633 ‚
1806 2594 1860 2633 sed
1881 2597 1915 2629 (⁹5
1936 2596 2058 2635 beatiffi·

1169 2655 1217 2679 mo
1233 2646 1265 2687 J
1268 2645 1389 2680 uvenali
1411 2645 1445 2676 t&
1458 2642 1630 2686 sant‘liffimo
1660 2642 1802 2686 Episcopo
1824 2644 1963 2685 Thalaffio
1982 2646 2053 2679 Cae-

1171 2693 1361 2730 sareenfium
1385 2693 1420 2726 in
1443 2692 1652 2736 Cappadocia
1690 2693 1825 2727 Primati
1850 2694 2053 2728 audiaritatem

1169 2743 1271 2786 Synodi
1293 2742 1394 2775 dedit.
1426 2744 1467 2776 Et
1491 2744 1555 2786 ipse
1579 2744 1764 2787 Iuvenalis:
1801 2747 1870 2777 Haec
1892 2745 1997 2778 eadem
2019 2746 2054 2778 (δ’

1169 2792 1242 2829 mibi
1258 2791 1375 2835 scripta
1388 2790 1480 2835 sunt.
1511 2794 1553 2827 Et
1575 2792 1725 2828 adversus
1758 2795 1954 2831 Dioscorum
1970 2817 1981 2834 ,
2008 2795 2054 2827 in-

1170 2843 1340 2877 vadentem
1354 2842 1481 2885 Synodi
1504 2843 1741 2879 Praefidentiam
1756 2845 1870 2888 vigore·
1890 2846 1980 2878 sacrae
1992 2845 2053 2878 Di-

1170 2893 1274 2932 valis,
1298 2891 1405 2933 dixit,
1427 2895 1657 2937 interpretante
1690 2904 1766 2927 eum
1790 2894 1959 2928 Florentio
1985 2896 2054 2937 Ly-

1169 2943 1229 2976 diae
1240 2942 1423 2986 Episcopo,
1451 2943 1596 2986 Julianus
1621 2944 1755 2978 Coenfis
1771 2944 1968 2987 Episcopus,
1991 2945 2052 2978 Le-

1169 3002 1265 3037 gatus
1283 2993 1388 3026 Sansti
1406 2994 1527 3028 Leonis
1541 3018 1548 3026 .
1575 2996 1690 3027 Eodem
1714 3003 1808 3026 tenore
1829 2997 1849 3026 ᾱ
1872 2995 2052 3036 piissimis&

1170 3042 1418 3083 chrisiianiffimis
1432 3044 1656 3085 Imperatoribus
1669 3047 1688 3076 5
1692 3045 1864 3084 ant‘lzffimus
1886 3044 1974 3083 noller
1990 3047 2050 3076 Pa-

1166 3102 1210 3135 pa
1233 3096 1377 3127 Romanae
1401 3092 1536 3134 Ecclesiae·
1558 3093 1732 3135 praepositus
1764 3098 1820 3127 Leo
1843 3105 1966 3128 vocatus
1994 3094 2050 3134 cst.

1170 3143 1337 3186 Julianus,
1363 3142 1465 3177 homo
1479 3144 1631 3183 Graecus,
1661 3142 1700 3177 ad
1722 3144 1850 3177 Graecos
1877 3144 1977 3179 latine
1999 3154 2052 3185 per

1171 3194 1375 3235 interpretem
1386 3192 1528 3235 loquitur
1541 3203 1668 3237 propter
1690 3194 1774 3227 vices
1798 3196 1832 3228 ὅ(
1856 3194 2049 3234 maiestatem

1170 3242 1318 3275 Ecclefiae
1350 3241 1534 3278 Romanae.
1578 3243 1686 3277 Etiam
1719 3244 1853 3277 Hilarus
1882 3244 2051 3276 Diaconus

1169 3291 1359 3335 protestatus
1380 3291 1425 3325 est
1438 3316 1446 3324 .
1474 3292 1662 3334 Gloriofiffimi*
1680 3295 1713 3327 <5
1738 3293 1966 3331 Christianisfimi
1986 3296 2047 3323 Im-

1165 3350 1315 3383 peratores
1325 3339 1500 3376 charitatem
1510 3348 1586 3376 circa
1605 3343 1696 3385 fidem
1718 3342 1900 3374 Catholicam
1926 3343 1959 3375 (ν
1981 3342 2051 3382 affe-

1168 3392 1246 3424 t¹lum
1258 3399 1390 3425 tenentes
1404 3415 1416 3433 ‚
1441 3393 1631 3433 beatiffimum
1645 3391 1823 3434 Episcopum
1834 3391 1960 3432 nostrum
1978 3395 2053 3425 Leo-

1167 3453 1232 3475 nem
1246 3465 1256 3481 ,
1284 3441 1447 3482 apostolica»
1469 3444 1551 3475 Sedis
1576 3441 1734 3484 Praeficlem
1746 3466 1756 3482 ,
1782 3451 1816 3474 ut
1837 3441 1903 3474 huic
1923 3453 2047 3476 venera-

1167 3492 1218 3527 bili
1230 3516 1241 3533 ,
1267 3489 1406 3534 &sanc‘t'o
1427 3493 1553 3528 Concilio
1574 3493 1682 3536 adeffet
1695 3516 1706 3533 ‚
1732 3493 1896 3536 dirigentes
1921 3503 2047 3572 ‘geltrera-

1944 3546 1995 3574 ies
