2340 3736
361 156 422 189 22

294 239 353 273 pus
362 224 646 263 Chalcedonenfis
656 251 663 260 .
689 224 853 274 Qiocirca
863 225 968 261 eoacti
979 224 1029 259 illi
1041 249 1052 266 ,
1064 223 1173 269 &qui-
1189 224 1194 250 l

293 279 370 316 dem
381 290 423 313 ex
434 288 555 323 magna
566 277 776 312 conniventis
784 275 947 325 Principis
957 274 1059 320 gratia
1071 296 1082 313 ‚
1107 285 1175 317 per-

293 331 481 365 manserunt
493 330 527 362 in
539 328 647 362 nescio
656 327 750 372 cujus
759 326 862 364 domo
873 327 998 371 privata
1009 325 1075 358 fine
1084 323 1174 358 obla-

292 368 386 418 tidne
397 381 435 414 ὅ(
446 379 696 422 Scripturarum'
705 376 841 412 lofflone
851 401 862 419 ,
888 374 1122 410 convenientes
1132 372 1172 407 ad

293 430 378 468 solas
400 439 509 473 preces
518 428 553 461 δε
564 427 730 472 colloquia
755 427 796 461 de
806 428 859 461 sua
870 426 1034 470 religione
1042 447 1053 464 ‚
1078 433 1175 466 atque

292 479 338 519 lta
347 479 478 515 evanuit
488 478 683 513 omnisa'nte
694 478 864 515 victoriam
871 474 1055 520 triumphus
1068 499 1075 506 .
1097 475 1173 510 Hac

292 528 438 564 de-causa
453 527 630 563 Ecclesiam
641 526 954 565 Chalcedonenseru‘v
962 525 1050 563 »dicit
1060 522 1176 562 Theo-

291 580 420 618 doretus
434 578 470 613 in
481 576 653 613 schismate
663 579 819 614 exerceri.

343 627 487 663 Affiduis
496 628 643 673 precibus
651 628 827 674 fatigavere
836 626 1027 669 Principem
1037 649 1048 666 ‚
1068 622 1176 668 postu-

291 680 396 714 lantes
416 678 544 723 cyrini*
562 675 718 723 Capitula
738 687 775 712 ut
804 677 954 711 haeretica
975 700 987 717 ,
1013 674 1118 719 ipsum
1140 674 1174 707 ὅ(

290 729 513 765 Memnonem
523 728 637 766 haberi
649 739 685 763 ut
696 725 951 766 Haerefiarcha's,
976 726 1032 761 sua
1045 725 1081 759 in
1098 722 1174 759 illos

289 780 375 814 Aeta
398 780 518 815 firmari
534 803 549 820 .‚
559 796 562 802 <
574 780 609 815 δε
631 779 756 814 restitui
776 778 982 815 Nestorium,
995 785 1032 810 ut
1062 773 1173 818 inique

286 828 480 865 damnatum
491 856 499 864 .
525 829 608 865 Haec
629 829 719 864 enim
740 838 835 864 erant
859 828 979 862 eorum*
999 825 1152 859 mandata
1164 847 1171 855 .

286 880 335 915 Et
355 881 467 916 omnis
481 880 578 925 spesa
599 879 685 915 laico
706 879 876 923 Principe.
904 878 994 911 Nam
1017 876 1098 910 dum
1118 873 1173 907 ille

284 928 492 966 Candidiani
514 930 659 966 Comitis
678 929 830 965 mendaci
842 927 1020 963 Relatione
1037 925 1173 959 circum-

286 990 404 1016 ventus
412 982 515 1024 prima
527 979 665 1025 Synodo
676 980 760 1014 Acta
773 981 859 1013 sacra
870 977 1006 1021 juffione
1017 974 1148 1009 cassavit
1161 997 1172 1014 ,

286 1030 430 1075 Joannes
450 1028 639 1065 Patriaroha
658 1028 772 1064 orbem
798 1037 955 1062 terrarum
976 1024 1172 1059 exclamavit

286 1079 420 1116 beatum
430 1105 441 1122 ‚
467 1085 514 1115 cui
523 1085 685 1123 contigerat
704 1078 825 1112 ¹talibus
831 1075 941 1121 subeffo
947 1075 1076 1120 sceptris
1085 1099 1093 1107 .
1124 1074 1173 1108 At

286 1130 387 1175 longe
399 1131 493 1164 aliter
505 1127 695 1163 orthodoxa
705 1127 884 1171 Synodus,
895 1127 931 1160 δε
940 1136 997 1168 per
1005 1126 1150 1170 Legatos
1163 1148 1173 1164 ,

284 1180 319 1214 &
331 1190 387 1224 per
401 1179 537 1214 Clerum
565 1176 977 1220 Constantinopolitanum
988 1175 1173 1221 contestans

285 1229 476 1274 Principem
489 1253 500 1270 ,
528 1239 572 1263 ne
595 1226 781 1265 Christiana
791 1235 940 1271 tempora
965 1225 1094 1260 faedaret
1107 1226 1188 1272 Cys

282 1279 400 1314 riui&
426 1279 621 1319 Memnonis
633 1302 644 1319 ‚
670 1276 716 1312 ob
736 1276 859 1322 dogma
885 1275 1113 1312 orthodoxum
1132 1275 1173 1309 ab

283 1327 444 1364 haereticis
462 1330 708 1364 exauctoratum
729 1352 741 1370 ,
768 1326 934 1371 martyriis
947 1351 958 1367 ,
985 1326 1040 1362 sed
1063 1325 1173 1370 potius

283 1380 376 1414 sacra,
401 1379 540 1424 synodo
561 1379 684 1413 avitam
714 1388 886 1423 parentum
910 1376 1151 1412 observantiam
1164 1399 1174 1415 ‚

284 1429 507 1465 obedientiam
520 1455 530 1472 ,
557 1429 592 1463 δε
611 1429 841 1465 executionem
861 1427 1032 1463 exhiberet
1049 1452 1056 1459 .
1080 1426 1172 1476 Qid

286 1479 520 1516 Ecclefiasticis
530 1479 665 1515 decretis
675 1479 777 1514 laicus
784 1479 941 1523 Princeps
951 1477 1068 1513 debeat
1079 1502 1090 1518 ,
1104 1489 1173 1522 pro·

284 1531 395 1565 fitetur
406 1530 606 1575 Iustinianus
619 1528 789 1574 Augustus
799 1530 835 1563 in
846 1527 966 1563 Edicto
975 1537 1092 1563 contra
1103 1527 1174 1562 Arv-

284 1579 440 1624 thymum
473 1581 542 1614 Tra
546 1580 738 1623 pezuntium
765 1603 777 1619 ‚
801 1579 955 1613 Severum
993 1575 1173 1612 Antioche-

284 1640 364 1666 num
376 1654 386 1669 ,
404 1631 538 1665 Petrum
552 1629 792 1674 Apameensem
806 1629 1005 1673 Episcopum
1019 1652 1030 1668 ,
1041 1629 1076 1663 &
1088 1628 1173 1663 Zoa—

285 1691 354 1715 rarn
361 1678 713 1715 Pseudo-Monachum
727 1704 737 1720 ,
753 1679 875 1713 directo
885 1679 926 1713 ad
938 1679 1103 1713 Mennam
1114 1678 1172 1713 Pa-

284 1731 462 1768 triarcham
472 1729 884 1774 Constantinopolitanum
898 1755 904 1761 .
934 1731 1059 1773 ‚Quoties
1069 1732 1170 1763 sacer-

285 1782 390 1816 dotum
392 1780 544 1825 sententia
551 1778 694 1824 quosdam
708 1781 846 1824 indignos
854 1782 1022 1813 Sacerdou'o
1033 1781 1070 1812 de
1073 1778 1100 1822 s
1093 1785 1170 1813 acris

247 1839 250 1841 ’
281 1830 405 1875 sedibus
418 1830 549 1875 deposuit
560 1856 570 1871 ,
597 1836 683 1863 toties
697 1836 854 1872 imperium
863 1828 996 1874 eiusdem
1011 1828 1171 1873 sententiae

284 1883 318 1916 &⁵
328 1884 524 1916 ordinationis
536 1893 601 1915 cum
609 1883 630 1914 5
631 1883 797 1915 acerdotum
808 1881 984 1914 auctoritate
999 1880 1065 1921 fuit
1075 1905 1082 1911 .
1109 1880 1170 1914 Or-

285 1932 426 1967 thodoxi
448 1932 549 1976 igitur
573 1932 694 1975 Legati
713 1941 871 1975 rogavere
891 1929 1078 1974 Principem
1096 1954 1108 1971 ,
1132 1939 1169 1964 ut

285 1983 451 2026 cyrillum
463 1981 626 2026 Capitulis
639 1981 700 2014 suis
710 1991 821 2014 coram
833 1982 864 2016 se
886 1979 989 2015 adesse
1001 2005 1011 2021 ,
1037 1989 1095 2013 aut
1105 1990 1170 2014 cer-

285 2033 318 2067 te
330 2032 470 2066 vinculis
492 2040 682 2075 exemptum
696 2031 798 2065 redire
820 2031 854 2064 in
866 2030 975 2064 sedem
998 2030 1169 2074 Episcopa.

285 2083 350 2117 lem
373 2084 484 2116 sineret
494 2104 504 2120 ,
529 2079 668 2124 Synodo
678 2106 689 2122 ,
716 2092 814 2124 quam
836 2079 989 2114 Romana
1002 2081 1036 2114 &
1058 2080 1169 2115 omnis

286 2132 512 2167 Occidentalis
523 2131 661 2164 Ecclesia
675 2130 834 2173 probasset
846 2155 856 2170 ,
881 2129 1070 2164 obsecutus.

337 2183 430 2216 Hinc
442 2182 497 2215 ille
518 2189 628 2216 motus
639 2191 810 2223 utramque
833 2180 1033 2223 legationem
1044 2179 1168 2214 audivit

286 2233 460 2277 quinquies
474 2256 484 2271 ‚
510 2230 651 2265 adunare
673 2241 829 2264 conatus:
860 2230 907 2263 At
930 2230 1016 2263 caffo
1038 2229 1149 2264 labore
1160 2255 1167 2263 .

287 2282 508 2319 Pertinaciam
520 2281 610 2315 enirn
623 2281 709 2313 suam
724 2280 852 2314 factiosa
866 2279 985 2324 legatio
996 2277 1105 2312 scribit
1128 2280 1169 2313 ad
1199 2306 1203 2313 ⁴

288 2335 363 2367 suos
377 2334 410 2365 in
422 2329 571 2376 Epheso.
600 2333 717 2374 ‚Quinto
736 2332 856 2373 accessus
868 2330 951 2363 nobis
962 2335 1098 2372 contigit.
1124 2331 1170 2361 Et

290 2384 417 2417 multum
435 2383 471 2415 de
497 2381 644 2415 haeretim
666 2382 815 2422 Capitulis
829 2379 1063 2423 disceptavimus
1079 2406 1087 2413 .
1106 2382 1172 2423 Ju-

289 2440 428 2468 ravimus
436 2430 462 2475 s
456 2432 549 2473 aepius
559 2432 730 2472 pientifflmo
743 2434 818 2474 Regi
828 2455 838 2470 ,
865 2432 945 2472 quod
956 2428 1119 2471 impoffibile
1135 2426 1170 2469 fit

290 2483 374 2517 nobis
387 2488 597 2516 communicare
608 2481 656 2513 his
670 2505 680 2520 ‚
706 2486 758 2522 qui
771 2478 890 2523 diversa
896 2479 1036 2522 sentiunt
1046 2503 1058 2520 ‚
1075 2478 1172 2520 finon

291 2535 363 2567 dum
375 2531 552 2575 exploserint
565 2532 708 2573 Capitula
719 2543 732 2571 ;
755 2531 789 2563 (Ὗ
799 2531 877 2572 quod
887 2530 1011 2569 cyrillus
1023 2554 1034 2570 ‚
1061 2527 1177 2570 etiamst

290 2586 423 2625 rejecerit
438 2582 580 2623 Capitula
594 2605 603 2621 ,
632 2584 651 2613 ᾶ
674 2580 756 2613 nobis
763 2578 969 2623 suscipiendus
981 2590 1040 2612 non
1055 2577 1095 2620 fit
1106 2603 1117 2619 ‚
1143 2581 1174 2610 eo

290 2635 369 2676 quod
379 2643 443 2666 tam
455 2638 554 2674 impiae
565 2629 706 2674 haeresi-os
719 2627 1089 2672 Haeress‘arcbesfac‘lusffl.
1113 2627 1174 2661 Pa-

292 2684 318 2717 ri
332 2685 442 2717 animo
456 2694 513 2726 pro
538 2680 701 2725 Capitulis
710 2680 823 2714 stetere
844 2679 961 2725 Legati
975 2677 1175 2712 orthodoxi.

294 2734 370 2766 Eos
384 2734 465 2766 inter
490 2731 632 2766 Acacius
653 2730 873 2764 Melitinenfis
905 2729 1084 2773 Episcopus
1106 2739 1174 2762 non

293 2782 421 2818 tantum
433 2782 587 2825 Capitula
597 2806 608 2822 ‚
636 2780 690 2813 sed
704 2781 737 2813 ἀ
751 2782 840 2813 suam
851 2804 861 2821 ‚
877 2778 923 2813 ob
932 2790 1029 2823 quam
1042 2778 1175 2812 sciderat

293 2832 417 2868 vestem
429 2832 585 2876 Princeps
596 2855 607 2870 ‚
635 2830 895 2873 propositionem
907 2853 917 2869 ‚
944 2833 1051 2861 Deitas
1060 2827 1100 2868 est
1108 2826 1177 2871 pas-

292 2881 331 2925 sa
342 2905 353 2921 ,
378 2882 527 2925 purgavit
540 2906 550 2921 ,
575 2891 672 2924 atque
685 2880 727 2913 ita
738 2878 940 2913 illuminatus
963 2878 1097 2912 tandem
1110 2877 1177 2911 Au-

295 2931 409 2976 gustus
430 2931 566 2973 Synodo
587 2930 692 2974 paruit
704 2952 714 2968 ,
739 2930 881 2971 fecitque
899 2952 910 2968 ,
938 2928 1028 2971 quod
1053 2928 1173 2961 factiosi

295 2978 441 3016 scribunt
452 2980 491 3013 ad
504 2982 573 3014 suos
586 2981 621 3014 in
634 2978 763 3023 Epheso
777 3003 784 3010 .
814 2978 932 3011 Placuit
944 2980 1113 3019 pientiffimo
1122 2980 1177 3011 Re-

293 3037 329 3077 gi
346 3030 408 3073 post
419 3030 527 3062 multas
549 3029 771 3063 adhortationes
781 3054 791 3069 ,
819 3038 852 3061 ut
866 3027 973 3071 singuli
994 3029 1039 3059 ad
1052 3034 1176 3069 propria

296 3083 451 3115 redeamus
465 3092 472 3111 2
500 3079 613 3116 Adhaec
624 3089 656 3112 ut
667 3082 701 3113 (π’
712 3078 874 3122 AEgyptius
886 3079 920 3113 (ὑὲ
931 3081 1068 3111 Memnon
1077 3076 1175 3119 Ephe.

293 3130 351 3177 fius
363 3137 394 3163 in
403 3128 429 3172 s
423 3136 470 3162 uis
480 3128 550 3162 locis
561 3137 714 3161 maneant.
743 3132 790 3162 Sic
802 3134 881 3162 enim
889 3133 1000 3169 poterit
1014 3127 1177 3173 AEgyptius

300 3192 399 3213 omnes
412 3189 560 3212 excaecare
571 3178 737 3210 muneribus
755 3178 818 3222 suis
834 3204 841 3210 .
867 3180 913 3210 sic
923 3186 956 3210 ut
980 3179 1028 3211 ille
1037 3179 1157 3220 quidem
1168 3200 1178 3216 ,

301 3231 366 3263 cum
376 3236 529 3262 innumera
531 3227 637 3269 fecerit
649 3229 729 3259 mala
741 3250 750 3265 ‚
760 3231 802 3260 ad
812 3228 947 3260 thronum
955 3226 1041 3270 suum
1054 3230 1155 3261 redeat
1165 3251 1176 3267 ‚

303 3279 354 3319 iste
365 3283 414 3314 vir
427 3286 562 3311 innocens
574 3283 630 3310 vix
644 3278 688 3309 ad
689 3274 778 3319 suam
789 3275 961 3317 mansionem
986 3279 1174 3312 dimittatur.

298 3329 368 3362 Pro
379 3338 496 3370 magna
515 3327 605 3361 enim
616 3327 721 3371 gratia
743 3326 934 3360 Nestorium
945 3326 979 3359 in
992 3328 1097 3362 Sancti
1114 3328 1176 3361 Eu.

301 3377 404 3422 prepii
425 3376 620 3411 monasterio
641 3386 772 3410 manere
792 3374 1001 3412 Theodosius
1026 3377 1158 3412 indulsit
1168 3402 1175 3408 .

299 3426 485 3462 Celestinus
507 3436 616 3459 autem
628 3426 783 3460 Pontifex
803 3425 944 3461 omnino
961 3426 1178 3470 improbavit,

300 3477 387 3528 quod
400 3473 619 3515 Antiochenae
638 3475 785 3514 Ecclesiae
809 3475 844 3513 &
856 3475 1037 3524 Episcopus
1061 3479 1094 3516 &
1105 3477 1180 3511 Cle-

873 136 1508 188 'Dtseznrarro

1234 234 1285 256 rus
1293 221 1418 279 olerent
1429 224 1569 279 eandem
1578 223 1701 271 lepram
1710 251 1721 268 ,
1743 225 1884 272 ideoque
1892 225 1979 273 apud
1990 226 2119 265 Princi-

1234 283 1308 316 pem
1334 271 1454 307 lnstltlt
1473 272 1637 316 deportari
1646 277 1918 313 Haerefiarcham:
1946 280 2014 313 sola
2031 286 2113 314 enim

1233 324 1308 356 tales
1318 320 1448 355 homines
1459 323 1541 356 decet
1547 321 1676 366 filma·
1687 352 1694 360 .
1721 328 1769 362 At
1780 340 1850 364 non
1861 329 2009 364 obtinuit
2023 342 2031 362 :
2043 330 2113 364 Ne.

1234 372 1368 407 storium
1378 373 1469 408 enim
1488 372 1728 411 Antiochiaead
1741 388 1879 422 quatuor
1888 391 2015 420 annos,
2041 391 2117 414 mu·

1235 422 1366 458 nerIbus
1397 423 1431 457 &
1450 422 1633 457 honoribus
1658 423 1857 468 impartitum
1889 441 1945 474 per
1963 430 2088 465 multos
2101 453 2115 470 ,

1235 474 1434 518 permansisse
1455 472 1565 507 scribit
1576 473 1736 518 Evagrius
1746 473 1994 521 Epiphanienfis
2002 504 2010 512 .

1285 523 1389 557 Tunc
1412 525 1656 567 quammaxime
1688 524 1860 560 vociferari
1892 531 2031 571 perrexit
2050 530 2112 564 Fa-

1234 573 1322 614 ᾶίο,
1348 573 1439 617 quod
1460 585 1562 617 nuper
1580 573 1622 609 ad
1635 573 1864 610 Alexandrum
1887 578 1980 612 suum
1989 581 2114 614 Metro..

1235 623 1372 668 politam
1407 623 1572 666 scripserat
1594 623 1837 659 -Theodoretus
1865 639 1876 658 .·
1895 627 2026 670 Judices
2061 627 2119 672 ipfi

1236 684 1334 708 omnes
1353 683 1426 705 auro
1445 673 1619 715 confidunt,
1646 676 1874 709 &contendunt
1882 687 1976 708 unam
1999 678 2051 720 effe
2063 689 2116 711 na-

1235 733 1336 757 turam
1349 725 1481 756 Deitatis
1507 725 1542 757 &
1551 722 1750 758 humanitatis
1763 751 1770 758 .
1797 724 1954 770 Legenda
1969 726 2115 769 ejusdem

1239 771 1384 817 Epistola
1407 771 1449 806 ad
1470 770 1639 807 Andream
1661 776 1923 810 samosatensem
1943 800 1954 816 ‚
1981 777 2020 810 ad
2044 776 2116 811 Ru-

1236 825 1307 860 fum
1329 820 1653 858 Thessalonicensem
1667 847 1678 863 ,
1702 826 1738 859 &
1756 825 1797 859 ad
1811 825 1973 869 Ioannem
1993 826 2116 860 Antio-

1236 872 1379 909 chenum
1401 872 1599 917 Episcopum
1619 871 1661 907 de
1682 884 1788 910 morte
1801 875 1941 919 Cyrilli.
1968 877 2116 911 Damna-

1236 934 1287 958 tos
1309 924 1384 958 suos
1406 924 1487 957 serre
1517 924 1647 968 nequiit
1671 924 1707 957 in
1725 924 1848 960 throno
1873 927 1908 960 ἀ
1929 926 2113 961 ministerio

1238 973 1443 1017 Episcopali,
1457 983 1567 1016 ‘atque
1584 973 1629 1007 ita
1649 974 1754 1017 sperni
1774 985 1924 1017 quartum
1936 977 2113 1016 Canonem

1240 1022 1491 1058 Antiochenum
1514 1047 1523 1056 .
1546 1022 1657 1058 Addit
1675 1023 1848 1059 vLiberatus
1872 1025 2115 1072 Carthaginen-

1239 1075 1291 1108 sis.
1319 1078 1365 1107 Et
1383 1076 1580 1119 vitti-Ioannes·
1600 1085 1664 1108 cum
1678 1073 1743 1117 suis
1755 1074 1939 1108 Antiochiam
1954 1076 2112 1118 prosedas
2128 1085 2199 1122 Cap,
2217 1087 2243 1114 6.

1238 1123 1275 1165 est
1286 1149 1297 1165 ‚
1322 1123 1372 1158 ubi
1382 1125 1528 1169 colligens
1532 1125 1677 1169 plurimos
1687 1123 1850 1168 Epifiwpos
1873 1127 2038 1160 damnavit
2059 1132 2114 1162 ἱκέ-

1238 1176 1303 1208 ricm
1321 1174 1482 1215 cyrillum,
1507 1175 1661 1217 ciam'jam,
1679 1175 1746 1219 esset
1767 1176 1979 1210 Alexandria.
2007 1169 2114 1212 Tunc

1239 1226 1318 1260 item
1339 1226 1457 1259 tastum
1479 1225 1525 1259 est
1534 1223 1860 1269 ,ffquodiinfamosa
1870 1225 2019 1269 Epistola
2040 1226 2115 1261 scri-

1238 1274 1285 1310 bit
1297 1275 1370 1311 Ibas
1380 1275 1801 1319 Metropolitasndeffenus
1813 1300 1820 1309 .
1846 1275 1997 1321 Remanfit
2006 1280 2114 1311 orien-

1236 1327 1296 1360 tale
1307 1327 1471 1367 Concilium
1480 1330 1767 1360 nonmmniunicam
1777 1325 1933 1370 Eptfiopis
1944 1352 1954 1368 ,
1980 1332 2032 1370 qui
2040 1338 2116 1362 com-

1237 1384 1467 1412 municaverunt
1478 1378 1621 1418 cyrillo„
1634 1377 1733 1411 Eub<
1745 1375 1797 1410 hoc
1807 1377 1905 1410 multa
1928 1377 2053 1418 tristitia
2069 1383 2117 1410 tn-

1237 1438 1282 1462 ter
1298 1428 1347 1463 'eos
1359 1428 1455 1470 sada
1473 1428 1513 1470 est
1522 1426 1537 1470 ,ζ
1562 1430 1597 1462 Θ
1615 1434 1650 1461 in
1671 1434 1854 1469 contentione
1865 1436 1962 1470 >erant
1973 1425 2119 1471 Epist-opt

1237 1480 1386 1513 adversas
1408 1478 1593 1523 Epis‘copos„
1617 1479 1848 1520 tat-<completum
1871 1477 2121 1521 est'opere'quod

1232 1526 1379 1572 scfiiptum
1401 1530 1467 1570 est:
1486 1528 1812 1577 QJIA-ER'UNT
1831 1527 2009 1564 1N1M1C1
2031 1528 2120 1563 Do-

1237 1579 1434 1615 MEST1C1
1447 1579 1576 1622 EJU&
1603 1579 1930 1614 Exbocdetraclaones
1948 1581 2055 1613 multa
2063 1579 2118 1612 ad·

1237 1630 1359 1663 versum
1368 1641 1421 1663 nos
1431 1628 1529 1671 fallae
1552 1628 1624 1671 sunt
1636 1632 1826 1673 Paganomcm
1847 1629 2096 1663 &harenarum
2108 1653 2117 1662 .

1237 1684 1309 1712 Non
1322 1685 1402 1713 enim
1411 1678 1543 1711 audebat
1553 1680 1665 1721 aliquis
1689 1680 1863 1712 decivitate
1884 1679 1930 1710 ad
1938 1684 2119 1719 civitatem,⁴

1236 1738 1289 1762 aut
1310 1730 1352 1761 ad
1382 1731 1580 1763 Provinciam
1610 1729 1647 1761 de
1670 1731 1833 1761 Provincia
1862 1725 2049 1770 profhifhi-3'
2058 1725 2121 1770 sed

1235 1790 1390 1821 tamquam
1421 1784 1574 1811 inimicum
1599 1776 1690 1821 suum
1722 1775 1923 1820 unusquisque
1941 1782 2119 1819 proximum

1230 1827 1320 1872 suum
1329 1826 1563 1871 persequebatur
1574 1852 1581 1859 .

1283 1877 1438 1913 Precibus
1463 1877 1690 1912 Maximianus
1724 1877 2120 1921 Constantinopolitanus

1236 1929 1432 1972 Episcopus,
1457 1927 1648 1971 juffionibus
1672 1927 1830 1963 Pontifex
1843 1927 2027 1962 Celestinus
2047 1927 2121 1961 affi-

1232 1977 1295 2012 due
1307 1977 1447 2012 instabat
1460 1977 1573 2012 auferri
1587 1976 1771 2012 scandalum
1781 2003 1791 2019 ‚
1817 1987 1914 2020 atque
1927 1977 1972 2011 ita
1984 1978 2119 2012 tandem

1234 2026 1443 2063 Theodosius
1458 2027 1624 2072 Augustus
1634 2039 1689 2072 per
1700 2028 1907 2072 spestabilem
1926 2028 2120 2062 Tribunum

1234 2078 1454 2114 &Notarium
1462 2078 1664 2112 Aristolaum
1676 2078 1798 2121 Joanni
1807 2076 2024 2111 Antiocheno
2034 2076 2120 2110 milit

1234 2130 1363 2164 Sacram
1375 2153 1386 2169 ,
1412 2139 1474 2172 qua
1487 2127 1689 2161 Maximiani
1700 2127 1945 2161 ordinationem
1957 2127 1991 2160 <Sc
2002 2126 2122 2160 Nesto·

1235 2179 1273 2213 rii
1285 2179 1532 2213 damnationem
1545 2177 1664 2219 recipi,
1690 2176 1833 2219 ejusdem
1843 2187 1964 2210 errores
1984 2174 2120 2210 anathe-

1236 2228 1402 2267 matizari,
1426 2239 1501 2262 cum
1526 2226 1655 2269 Cyrillo
1676 2235 1790 2267 pacem
1813 2226 1889 2258 iniri
1915 2249 1926 2264 ‚
1954 2234 2012 2258 aut
2034 2225 2120 2260 cert&

1236 2278 1467 2313 Nicomediam
1490 2300 1500 2316 ,
1528 2276 1627 2319 idque
1651 2275 1716 2308 fine
1738 2275 1831 2308 omni
1855 2275 2019 2319 Episcopo
2041 2287 2121 2309 cum

1236 2327 1344 2372 paucis
1355 2326 1398 2360 ad
1409 2325 1619 2359 necessarium
1634 2325 1796 2358 servitium
1811 2325 1949 2359 Clericis
1961 2349 1971 2365 ‚
1998 2324 2039 2359 ad
2049 2324 2119 2368 ejus

1234 2388 1343 2413 coram
1363 2375 1516 2419 Principe
1536 2375 1742 2416 colloquium
1765 2375 1875 2408 accedi
1900 2374 1985 2417 juffit
2004 2398 2016 2415 ,
2042 2385 2119 2409 eum

1236 2428 1367 2462 interim
1379 2425 1573 2469 suspendens
1583 2425 1624 2459 ab
1635 2426 1729 2458 omni
1744 2424 1981 2468 Episcoporum
1994 2426 2028 2459 ὅ(
2042 2424 2121 2459 Cle-

1235 2479 1375 2512 ricorum
1396 2475 1608 2510 creatione&
1627 2473 1839 2508 damnatione
1851 2500 1862 2516 ,
1887 2474 2118 2517 donecperfecva

1233 2534 1302 2561 unio
1324 2523 1534 2568 consequatur.
1562 2525 1645 2558 Non
1658 2524 1804 2558 absolute
1829 2536 2002 2560 evocatum
2016 2525 2121 2559 Nico-

1236 2577 1376 2611 mediam
1397 2601 1407 2617 ,
1436 2575 1489 2610 sed
1510 2574 1629 2617 jussum
1641 2574 1801 2608 duntaxat
1820 2600 1831 2616 ‚
1857 2584 1891 2608 ut
1911 2577 1963 2609 vol
1980 2582 2094 2617 corpore
2107 2598 2119 2615 ,

1237 2628 1288 2660 vel
1290 2624 1400 2669 saltem
1410 2631 1504 2658 animi
1509 2624 1664 2668 sententia
1683 2631 1811 2664 coirent,
1839 2626 1978 2659 affirmat
1989 2624 2121 2658 libellus

1237 2678 1265 2711 S.
1277 2675 1408 2720 Cyrillo
1430 2674 1597 2712 exhibitus
1609 2675 1626 2708 a
1647 2674 1751 2709 Paulo
1764 2674 1928 2718 Episcopo
1940 2675 2098 2708 Emiseno
2108 2697 2121 2714 ,

1237 2727 1364 2770 Legato
1389 2725 1524 2769 Joannis
1546 2748 1554 2756 .
1596 2724 1705 2759 Aliter
1734 2723 1905 2759 Liberatus
1929 2725 2118 2758 Diaconus.

1237 2777 1340 2820 Missus
1352 2775 1389 2816 cst
1403 2775 1559 2817 Aristolaus
1578 2775 1739 2816 tribunus,
1765 2777 1889 2808 Sacram
1912 2778 2063 2816 Principis
2073 2774 2123 2807 de-

1231 2825 1337 2868 ferens
1344 2827 1372 2868 J
1377 2831 1467 2859 oanni
1477 2827 1511 2860 (5
1522 2826 1627 2865 cyrillo
1636 2849 1647 2865 ‚
1667 2831 1701 2859 in
1710 2837 1771 2867 qua
1780 2830 1973 2858 comminatus
1986 2825 2023 2864 est
2034 2821 2121 2866 utris-

1237 2888 1293 2919 que
1304 2877 1512 2909 Nicomediam
1526 2876 1649 2910 exilium
1658 2900 1669 2920 ‚
1694 2874 1752 2917 mfi
1751 2883 1857 2917 pacem
1870 2875 2012 2909 haberent
2023 2876 2068 2907 ad
2075 2880 2121 2906 in-

1238 2933 1349 2961 vicem.
1379 2926 1434 2960 Ad
1448 2927 1609 2970 joannem
1634 2925 1867 2960 emolliendum
1880 2926 1980 2959 etiam
2001 2925 2119 2957 Sansto

1239 2978 1403 3019 Symeone
1414 2976 1532 3019 Stylita
1555 2977 1589 3010 ὃς
1603 2975 1731 3010 Acacio
1744 2975 1928 3010 Berrheenfi
1955 2974 2121 3018 Episcopo

1239 3028 1314 3061 usus
1329 3027 1373 3060 est
1385 3024 1594 3061 Theodofius
1604 3050 1615 3066 ,
1640 3026 1787 3069 jussitque
1797 3025 1862 3059 haec
1880 3025 1993 3060 omnia
2005 3035 2123 3068 nequa·

1239 3088 1337 3121 quarn
1351 3078 1405 3110 sua
1417 3078 1608 3110 auctoritate
1618 3101 1629 3116 ,
1655 3076 1707 3110 sed
1718 3086 1885 3119 tamquam
1902 3085 2057 3110 executor
2067 3073 2121 3106 de-

1239 3127 1319 3160 creti
1341 3125 1547 3169 Apostolici‚
1573 3137 1638 3170 quo
1652 3127 1836 3161 Celestinus
1861 3127 1949 3169 Papa
1961 3125 2120 3167 Ioannem

1239 3174 1461 3210 Patriarcham
1471 3176 1515 3210 ita
1527 3177 1634 3220 urgeri
1643 3175 1811 3211 mandavit
1823 3199 1834 3215 ,
1859 3172 2047 3211 contumaci
2060 3172 2121 3205 rni-

1239 3236 1334 3260 natus
1344 3236 1452 3268 parem
1462 3237 1538 3260 cum
1551 3227 1706 3260 Nestorio
1732 3227 1992 3260 damnationem.
2020 3221 2120 3264 Papa-

1239 3277 1279 3310 lis
1301 3276 1448 3319 Epistola
1459 3275 1534 3310 data
1555 3276 1599 3310 est
1613 3275 1720 3310 idibus
1747 3274 1897 3311 Martiis,
1921 3272 1979 3307 sub
1993 3271 2121 3305 Consu·
2140 3276 2224 3316 Epist.
2249 3286 2291 3307 ιι.

1239 3327 1307 3360 latu
1329 3325 1420 3360 AEtii
1439 3327 1474 3360 &
1490 3325 1616 3360 Valerii
1634 3350 1645 3366 ,
1674 3325 1825 3370 proximo
1850 3323 1921 3366 post
1945 3322 2120 3365 Synodum

1237 3387 1350 3417 anno,
1379 3377 1488 3419 paucis
1513 3377 1700 3419 septimanis
1719 3383 1796 3406 ante
1819 3382 1961 3406 mortem
1978 3372 2121 3405 Pontifi-

1237 3428 1307 3467 cis,
1333 3426 1447 3469 utpote
1465 3426 1739 3460 defunstiostavo
1761 3421 1832 3456 idus
1844 3422 1974 3465 Apriles
1988 3434 1999 3454 .·
2027 3422 2120 3455 Erat-

1237 3488 1300 3520 que
1321 3486 1392 3512 tum
1405 3476 1557 3520 synodus
1574 3474 1701 3511 dudum
1728 3473 1852 3507 soluta.
1881 3472 2010 3509 Eodem
2031 3471 2123 3506 Con-

1999 3520 2068 3557 sule
