2340 3736
99 803 151 839 Ep.
162 803 209 828 60·

93 899 151 931 Tit.
163 910 189 931 x.

94 997 158 1034 Cap
166 1015 175 1025 .
185 1004 230 1032 34.

93 1094 158 1132 Cap
166 1114 174 1122 .
185 1102 215 1127 7.

94 1212 230 1251 L.7.Ep.1
239 1223 252 1241 2

99 1481 252 1519 1.·14-c-37

101 2649 171 2684 1-05'
184 2647 257 2684 f030·

680 103 766 147 AD
801 100 1149 144 EPHESINUM
1185 96 1667 142 Lai-noemmin.

270 186 393 232 vestigia
417 184 537 226 vestra,
563 183 693 218 bac-non
703 182 877 224 confitetur,
904 192 941 215 ne
950 180 998 214 his
1013 181 1151 222 aliquan-

270 238 309 270 do
326 235 460 279 consensit
473 259 484 276 ,
506 232 565 277 sed
578 237 729 266 contraria
745 233 805 266 illis
809 231 900 275 finfit
910 257 920 273 ‚
947 233 981 266 ό·
991 232 1100 264 locutus
1111 228 1147 269 est

269 289 318 321 ad
333 295 564 328 unumquemque
582 285 627 316 ad
639 281 674 326 se
685 290 855 317 venientem
879 305 890 322 ,
917 283 1058 316 &docuit
1071 305 1078 314 .
1106 280 1154 312 At

268 348 340 382 quae
359 332 556 380 magnificus
579 333 765 368 Florentius
783 332 830 367 est
858 332 1095 366 interlocutuse
1121 332 1154 362 si

268 386 367 430 placet
389 385 498 425 veffrae
517 385 699 424 Sanc‘litati,
726 389 920 428 interrogetur
941 384 1044 423 Papa:
1065 383 1156 418 Euty·

269 435 359 476 ebes,
385 437 486 469 utrum
505 434 553 468 bis
577 433 756 478 consentiat.
783 434 887 475 Papas
903 432 957 465 seu
970 430 1058 474 Papa
1069 430 1154 473 apud

269 486 423 526 Graecos,
451 485 500 519 uti
523 485 556 518 ὃ(
578 484 665 528 apud
686 484 805 528 Belgas
816 482 967 521 nostros,
994 479 1155 526 fignificat

271 537 418 580 quemvis
439 535 670 578 Presbyterum
693 548 704 568 .·
730 534 822 567 Hinc
842 530 1048 574 Proto-Papa
1068 527 1156 564 idem

269 585 318 620 est
330 586 419 628 quod
437 584 728 628 Archi-Presbyter
740 607 748 615 .
775 583 823 616 lta
841 581 986 626 superius
996 580 1035 615 ad
1049 580 1157 614 Mem-

270 647 362 670 nona
376 636 605 679 Presbyterum
616 634 701 668 dixit
712 629 881 675 Eutyches
894 644 902 664 2
929 630 1087 675 Exspec‘t'o.
1099 633 1158 664 Pa-

268 694 343 729 pam
354 686 586 720 abrahamium.
615 683 660 718 Et
671 684 706 718 in
719 682 835 716 litteris
845 681 886 716 ad
908 680 1157 725 Archi-Episco-

273 747 353 780 pum
373 735 576 770 Thebanum
596 733 814 768 Innocentius
835 732 950 767 tertius
961 732 1156 766 rusticanam

271 784 460 830 parochiam
482 793 578 819 vocat
601 782 763 827 Papatum
775 808 782 816 .
810 783 854 818 Et
865 794 920 827 per
932 781 1157 817 Theodorum

268 836 500 870 -Balsamonem
518 834 555 869 in
576 831 723 868 Scholiis
741 833 782 868 ad
792 832 907 868 Photii
920 833 1036 870 Nomo
1049 832 1156 867 Cano*

272 897 350 920 nem
369 884 470 919 relata
489 894 586 918 aurea
608 883 703 917 Bulla
724 883 824 922 Isaaci
845 879 1013 919 comneni
1023 882 1103 917 dicit
1117 880 1159 916 de

272 935 455 979 Episcopo.
474 935 608 978 ,Quando
610 933 693 976 facit
699 933 862 979 simplicem
872 936 993 976 Papam
1004 957 1015 973 ,
1033 932 1097 976 five
1107 935 1163 966 Le·

269 985 380 1025 &iorem
392 1009 400 1017 .
421 985 747 1028 Etiavaalafridus
758 983 874 1020 Strabo
886 1009 897 1025 ‚
908 985 1047 1019 Latinus
1059 983 1162 1026 Scrip-

271 1045 324 1070 tor
337 1060 348 1076 ‚
372 1036 524 1079 quemvis
537 1035 704 1075 Clericum
716 1044 814 1070 vocat
826 1035 951 1079 Papam
963 1060 971 1067 .
999 1033 1101 1079 Regii
1112 1032 1162 1066 in-

271 1085 371 1119 fantis
392 1085 617 1132 Paedagogum
638 1085 684 1121 ita
703 1095 799 1120 vocat
810 1085 845 1119 in
857 1085 976 1120 litteris
988 1084 1028 1120 ad
1040 1080 1163 1118 Lotha-

271 1135 388 1180 ringiae
412 1137 544 1171 Ducem
569 1137 705 1173 Sanstus
724 1136 842 1170 Petrus
862 1134 1022 1170 Damiani
1048 1159 1055 1166 .
1081 1134 1164 1171 Om-

271 1196 349 1219 nem
373 1186 576 1230 Episcopum
595 1187 642 1221 ita
660 1185 830 1221 intitulare
841 1186 905 1220 fuit
915 1185 999 1220 olim
1011 1185 1162 1227 frequen-

269 1234 424 1268 tiffimum
434 1260 445 1276 ‚
473 1236 519 1270 ita
544 1246 654 1273 tamen
677 1246 714 1271 ut
734 1246 859 1272 nomen
882 1234 968 1270 istud
979 1233 1162 1278 specialiter

269 1283 460 1319 obtinerent
479 1284 638 1321 Pontifex
649 1286 822 1321 Romanus
834 1297 872 1320 ac
881 1282 1070 1320 Patriarcha
1083 1282 1161 1317 Ale-

270 1334 575 1379 xandrinus.1psum
585 1334 663 1370 huic
673 1335 718 1370 ob
728 1335 837 1370 Sancti
849 1333 968 1377 Cyrilli
980 1334 1015 1368 in
1029 1331 1163 1377 Ephefi·

270 1396 318 1419 no
329 1385 492 1420 Concilio
506 1385 620 1422 merita
631 1385 724 1422 fuisse
734 1386 753 1420 ὸ,
763 1385 883 1421 Sansto
894 1383 1065 1420 Celestino
1075 1383 1164 1417 Pon-

268 1435 360 1471 tifice
380 1435 496 1471 datum
516 1436 625 1472 scribit
635 1435 738 1472 homo
748 1446 872 1482 graecus
882 1432 1090 1479 Nicephorus
1101 1434 1164 1468 Ca-

268 1485 373 1523 lixtus
385 1510 393 1518 .
420 1485 492 1522 Alii
512 1498 553 1522 ex
562 1487 624 1521 alia
638 1488 733 1522 causa
743 1493 919 1520 autumant
932 1485 978 1520 ita
987 1493 1143 1519 vocatum
1153 1509 1160 1518 .

271 1535 512 1571 posterioribus
523 1537 644 1572 saeculis
656 1536 767 1571 statuit
778 1536 819 1570 de
831 1535 889 1570 illo
902 1535 1003 1569 titulo
1017 1534 1051 1569 in
1063 1534 1163 1568 dista·

270 1595 308 1620 tu
321 1587 378 1620 suo
391 1587 577 1631 'Gregorius
588 1588 741 1634 septimus
750 1585 910 1622 Pontifex
926 1585 1038 1631 :guod
1045 1589 1163 1621 unicum

271 1635 310 1676 est
323 1648 427 1670 nomen
438 1643 470 1670 in
481 1639 593 1671 mundo
603 1663 611 1671 .
644 1667 646 1670 .

321 1687 377 1721 Ne
399 1684 526 1722 haerefin
550 1686 590 1723 ad
603 1688 701 1735 issam·
708 1690 868 1727 Florentii
882 1687 1017 1726 Patricii
1029 1686 1163 1724 interlo-

271 1737 441 1773 cutionem
451 1747 520 1774 reca
526 1748 630 1775 ntaret
643 1740 923 1786 Eutyches,atque
936 1742 980 1776 ita
991 1741 1055 1784 ipse
1067 1737 1107 1774 ad
1118 1747 1164 1772 ta-

271 1788 399 1822 lionem
412 1789 629 1832 postularetur
639 1815 650 1832 ,
676 1789 786 1825 denuo
798 1792 909 1826 timuit
921 1791 1088 1826 accusator
1098 1788 1163 1822 Eu—

272 1837 379 1872 sebius
391 1862 402 1878 ,
429 1839 629 1884 proindeque
640 1841 694 1886 agi
707 1840 871 1886 flagitavit
881 1841 922 1876 de
933 1839 1009 1875 solis
1027 1839 1163 1883 praeteri-

272 1889 314 1922 tis
327 1912 338 1929 ‚
358 1888 545 1924 adseverans
557 1890 615 1924 fibi
625 1893 688 1926 effe
697 1891 792 1926 testes
803 1890 907 1935 plures
918 1891 1017 1924 etiam
1032 1890 1164 1933 Episco-

274 1950 333 1982 pos
342 1963 353 1979 ‚
381 1939 498 1983 nempe
510 1939 785 1987 Meliphtongum
797 1941 1072 1985 Iuliopolitanum
1087 1963 1099 1981 ‚
1110 1939 1163 1983 10-

272 1989 389 2022 vinum
399 1989 629 2025 Devellensem
640 2016 651 2032 ‚
676 2003 714 2027 ac
727 1991 895 2036 Iulianum
906 1990 1160 2026 Mostenensem.

273 2039 319 2071 Et
341 2039 459 2073 Sansto
477 2040 636 2074 Flaviano
649 2050 776 2076 metum
787 2041 884 2076 istum
903 2041 1064 2076 secui-anti
1075 2050 1163 2083 repo·

274 2088 338 2120 suit
350 2101 361 2121 .-
388 2092 486 2122 Metuo
497 2088 583 2132 ipfius
593 2091 791 2133 concufflonem
804 2116 810 2123 .
840 2095 906 2135 Ego
913 2099 1034 2133 pauper
1044 2088 1111 2133 sum
1122 2095 1165 2122 ni-

273 2137 321 2169 hil
336 2139 497 2179 pqffidens.
525 2143 664 2174 Minatur
684 2140 761 2174 mihi
784 2142 909 2174 exilium
922 2154 929 2173 ι
955 2143 1092 2172 Divitias
1112 2138 1163 2171 ba-

273 2187 340 2220 bet.
369 2186 508 2232 Designat
528 2190 602 2223 mibi
619 2193 688 2232 jam
713 2202 791 2225 nunc
811 2189 929 2232 Oafim.
958 2190 1091 2224 Etenim
1103 2198 1163 2223 tre-

272 2246 446 2272 centorum
460 2263 470 2279 ,
499 2250 636 2284 quorum
652 2240 765 2284 plures
776 2252 817 2275 ex
838 2239 943 2275 nobili
963 2239 1164 2282 &opulenta

273 2287 376 2322 domo
386 2313 396 2329 ,
423 2289 664 2324 monachorum
674 2290 830 2326 coenobio
842 2300 969 2334 praeerat
983 2287 1163 2333 Eutyches,

274 2336 478 2383 habebatque
501 2340 747 2383 Apocrisariurn
767 2342 801 2376 δε
821 2339 1012 2385 Syncellum
1021 2364 1032 2381 ,
1059 2340 1165 2373 nomi·

273 2399 317 2424 na
339 2400 465 2434 magnae
487 2389 658 2435 dignitatis
671 2416 679 2423 .
707 2391 760 2424 Ex
784 2402 851 2435 quo
873 2391 963 2425 vides
988 2389 1163 2434 opulentos

273 2437 420 2473 Abbates
431 2440 476 2474 ⁴&
489 2451 548 2484 pau
555 2452 642 2483 peres
651 2441 834 2485 Episcopos
843 2441 942 2474 etiam
951 2450 1032 2475 tunc
1045 2441 1080 2474 in
1103 2438 1164 2473 Ec·

274 2487 368 2522 clefia
392 2488 485 2523 fuisse
501 2514 507 2521 .
534 2490 628 2537 Qid
649 2492 685 2524 fit
702 2491 800 2525 alicui
813 2491 911 2525 Oafin
926 2489 1044 2525 minari
1058 2489 1103 2523 est
1116 2490 1160 2523 su·

275 2537 329 2582 pra
349 2538 474 2573 distum
487 2564 494 2570 .
522 2539 651 2573 Locum
673 2540 825 2575 describit
843 2541 1012 2584 Zozymus
1025 2565 1036 2581 ,
1063 2550 1164 2584 agens

275 2587 318 2622 de
329 2589 399 2622 viro
411 2588 525 2622 illustri
537 2588 687 2624 Timafio
709 2602 763 2633 per
775 2590 958 2624 Arcadium
971 2591 1160 2635 Augustum

275 2638 440 2682 relegato:
468 2636 549 2680 Oafis
560 2639 599 2680 est
613 2643 686 2673 locus
700 2640 850 2684 insigniter
852 2640 962 2681 sterilis
976 2642 992 2674 ἐ
1011 2652 1066 2683 quo
1079 2652 1162 2674 nemo

270 2689 353 2731 poffit
374 2689 504 2722 evadere
515 2713 526 2730 ‚
555 2695 607 2732 qui
630 2693 661 2723 eo
685 2692 908 2732 deportaretur.
935 2695 1022 2723 Nam
1035 2700 1118 2724 terra
1130 2697 1161 2723 in

276 2739 371 2772 medio
381 2737 523 2781 arenosa,
551 2739 638 2780 vasta
644 2742 768 2782 prorsus
779 2766 789 2782 ,
817 2743 851 2775 er
862 2739 1035 2774 inhabitata
1048 2765 1059 2781 ,
1087 2745 1162 2773 noti·

276 2794 352 2821 tiam
372 2789 560 2822 tendentibus
580 2789 637 2823 huc
658 2802 772 2825 omnem
789 2792 901 2823 adimit
914 2804 925 2824 .-
953 2792 1163 2833 Partimquod

275 2845 363 2871 venti
383 2850 474 2872 arena
487 2839 611 2883 vestigia
632 2843 796 2883 compleant
815 2843 848 2875 o·
861 2840 999 2874 aboleant
1010 2865 1021 2881 ,
1043 2846 1161 2884 partim

276 2890 354 2930 quod
363 2899 413 2921 nec
424 2889 511 2921 arbor
523 2891 597 2930 ulla,
611 2902 661 2923 nec
675 2893 853 2925 domicilium
858 2891 898 2933 sit
907 2915 917 2930 ,
931 2903 999 2933 quae
1019 2893 1162 2925 indicium

278 2940 403 2980 aliquod
410 2945 467 2972 iter
471 2938 654 2980 facientibus
668 2942 712 2973 ad
721 2942 915 2975 contec‘iuram
928 2943 1088 2983 relinquere
1097 2939 1160 2984 pos-

270 2987 347 3030 fint.
374 2989 545 3036 Qiosdam
570 2991 703 3024 sanctos
729 2992 909 3036 Episcopos
928 2991 1020 3025 fuisse
1044 2992 1160 3025 eodem

276 3037 463 3081 deportatos
473 3039 492 3072 ὲ
505 3039 702 3074 Constantio
716 3041 866 3086 Augusto
881 3042 990 3077 scribit
1003 3042 1038 3074 in
1050 3041 1162 3085 apolo-

276 3089 330 3132 gia
353 3088 393 3121 ad
417 3089 537 3123 dietum
559 3089 746 3134 Principem
771 3093 804 3125 &
818 3092 851 3125 in
868 3092 982 3126 litteris
991 3092 1031 3126 ad
1045 3092 1162 3126 Solita-

275 3139 339 3173 rios
350 3139 481 3173 Sanetus
495 3138 690 3175 Athanasius
701 3164 711 3179 ‚
737 3153 859 3176 vocans
869 3143 969 3176 Oafin
982 3154 1136 3187 magnam
1151 3167 1161 3183 ‚

275 3188 309 3222 &
332 3189 433 3222 Oafin
463 3189 679 3234 superiorem.
706 3191 894 3236 Distinguit
913 3193 954 3226 ab
966 3192 1111 3226 inferiori
1124 3205 1161 3225 ac

281 3238 404 3273 minori
432 3264 442 3279 ‚
480 3250 577 3281 quarn
601 3239 731 3274 Arabiae
753 3241 872 3275 Petreae
902 3243 995 3276 fuisse
1017 3243 1160 3275 vicinam

222 3320 226 3324 f
278 3287 387 3323 scribit
410 3290 444 3323 in
468 3289 558 3323 libris
581 3289 624 3324 de
644 3290 737 3323 Bello
761 3291 887 3326 Persico
900 3292 1083 3334 Procopius
1095 3291 1160 3326 Cae-

277 3338 441 3372 sareensis.
473 3340 518 3373 Et
528 3340 685 3383 quidquid
701 3341 832 3374 Sanetus
843 3341 1018 3375 Flavianus
1032 3342 1162 3384 sponde-

280 3398 327 3421 ret
340 3412 351 3427 ,
378 3390 461 3422 Lice‘t
485 3392 591 3423 millies
613 3390 668 3431 ista
683 3389 856 3433 perseveres
877 3392 999 3425 dicendo
1011 3415 1022 3430 ,
1050 3403 1102 3425 nos
1115 3401 1160 3425 ta-

282 3448 349 3471 men
363 3437 440 3470 nibil
456 3446 662 3482 praeponimus
687 3447 838 3484 veritati,
863 3452 932 3476 non
944 3441 1034 3476 desiit
1046 3442 1161 3476 timere

379 3487 482 3528 christ.
493 3493 569 3533 Lupi
579 3495 661 3533 Oper.
675 3494 752 3524 Tom.
767 3494 804 3523 Π.

1222 177 1400 213 Eusebius:
1426 179 1459 210 5i
1481 178 1630 211 oonvtnus
1645 179 1735 220 fuero
1761 181 1917 215 calumnia
1929 204 1940 221 ‚
1967 188 2108 219 amittam

1223 230 1417 273 dignitatem.
1442 226 1522 269 Ejus
1534 237 1657 262 metum
1670 240 1741 264 non
1753 229 1846 264 fuisse
1857 242 1979 266 vanum
1989 233 2105 268 docuit

1227 278 1436 314 latrocinium
1458 275 1657 320 Ephefinum
1671 302 1682 318 ‚
1707 279 1726 313 a
1743 290 1811 323 quo
1823 281 1871 315 uti
1884 280 2106 318 calumniator

1226 330 1286 364 fuit
1299 329 1499 373 Episcopatu
1510 335 1646 362 exutus.

1274 379 1322 414 At
1341 377 1430 413 hisce
1451 378 1493 412 ad
1514 389 1584 412 rem
1595 389 1665 412 non
1685 380 1880 416 facientibus
1890 381 2108 426 querimoniis

1224 430 1318 465 lassus
1338 429 1523 463 Florentius
1547 427 1709 463 Patricius
1727 429 1773 463 est
1792 431 2031 467 interlocutus:
2056 436 2111 466 In·

1225 485 1384 524 terrogatt'o
1404 477 1547 519 offeratur
1567 477 1693 518 Eutychi
1716 479 1908 524 Presbytero,
1930 491 1966 516 ut
1975 490 2109 525 exponat

1224 531 1473 573 quemadmodum
1492 530 1588 563 credit
1611 529 1645 562 Θ
1665 529 1760 569 dicit,
1787 530 1822 563 (ια’
1844 542 1920 564 nunc
1939 534 2044 567 rursus
2061 538 2109 567 in·

1226 590 1407 624 terrogetur,
1435 591 1485 613 cur
1505 580 1591 613 modo
1611 577 1667 620 ista
1686 578 1814 623 afferens
1825 582 1897 614 ante
1909 583 1997 616 aliter
2006 584 2110 627 affere·

1226 631 1296 664 bat.
1325 630 1378 664 Ex
1399 629 1499 665 toties
1519 630 1642 664 iteratis
1665 629 1797 664 Eusebii
1809 630 1991 674 querelis&
2003 643 2110 675 prote-

1227 679 1422 715 stationibus
1442 678 1588 724 sperabat
1600 679 1789 714 Florentius
1802 678 1991 715 haereticum
2001 682 2111 718 lenem

1229 731 1270 766 ad
1291 738 1436 766 mentem
1456 729 1601 764 rediisse.
1629 730 1679 764 At
1699 729 1890 767 fallebatur.
1918 730 2054 765 Etenim
2069 732 2111 768 ab

1227 777 1391 823 Eusebio,
1418 779 1476 815 An
1501 779 1640 814 duarum
1664 781 1700 814 in
1725 792 1790 815 una
1811 779 1975 825 hypostasi
1986 790 2114 815 natura-

1226 844 1299 866 rum
1323 831 1534 870 unitionem,
1559 831 1593 865 δε
1612 831 1632 864 a
1652 830 1771 865 Sanno
1788 831 1975 872 Flaviano,
1994 829 2059 865 'An
2072 842 2112 864 ex

1225 881 1350 916 duabus
1362 881 1485 916 naturis
1496 881 1683 916 unitionem
1694 880 1848 916 fateretur
1858 905 1870 921 ,
1896 880 1990 918 simul
2014 881 2114 915 inter-

1227 941 1358 978 rogatus
1380 931 1441 966 soli
1463 931 1622 966 Flaviano
1644 930 1759 966 dolose
1784 931 1953 975 respondit
1967 945 1979 965 .·
2004 934 2114 964 Etiam

1225 995 1263 1016 ex
1283 982 1401 1019 duabus
1426 987 1564 1016 naturis.
1591 980 1641 1016 At
1661 981 1777 1016 dolum
1799 981 1989 1028 intelligens
2014 982 2115 1016 Euse-

1226 1032 1298 1067 bius
1323 1033 1490 1076 repetivit:
1517 1033 1676 1076 confiteris
1691 1033 1770 1066 duas
1793 1040 1924 1067 naturas
1943 1057 1955 1074 ‚
1982 1033 2114 1066 Domine

1226 1081 1488 1116 Archi-mandrita
1514 1105 1526 1122 ‚
1547 1081 1610 1125 qul
1631 1088 1869 1117 incarnationem
1894 1107 1906 1124 ,
1939 1083 1976 1117 Φ·
1996 1080 2113 1125 consub-

1219 1132 1397 1174 stantialem
1406 1132 1491 1165 nobis
1502 1132 1552 1175 effe
1564 1133 1715 1174 Christum
1725 1134 1801 1166 dicis
1806 1131 1970 1176 secundum
1983 1142 2113 1171 carnem,

1225 1193 1266 1216 an
1290 1182 1371 1216 non?
1398 1182 1469 1216 Sese
1492 1191 1626 1225 captum
1650 1183 1709 1218 ille
1730 1182 1833 1224 vidit,
1860 1183 1893 1218 ἀ
1912 1182 2018 1218 dixit:
2047 1186 2122 1227 Ego'

1226 1243 1284 1266 nen
1308 1237 1381 1266 veni
1403 1231 1576 1276 disputare,
1594 1230 1655 1276 fed
1669 1231 1820 1277 suggerere
1832 1232 2114 1274 Sanfflmivestrae

1225 1283 1300 1325 quid
1315 1281 1463 1326 flentium.
1490 1283 1637 1325 Scriptum
1658 1282 1696 1324 est
1706 1288 1739 1315 in
1749 1282 1806 1316 bac
1814 1282 1952 1317 chartula
1964 1281 2114 1329 quidsen-

1225 1339 1318 1366 tiam.
1346 1336 1428 1366 Eam
1443 1332 1547 1373 jubete
1565 1333 1622 1376 legi
1640 1358 1647 1365 .
1674 1331 1820 1368 Addidit
1840 1332 1904 1367 effe
1928 1334 2019 1368 suam
2043 1343 2116 1376 pro-

1228 1383 1331 1426 priam
1343 1382 1556 1417 distationem
1569 1407 1580 1423 ‚
1606 1383 1722 1417 sanffls
1734 1382 1888 1418 Patribus
1898 1385 2115 1417 conformem.
2136 1407 2138 1410 v

1229 1433 1273 1467 Et
1294 1432 1449 1468 oretenus
1469 1432 1570 1467 fidem
1590 1434 1681 1467 suam
1693 1431 1842 1475 edicere,
1868 1443 1924 1468 aut
1938 1431 2015 1468 sane
2026 1430 2120 1467 char·

1227 1494 1294 1518 tam
1307 1484 1373 1528 ipse
1384 1483 1518 1529 legere&
1535 1484 1650 1518 Sansto
1664 1483 1825 1519 Flaviano
1841 1483 1940 1527 jutius
1951 1481 2115 1518 reddidit:

1227 1537 1272 1568 Sic
1281 1536 1367 1569 credo
1377 1560 1385 1566 .
1412 1535 1507 1568 Adoro
1521 1537 1645 1569 Patrem
1656 1545 1723 1568 cum
1734 1535 1814 1568 Filio
1824 1557 1835 1574 ,
1863 1535 1901 1567 o·
1923 1534 2036 1567 Filium
2051 1545 2117 1567 cum

1228 1588 1323 1619 Patre
1333 1610 1344 1626 ‚
1372 1586 1406 1620 <y
1415 1584 1703 1629 Spiritumsandlum
1715 1587 1778 1620 una
1791 1595 1856 1618 cum
1866 1585 1960 1618 Patre
1971 1585 2005 1619 (⁹9⁶
2019 1585 2110 1618 Filia.

1226 1636 1374 1678 Confiteor
1393 1643 1492 1670 autem
1508 1636 1633 1678 fallam
1645 1638 1711 1678 ejus
1723 1642 1757 1670 in
1766 1646 1856 1669 carne
1864 1633 2064 1679 praesentiam
2073 1646 2114 1668 ex

1226 1698 1315 1721 carne
1329 1685 1446 1730 sant‘l'ae
1467 1689 1598 1729 Virginis
1611 1710 1624 1726 ,
1644 1688 1679 1720 <vt
1700 1692 1917 1726 incorporatum
1937 1696 2003 1718 eum
2013 1685 2119 1727 perfe-

1228 1737 1272 1771 c‘le*
1285 1745 1409 1780 propter
1431 1736 1557 1776 anlram
1571 1735 1721 1780 salutem.
1749 1736 1831 1771 Haec
1854 1736 1899 1771 est
1926 1735 1982 1770 illa
2010 1734 2119 1770 Sancti

1228 1787 1374 1822 Flaviani
1394 1787 1489 1830 juffio
1504 1812 1516 1828 ,
1541 1785 1692 1822 adversus
1717 1798 1814 1830 quam
1826 1786 1994 1821 Dioscoro
2006 1784 2119 1820 adula-

1226 1847 1277 1872 tus
1297 1837 1383 1873 dixit
1401 1838 1436 1871 in
1449 1836 1614 1882 Ephefxno
1628 1837 1803 1871 latrocinio
1816 1837 1960 1880 Joannes
1973 1834 2119 1879 Ephaesti

1225 1888 1310 1932 apud
1325 1888 1509 1933 AEgyptios
1523 1887 1720 1930 Episcopus:
1748 1888 1886 1930 ,Quando
1909 1885 2014 1927 adfuit
2026 1889 2119 1924 Eut,-

1225 1937 1292 1972 cbes
1313 1963 1324 1979 ‚
1351 1940 1385 1972 ὁ*
1407 1943 1441 1970 in
1461 1939 1624 1970 Concilium
1645 1941 1749 1971 venire
1770 1938 1895 1969 minime
1912 1935 2093 1979 sperabatur
2108 1958 2121 1975 ‚

1226 1994 1321 2022 omnis
1344 1993 1372 2021 ei
1385 1986 1470 2031 quafi
1469 1993 1609 2031 promitti
1623 1987 1779 2021 clementia
1792 1987 1974 2028 videbatur3
1999 1986 2121 2028 quando

1228 2041 1299 2073 verb
1318 2040 1447 2073 advenit
1458 2062 1470 2079 ,
1495 2043 1528 2071 in
1548 2049 1663 2072 omnem
1677 2042 1873 2072 tentationem
1884 2035 2122 2070 inhumanitatis

1227 2090 1405 2123 adducitur.

1279 2138 1470 2182 AEquivoca
1484 2149 1522 2172 ac
1544 2138 1576 2172 in
1600 2148 1737 2173 omnem
1750 2147 1873 2182 partem
1886 2136 2041 2171 versatilis
2051 2147 2121 2172 erat

1227 2189 1286 2223 ista
1308 2187 1505 2231 Eutychetis
1529 2188 1679 2232 professio
1705 2213 1717 2230 ,
1754 2187 1897 2231 ideoque
1922 2187 2122 2221 accusatoris

1228 2238 1358 2273 Eusebii
1379 2238 1669 2275 interlocutionem
1693 2239 1878 2282 prosecutus
1892 2238 2026 2271 Sanctus
2050 2238 2123 2272 Fla-

1228 2290 1344 2323 vianus
1370 2288 1508 2331 perrexit
1521 2289 1717 2332 :sconfiteris
1737 2287 2010 2331 consubstantialem
2030 2291 2122 2321 Patri

1222 2338 1381 2383 secundum
1403 2341 1608 2375 Divinitatem
1631 2362 1644 2379 ,
1671 2341 1705 2374 (at
1730 2336 2001 2382 consubstantialem
2027 2342 2122 2372 matri

1222 2388 1384 2433 secundum
1405 2389 1623 2423 humanitatem
1645 2413 1655 2429 ‚
1685 2390 1812 2423 eundem
1831 2386 1927 2431 ipsum
1948 2398 2039 2421 unum
2066 2393 2121 2423 Fi-

1226 2441 1298 2473 iium
1311 2443 1468 2471 Dominum
1481 2439 1605 2479 nostrum
1611 2443 1642 2484 J
1644 2437 1722 2482 esum
1734 2437 1885 2479 christum
1897 2438 1913 2469 ,ἲ
1924 2442 2017 2473 Nunc
2030 2438 2121 2471 Chri-

1220 2489 1299 2530 stum
1309 2489 1453 2532 confiteris
1471 2500 1509 2523 ex
1532 2489 1649 2522 duabus
1670 2495 1790 2523 naturis
1813 2490 1826 2521 ἶ
1869 2489 1913 2522 Et
1937 2488 2010 2521 ille:
2038 2491 2122 2532 ,Quo-

1227 2546 1309 2573 niam
1331 2540 1464 2582 confiteor
1487 2542 1582 2572 Deum
1606 2551 1702 2572 meum
1725 2543 1886 2571 Dominum
1896 2539 2119 2578 calioterrae,

1225 2589 1368 2624 bar‘lenus
1395 2591 1432 2622 de
1442 2591 1507 2630 ejus
1519 2600 1630 2623 natura
1641 2587 1793 2632 disputare
1806 2586 1880 2620 mibi
1892 2599 1949 2621 non
1958 2587 2121 2631 persuade-

1224 2641 1294 2674 bam
1309 2666 1316 2673 .
1343 2638 1628 2683 consubstantialem
1650 2648 1750 2673 autem
1775 2637 1860 2672 nobis
1884 2636 2025 2674 baffi-nus
2045 2649 2119 2672 nun-

1224 2702 1316 2734 quam
1341 2701 1387 2723 me
1407 2691 1512 2734 dixisse
1521 2689 1673 2731 confiteor.
1703 2689 1751 2724 Et
1761 2689 1885 2723 rursum
1899 2688 2014 2723 eadem
2025 2700 2120 2734 roga·

1225 2751 1295 2775 tus:
1322 2738 1417 2783 Usque
1437 2742 1482 2773 ad
1500 2739 1674 2774 hodiernam
1695 2741 1775 2774 diem
1787 2750 1845 2772 non
1857 2739 1926 2772 dixi
1938 2749 1967 2771 co
1975 2747 2047 2781 rpus
2061 2743 2118 2772 Do-

1224 2795 1297 2823 mini
1307 2792 1406 2825 &Dei
1419 2790 1505 2831 nostri
1513 2789 1754 2834 consubstantiale
1772 2790 1856 2823 nobis
1870 2814 1880 2829 ,
1905 2787 2049 2832 sanc‘lam
2059 2801 2113 2823 αα-

1225 2850 1284 2875 tem
1294 2845 1447 2885 Virginem
1461 2839 1590 2883 confiteor
1604 2840 1686 2874 nobis
1698 2841 1750 2885 effe
1760 2838 2036 2884 consubstantialem
2047 2864 2057 2879 ‚
2079 2841 2115 2875 (ἅ

1224 2897 1365 2934 quoniam
1377 2903 1416 2925 ex
1432 2890 1497 2936 ipsa
1508 2897 1685 2925 incarnatus
1697 2891 1735 2932 est
1747 2894 1828 2924 Deus
1839 2889 1931 2930 noster
1947 2915 1954 2923 .
1982 2890 2064 2925 Haec
2078 2890 2113 2924 fi·

1227 2942 1259 2981 bi
1271 2941 1343 2985 ipfis
1354 2952 1420 2975 non
1435 2940 1661 2982 cohaerebant,
1690 2940 1830 2984 ideoque
1844 2939 1965 2974 iterum
1979 2942 2114 2975 Sanctus

1227 2992 1403 3026 Flavianus
1417 3005 1424 3025 ε
1451 2990 1795 3036 Consubstantialisergo
1809 2991 1892 3024 nobis
1907 2990 1945 3031 est
1957 2995 2045 3035 Virgo
2055 3016 2065 3032 ‚
2075 3002 2113 3024 ex

1225 3054 1286 3084 qua
1305 3049 1483 3075 incarnatus
1505 3041 1544 3082 est
1567 3046 1744 3075 nominator
1765 3040 1924 3081 Christus?
1953 3042 1998 3075 Et
2010 3041 2116 3083 Euty·

1226 3090 1319 3125 ches:
1347 3095 1445 3132 Dixi,
1472 3096 1541 3133 quia
1563 3095 1651 3135 Virgo
1670 3089 1923 3134 consubstantIalis
1944 3091 1982 3132 est
2005 3090 2086 3123 nobis
2105 3114 2112 3122 .

1226 3140 1280 3175 Ad
1305 3152 1375 3184 quae
1398 3140 1532 3175 Bafilius
1551 3140 1760 3176 seleuciensis
1780 3141 1964 3176 Isaurorum
1979 3141 2114 3183 Episco-

1226 3203 1283 3235 pus
1293 3190 1511 3234 Metropolita
1524 3216 1530 3222 .
1556 3193 1577 3223 5
1577 3197 1588 3223 i
1598 3200 1695 3225 mater
1705 3193 1743 3233 est
1753 3192 1835 3226 nobis
1849 3190 2112 3234 consubstantialir‚

1225 3244 1259 3275 Θ
1282 3239 1362 3283 ipse3
1390 3247 1527 3284 quoniam
1546 3241 1627 3283 filius
1641 3241 1770 3276 hominis
1793 3252 1914 3276 vocatus
1924 3239 1977 3280 est.
2004 3243 2037 3274 Si
2046 3251 2113 3283 ergo

1226 3300 1322 3325 mater
1347 3293 1412 3332 ejus
1437 3290 1690 3335 consubstantialis
1711 3292 1749 3333 est
1759 3292 1842 3325 nobis
1857 3315 1868 3331 ,
1895 3288 2113 3334 &ipsesecun-

1225 3343 1295 3374 dum
1316 3352 1432 3374 carnem
1443 3340 1697 3384 consubstantialis
1718 3342 1756 3382 Δὶ
1780 3341 1860 3374 nobis
1874 3366 1881 3373 .
1910 3340 2029 3375 Derifit
2042 3340 2110 3374 haec

1228 3391 1345 3435 impius
1366 3391 1567 3432 monachus,
1597 3392 1631 3424 &
1652 3393 1791 3435 perrexit
1810 3404 1817 3424 ι
1856 3393 2005 3434 ‚Quoniam
2024 3391 2110 3424 modo

1227 3444 1347 3483 dicitis,
1376 3442 1509 3476 omnibus
1532 3440 1675 3485 consentio
1695 3468 1701 3476 .
1729 3442 1841 3488 Quare
1861 3442 1955 3478 illum
1979 3440 2111 3475 Floren-

1721 3492 1750 3526 E
1775 3503 1793 3526 e
1995 3491 2059 3524 tius
