2340 3736
325 138 348 179 '3
362 134 425 180 7Ο

312 202 510 250 quomodo?
889 211 945 251 24.
959 214 990 240 2.
1003 203 1036 239 ἀ
1048 212 1103 248 25.
1118 213 1145 237 1.

262 255 472 301 Conjugium
497 250 681 289 Christiani
700 260 782 287 cum.
796 251 903 299 Judaea'
922 252 1007 297 apud
1029 252 1147 296 Hispa,

312 317 375 342 nos
383 305 446 341 suit
456 305 582 340 irritum
598 328 605 338 .
822 304 826 309 '
1047 299 1101 350 89.
1117 314 1144 339 1.

262 357 467 403 Conjugium
488 353 669 389 Christiani
689 364 766 390 cum
788 353 921 399 Pagana
949 352 985 386 in
1006 351 1148 389 Ecclesia

275 430 277 432 v
313 409 467 443 Romana
477 405 522 440 est
534 404 661 439 irritum
675 430 682 438 .
1047 401 1101 450 89-
1118 414 1146 441 1·

260 458 471 503 conjugium
483 455 588 490 fidelis
599 466 675 490 cum
690 454 818 488 Gentili
840 454 962 497 semper
974 452 1016 488 ab
1039 453 1148 489 Eccle-

311 506 594 543 fiainterdiaum.
608 503 668 554 ¹87.
687 516 713 541 1.
741 504 812 537 Nec
835 501 912 538 huic
924 503 1107 541 adversatur
1117 503 1148 538 S.

272 568 292 582 ·‘
313 558 533 604 Augustinus,
543 567 598 592 aut
610 554 850 590 Tertullianus.
1058 551 1147 590 88.1.

262 609 476 654 Conspiratio
509 607 650 642 Canone
671 603 800 640 decimo
819 605 935 639 osta-vo
969 603 1150 641 Chalcedo-

313 661 402 694 nensi
419 657 561 704 primum
575 656 690 691 vetita.
1006 655 1062 701 96.
1077 666 1104 691 1·
1118 667 1148 692 2-

985 121 1399 172 Iun-ex

1260 203 1278 237 a
1304 204 1388 262 §ede
1413 186 1620 250 'Apoflenea
1639 212 1713 248 sunt
1734 213 1889 259 probata.
1906 216 1973 267 217.
1996 231 2023 257 ι.
2049 220 2090 256 ln

1261 264 1377 296 quinta
1397 256 1432 291 δε
1454 256 1544 292 sexta
1564 258 1950 319 synodokfolennstiffime
1973 272 2093 307 confir-

1259 315 1348 340 ’ΨΜ
1360 331 1367 338 ·
1948 328 1964 355 1
1971 318 2001 358 8.
2017 330 2045 356 r.
2058 331 2091 356 2.

1208 355 1239 390 S.
1253 354 1374 413 Cyrilli
1386 355 1529 401 capitula
1550 357 1570 393 ὲ
1588 359 1686 395 variis
1706 369 1744 395 ut
1763 358 1907 414 BQ
1925 370 2091 414 perperim

1259 405 1461 442 existimata.
1503 441 1506 443 .
1872 410 1931 448 ’θη
1996 431 2048 467 ις.·
2063 430 2092 457 1.

1209 457 1240 493 S.
1265 457 1387 503 Cyrilli
1409 456 1480 493 duae
1494 458 1529 492 in
1541 459 1680 503 Synodo
1703 458 1963 500 chalcedonem
1982 480 2093 513 appro-

1261 506 1340 542 batae
1351 507 1503 552 Epistola:
1517 534 1524 542 .
1553 511 1742 545 Duodecim
1753 512 1896 556 capitula
1911 513 1953 548 ab
1962 514 2094 560 Ephesi,

1259 568 1303 591 na
1312 558 1451 602 Synodo
1470 557 1684 601 canonizata,
1709 562 1728 595 ὲ
1740 561 2001 599 Chalcedonenfi
2024 566 2094 603 {ion

1260 606 1327 694 {is}
1335 608 1433 643 tacite
1443 610 1517 643 sunt
1532 610 1708 657 approbata
1719 636 1731 653 ,
1743 624 1802 647 cur
1813 614 1827 647 ἓ
1838 606 1895 661 625.
1912 624 1939 649 1.
1967 625 2049 664 254.
2062 627 2095 654 2-

260 708 640 752 Constantinopolitanae
661 705 743 739 sedis
776 704 976 748 praeferendae
1009 706 1150 741 ambitus
1211 707 1241 742 S.
1269 708 1389 752 Cyrilli
1414 709 1559 754 Epistola
1579 692 1622 746 ad
1642 712 1863 748 Nestorium&
1882 712 2032 750 Patribus
2056 716 2095 751 in

314 761 442 796 vivente
452 758 623 796 Martiano
635 756 795 793 extinQus
805 778 816 797 2
842 755 1049 803 postliminio
1073 757 1153 791 revi-

313 812 385 845 xit..
1024 818 1102 853 114.
1117 819 1148 844 2.

262 858 654 904 constantinopolitanus
668 856 847 902 Episcopus
859 857 877 892 ὲ
890 857 1056 893 Dioscoro
1069 857 1149 891 reae

314 913 433 955 quinto
445 912 520 945 loco
533 909 579 944 est
592 907 773 944 collocatus
793 932 802 940 .
1053 918 1105 956 33,
1120 919 1149 944 2·

263 959 655 1004 Constantinopolitanus
677 957 858 1002 Episcopus
879 956 1109 993 Alexandrino
1129 959 1147 992 a

310 1014 450 1049 Domno
460 1010 643 1055 praepositus
652 1034 663 1050 ‚
687 1009 767 1042 cur?
1027 1006 1104 1046 228.
1118 1021 1148 1046 2.

255 1059 626 1105 Constantinopolitani
656 1059 813 1104 Episcopi
832 1059 870 1094 in
895 1061 1145 1095 consecratione

308 1121 478 1148 mutarunt
488 1110 646 1145 nomina.
851 1124 853 1127 ·
1023 1108 1101 1147 181.
1119 1120 1146 1145 1.

257 1164 474 1197 Constantius
494 1163 675 1205 Imperator
693 1162 883 1206 μνία-ἱρὴ
914 1172 1033 1196 vooem
1044 1185 1056 1202 ‚
1089 1164 1146 1194 Ho-

306 1226 370 1248 mou
382 1226 428 1248 ton
440 1239 446 1245 .
1023 1221 1100 1260 324·
1115 1221 1144 1247 1-

256 1261 363 1305 Vox,
389 1261 664 1307 consubstantiale,
696 1262 715 1296 ὲ
742 1263 880 1298 Nicaena
900 1262 1038 1306 Synodo
1064 1260 1146 1296 reste

1261 759 1400 802 Synodo
1412 759 1572 804 Ephesum
1584 772 1622 798 ut
1643 763 1721 799 fidei
1742 763 1852 809 regula
1873 765 1919 800 est
1930 766 2074 812 suscepta
2084 791 2093 800 .

1210 860 1239 893 s.
1260 819 1385 903 ἒῖῖἐιῖί
1413 860 1446 894 in
1469 861 1610 905 synodo
1634 862 1795 908 Ephefina
1819 865 1919 901 ledus
1945 865 2092 902 libellus.

1261 911 1468 945 Contentum
1482 937 1489 943 .
1516 913 1595 949 206.
1618 923 1650 948 2.
1692 914 1794 948 Sacris
1804 913 1989 951 Theodofii
2001 915 2096 953 diva·

1261 960 1348 996 libus
1383 961 1610 1006 obtemperans
1630 985 1641 1002 ‚
1680 960 1911 1010 praefidentiam
1944 966 2065 1003 dimisit
2083 992 2095 1001 .

1210 1061 1240 1094 S.
1257 1020 1384 1104 ggii-1¹11
1397 1062 1511 1098 litterae
1532 1063 1655 1107 ajentes
1674 1076 1682 1096 ε
1711 1068 1778 1098 Una
1797 1074 1907 1100 natura
1928 1069 1984 1101 Dei
2005 1066 2095 1101 Verbi

1261 1117 1439 1169 incernam,
1464 1125 1533 1148 non
1557 1116 1631 1149 sunt
1653 1115 1852 1159 depravata,
1878 1126 1993 1152 contra
2022 1118 2098 1162 Hy·

1257 1173 1383 1206 parium
1398 1187 1407 1196 .
1905 1199 1908 1202 ,
1971 1178 2096 1215 2754.

1208 1213 1238 1247 S.
1252 1211 1372 1256 cyrilli
1394 1214 1510 1249 litterae
1529 1214 1704 1258 synodales
1726 1214 1770 1252 nd
1787 1216 1983 1256 Nestorium
2013 1219 2097 1253 duo-

1258 1261 1368 1297 decim
1379 1264 1520 1310 capitula
1532 1265 1751 1301 continebant
1763 1292 1773 1300 .
2001 1277 2033 1315 4.
2065 1278 2096 1304 1.

258 1336 260 1338 v
305 1314 461 1357 probata,
493 1313 535 1348 ab
555 1312 768 1349 Antiochena
786 1325 856 1348 non
879 1312 963 1349 male
984 1311 1146 1356 improbn-
1209 1313 1237 1350 S,
1273 1313 1394 1356 Cyrilli
1431 1316 1627 1359 praefidentia
1673 1317 1708 1349 in
1732 1315 1891 1360 Ephefina
1932 1317 2096 1362 synodo,

254 1375 575 1449 Cotxisubstantialis:
600 1412 658 1447 An
683 1413 752 1448 haec
771 1426 838 1447 vox
859 1359 1142 1454 fueritinvzfifus'n

304 1464 507 1501 Manichaei.
532 1460 610 1511 328.
637 1475 671 1500 1.
702 1464 872 1506 reprobata
897 1463 939 1497 ab
961 1461 1142 1495 Antioche-

303 1527 345 1549 na
379 1515 516 1559 Synodo
539 1523 653 1548 contra
687 1512 828 1548 Paulum
863 1511 1141 1546 samosatensem.

251 1562 485 1649 Coiiffovirsia
498 1613 543 1649 de
563 1613 699 1648 vocibus
712 1613 797 1656 Usta,
821 1614 856 1648 δε
884 1611 1046 1655 Hypoflafi‚
1076 1621 1142 1655 per-

301 1667 482 1700 traaatain
507 1665 665 1699 Concilio
678 1664 927 1699 Alexandrino.
951 1673 1028 1711 303.
1055 1673 1082 1697 1.
1102 1660 1142 1696 de

1256 1363 1405 1421 quamvis
1425 1376 1481 1409 per
1501 1365 1643 1399 divalem
1667 1366 1860 1409 interdicta,
1878 1399 1882 1402 ,
1899 1367 2014 1411 nequit
2036 1368 2098 1402 im.

1212 1465 1240 1497 S.
1250 1412 1382 1506 &iiio
1394 1474 1471 1497 cum
1486 1463 1700 1509 praerogativa
1722 1467 1740 1500 ὲ
1755 1467 1917 1502 Romano
1930 1418 2095 1503 pontifi&

1259 1511 1458 1557 praesidentia
1479 1514 1514 1547 in
1546 1511 1708 1560 Ephefina
1727 1514 1864 1560 synodo
1887 1516 1935 1552 est
1967 1516 2094 1553 delata.

1208 1614 1236 1647 S.
1251 1574 1418 1656 {pi-'illum
1428 1613 1513 1649 iuter
1531 1615 1565 1650 δε
1576 1617 1738 1660 Ioannem
1752 1614 2007 1651 Antiochenam
2028 1627 2094 1661 pax

1257 1662 1395 1698 stabilita
1407 1690 1415 1698 .
1991 1677 2050 1715 23-
2065 1677 2093 1702 ι.

299 1716 458 1756 vocibus,
487 1718 582 1749 Trina
607 1719 715 1748 Deitas
735 1740 747 1755 ‚
781 1724 888 1757 coepta
911 1725 1002 1748 anno
1034 1712 1143 1747 salutis
1206 1715 1237 1748 S.
1249 1713 1396 1757 Cyrillus
1406 1724 1555 1751 naturam
1566 1727 1625 1760 pro
1647 1717 1780 1762 persona
1803 1713 1988 1761 aliquando„
2007 1716 2095 1751 usur-

298 1766 573 1811 quinquagefimo
589 1765 733 1801 secundo
749 1765 864 1799 ‘saeculi
888 1763 985 1798 noni.
1014 1773 1093 1810 309.
1111 1773 1139 1798 1.

298 1816 356 1850 De
366 1815 502 1851 vocibus
514 1814 576 1858 Usta
590 1840 600 1856 ‚
617 1816 650 1849 &
662 1814 808 1857 Hypostafi
822 1825 970 1857 ternpore
976 1813 1139 1849 Constan—

298 1866 528 1910 tinopolitanae
551 1866 679 1910 Synodi
701 1866 852 1900 nondum
877 1865 1000 1908 sopita.
1018 1875 1034 1912 3
1042 1875 1093 1912 37.
1103 1875 1137 1911 ,1-

298 1916 463 1951 Diviserat
486 1928 555 1951 non
579 1916 686 1950 solum
707 1916 836 1950 Graecos
868 1914 887 1948 ὲ
910 1915 1039 1949 Latinis·
1049 1914 1138 1953 :sed

297 1968 398 2001 etiam
408 1968 540 2001 Graecos
552 1966 570 2000 a
584 1965 706 1999 Graecis
717 1989 724 1997 .
1015 1974 1092 2011 337.
1107 1975 1137 2000 2.

247 2015 330 2052 Vox
341 2043 352 2059 ‚
362 2016 519 2059 conver-fio
532 2041 542 2057 ,
553 2028 612 2059 pro
622 2015 843 2058 assumptione
854 2016 1002 2058 usurpata
1015 2039 1022 2046 .
1038 2023 1092 2060 30.
1107 2026 1136 2050 2.

247 2066 368 2102 Cultus
382 2068 549 2110 disparitas
559 2077 600 2100 ex
611 2065 852 2100 consuetudine
872 2065 1043 2098 dumtaxat
1069 2063 1139 2097 irri-

296 2126 345 2152 tat
356 2116 611 2152 Matrimonium
625 2141 632 2147 .
1038 2110 1090 2159 89.
1107 2125 1134 2150 1.

246 2168 367 2204 Custos
378 2169 542 2203 sacrorum
554 2167 705 2201 vasorum
717 2165 802 2200 olim
826 2166 861 2200 in
873 2164 1001 2199 honore
1012 2188 1024 2205 ,
1053 2174 1111 2199 cur
1125 2166 1137 2200 ?

322 2218 353 2254 6.
382 2231 412 2256 2.

245 2270 278 2316 87
299 2230 453 2312 3Cyrillus
472 2278 570 2314 atque
594 2267 760 2302 Memnon
783 2275 821 2301 ut
844 2263 1058 2302 haerefiarchae
1069 2277 1136 2300 car-

297 2319 363 2353 ceri
373 2320 550 2364 mancipati
563 2346 570 2352 .
1031 2328 1084 2363 15.
1100 2329 1131 2354 2-

245 2371 278 2406 S.
293 2370 440 2413 Cyrillus
450 2369 609 2404 Celestini
621 2368 715 2412 Papae
727 2367 849 2403 litteras
867 2367 1069 2413 synodaliter
1080 2377 1135 2410 pu-

298 2420 450 2454 blicavit.
1054 2427 1087 2463 4·
1105 2429 1134 2453 1·

247 2472 279 2506 S.
289 2470 437 2514 Cyrillus
449 2469 530 2505 duas
540 2470 575 2503 in
590 2467 724 2502 Christo
747 2478 876 2503 naturas
897 2467 1015 2504 diserte
1033 2478 1134 2512 agno-

300 2521 350 2555 vit
363 2546 369 2551 .
381 2531 458 2568 235.
476 2532 504 2556 1.
531 2520 605 2553 Nec
619 2528 776 2560 umquam
791 2519 938 2563 negavit.
1054 2516 1133 2550 ibid.

246 2572 280 2607 S.
294 2570 439 2614 Cyrinus
460 2570 494 2604 ὃ(
504 2570 647 2603 Memon
661 2567 798 2602 restituti
812 2592 819 2599 .
1032 2578 1088 2605 22.
1105 2578 1132 2603 1-

246 2623 280 2656 S.
302 2620 446 2664 Cyrillus
466 2619 619 2663 injustam
642 2626 791 2653 metuens
804 2618 999 2656 sententiam
1008 2618 1135 2652 seinter

297 2682 369 2706 reos
380 2670 486 2716 posuit
497 2696 504 2703 .
1036 2677 1089 2715 14.
1106 2679 1133 2704 1.

247 2722 604 2765 S.Cyrillusinlocum
616 2718 791 2755 Theodori
815 2718 1077 2763 Mopsuestienfis
1100 2719 1134 2752 in
1155 2726 1158 2729 ⁴
1195 2721 1201 2727 '

298 2770 465 2817 dyptichis
475 2772 520 2806 est
531 2771 679 2805 suffe6tus
690 2795 698 2803 .
1006 2781 1019 2805 1
1027 2765 1046 2804 8
1055 2779 1084 2804 1·
1102 2779 1130 2804 1-

249 2822 457 2865 S-Cyrillus,
482 2823 668 2865 Memnon,
692 2831 730 2855 ac
740 2818 915 2854 Nestorius
937 2819 1019 2863 jussu
1042 2819 1134 2852 Prin-

300 2873 401 2916 cipis,
429 2884 466 2908 ut
486 2871 628 2907 haeretici
667 2871 704 2906 in
739 2869 871 2904 vincula
894 2869 1133 2913 conjiciuntur.

300 2931 356 2959 20⁷
370 2935 400 2959 2.
551 2930 555 2932 ’

248 2974 283 3008 S.
294 2972 438 3016 Cyrillus
458 2972 651 3008 Nestorium
670 2970 808 3006 tentavit
829 2968 872 3003 ab
895 2968 1000 3004 haerefi
1023 2980 1137 3004 avoca-

301 3033 354 3057 re.
1079 3045 1086 3052 .
1103 3031 1132 3056 1-

250 3074 282 3108 S.
295 3071 441 3115 Cyrillus
454 3073 516 3106 fuit
526 3074 647 3116 primus
657 3096 668 3113 ,
694 3071 750 3115 qui
763 3072 838 3106 suos
851 3082 893 3105 ex
915 3030 1132 3105 Ecclesiasgiica

302 3122 477 3157 substantia
489 3123 657 3157 incrassare
668 3122 714 3158 est
725 3132 863 3156 conatus
875 3145 883 3152 .
1033 3129 1091 3166 44.
1105 3132 1134 3156 2-

252 3173 284 3207 S.
298 3172 445 3216 Cyrillus
457 3171 586 3206 nullum
599 3171 778 3216 capitulum
789 3167 971 3207 retractavit
980 3192 991 3208 ,
1019 3170 1074 3203 sed
1083 3182 1135 3204 ex-

304 3224 410 3265 posuit
422 3248 434 3264 ,
457 3223 540 3256 cur?
890 3233 976 3269 17.2·
989 3220 1024 3254 &
1039 3217 1092 3257 18·
1110 3232 1138 3256 1·

253 3273 284 3309 S.
295 3271 414 3314 Cyrilli
439 3273 480 3307 ad
492 3273 653 3316 Ioannem
671 3269 921 3307 Antiochenum
941 3271 978 3304 in
1002 3269 1136 3313 synodo

306 3319 569 3357 Chalcedonenfi*
603 3322 684 3356 lecta
720 3322 754 3355 δε
796 3321 932 3366 probata
968 3319 1133 3363 Epistola.

255 3421 286 3459 S.
302 3380 435 3467 &aniz
433 3395 573 3466 capitula
582 3421 655 3459 tum
667 3420 708 3457 ab
721 3419 883 3467 Ephefina
897 3421 919 3456 S
919 3418 1034 3466 yncdo
1045 3445 1056 3462 ,
1067 3421 1134 3457 tum

1256 1764 1362 1808 pavit·
1386 1764 1462 1813 316.
1491 1776 1519 1801 1.
1548 1769 1732 1813 frequenter
1743 1778 1894 1802 naturam
1914 1768 1934 1802 ὲ
1954 1768 2092 1812 persona

1255 1814 1425 1849 distinxit·
1441 1815 1516 1864 316.
1539 1828 1571 1853 2.
1597 1819 1696 1853 etiam
1719 1817 1918 1861 Hypostafin
1945 1816 2095 1859 aliquun-

1253 1864 1298 1898 do
1311 1865 1437 1908 accepit
1450 1876 1509 1908 pro
1521 1876 1635 1902 natura
1649 1892 1656 1900 .
1686 1878 1704 1915 3
1713 1878 1763 1915 17.
1778 1877 1806 1901 1.
1834 1864 1888 1899 sed
1900 1864 2092 1910 plerumque

1252 1924 1309 1957 pro
1320 1914 1461 1949 Persona
1473 1940 1480 1946 .
2008 1913 2092 1949 ibid.

1202 1964 1229 1999 S.
1249 1964 1394 2008 Cyrinus
1426 1964 1752 2009 Hierosolymitanus
1783 1975 1899 1999 vocem
1921 1959 2091 2006 Hmfion
2115 1965 2121 1970 '

1250 2015 1374 2056 tacuit,
1399 2015 1434 2049 ὅ(
1455 2018 1576 2058 quare?
1599 2011 1675 2063 3232
1704 2027 1732 2051 1.
1755 2026 1824 2049 non
1848 2025 1965 2058 purum
1984 2012 2091 2048 Nicar-

1251 2075 1351 2104 num,
1380 2063 1433 2098 sed
1455 2064 1648 2108 quibusdam
1669 2064 1920 2099 detractionibus
1942 2089 1954 2104 ‚
1979 2075 2017 2098 ac
2037 2075 2089 2098 va-

1250 2115 1306 2148 riis
1327 2114 1560 2152 additamentis
1580 2116 1750 2153 alteratum
1774 2114 1970 2159 Symbolum
1988 2114 2089 2149 tradi-

1249 2163 1299 2199 dit
1320 2166 1383 2199 suis
1406 2165 1682 2207 cathecumenis,
1712 2176 1788 2214 323.
1807 2177 1834 2202 1.
1873 2164 2018 2207 Arianus,
2040 2162 2091 2198 di-

1248 2215 1333 2251 citur
1353 2216 1412 2252 aS.
1423 2215 1637 2262 Hieronymo
1657 2217 1692 2251 in
1707 2214 1880 2252 Chronico
1893 2241 1901 2250 .
1942 2211 1943 2214 ’
1965 2223 2087 2263 3234

1593 2366 1773 2452 D„

1293 2518 1411 2553 Ecreta
1425 2516 1570 2560 quaedam
1584 2514 1749 2550 Romanis
1763 2512 1981 2554 Pontificibus
2000 2513 2086 2550 fflso

1316 2567 1490 2611 adscripta.
1969 2577 2024 2614 79.
2049 2579 2083 2602 2.

1197 2618 1380 2657 Defensor,
1405 2616 1510 2662 quid?
1967 2615 2022 2653 68.
2047 2626 2082 2654 2.

1196 2669 1395 2704 Defensores
1417 2666 1493 2702 ante
1513 2667 1588 2702 laici
1604 2691 1616 2708 ,
1640 2665 1714 2711 post
1733 2664 1840 2711 clerici
1853 2691 1861 2698 .
1893 2676 1970 2704 101-
1994 2679 2027 2704 2.
2047 2662 2086 2702 &i

1250 2728 1327 2755 102-
1347 2730 1376 2754 1.

1196 2768 1394 2803 Defensores
1424 2767 1483 2803 sub
1508 2766 1704 2803 Christianis
1743 2764 1994 2853 Impesstoribus
2018 2764 2083 2810 pri·
2128 2759 2133 2764 ⁴

1245 2819 1337 2853 mum
1359 2828 1543 2862 coeperunt.
1851 2830 1857 2869 Ι·
1943 2826 2020 2853 101.
2052 2826 2083 2851 1.

1197 2869 1503 2904 Defensoriscivilis
1513 2868 1661 2903 officium
1683 2894 1690 2900 .
1857 2894 1869 2909 „
1904 2866 1905 2869 ’
1941 2873 2018 2903 100-
2046 2874 2086 2903 2.

1198 2920 1388 2954 Defensoris
1402 2918 1614 2953 Ecclefiastici
1625 2917 1772 2953 officium
1786 2942 1793 2949 .
1943 2925 2018 2952 101.
2053 2927 2084 2953 1.

1197 2969 1399 3005 Defunctum
1436 2969 1470 3003 in
1493 2980 1571 3013 pace
1591 2967 1743 3003 Ecclesia:
1753 2969 1773 3008 ‚'
1792 2978 1863 3001 non
1888 2965 1976 3012 poffe
1995 2966 2087 3002 dam-

1248 3020 1338 3060 nari,
1365 3019 1498 3063 plurimi
1524 3019 1724 3054 asseruerunt
1748 3042 1754 3049 .
1787 3016 1863 3053 160.
1881 3026 1914 3064 3..
1945 3016 1979 3051 δι
1998 3017 2085 3060 seqq.

1249 3069 1448 3104 contrarium
1479 3070 1614 3104 Sanetus
1646 3067 1853 3114 Augustinus
1887 3066 2087 3111 'dogmatiza-
2105 3095 2112 3102 .

1250 3121 1315 3154 vit.
1947 3116 2024 3154 162·
2052 3128 2083 3153 2·

1201 3171 1380 3205 Defunstus
1401 3170 1437 3204 in
1449 3180 1528 3214 pace
1541 3168 1650 3204 nulius
1663 3178 1741 3203 ante
1754 3165 1972 3204 Theodorum
1987 3166 2082 3208 Mop-

1250 3220 1442 3255 suestensem
1452 3220 1627 3254 damnatus
1651 3217 1822 3262 reperitur.
1950 3215 2023 3262 163·
2049 3223 2080 3246 2-

1204 3272 1281 3307 Vox
1295 3295 1306 3312 ‚
1335 3274 1491 3313 napum,
1516 3269 1684 3313 itSynodo
1706 3266 1985 3304 Chalcedonam
2011 3273 2082 3297 non

1252 3320 1413 3364 Symbolo
1425 3345 1436 3361 ,
1456 3319 1509 3355 sed
1520 3319 1708 3354 definitioni
1720 3320 1838 3353 inserta
1850 3341 1859 3358 ,
1871 3327 1926 3352 cur
1937 3316 2037 3359 ?271-
2048 3323 2080 3348 2-

1204 3371 1336 3406 Nomen
1351 3396 1362 3412 ‚
1375 3374 1507 3413 Deipara
1516 3395 1527 3411 ‚
1540 3368 1846 3412 Eutychiauismum
1854 3375 1922 3403 non
1933 3361 2057 3397 redolet
2070 3387 2083 3404 2

1252 3421 1400 3466 adeoque
1412 3432 1471 3456 nec
1484 3418 1752 3466 proscribendum
1765 3443 1772 3451 .
1934 3422 2049 3499 Vg‘ss-
2061 3423 2080 3450 ι

2023 3485 2035 3502 2
