<?xml version="1.0" encoding="UTF-8"?>
<!DOCTYPE html PUBLIC "-//W3C//DTD XHTML 1.0 Transitional//EN"
    "http://www.w3.org/TR/xhtml1/DTD/xhtml1-transitional.dtd">
<html xmlns="http://www.w3.org/1999/xhtml" xml:lang="en" lang="en">
 <head>
  <title>
</title>
<meta http-equiv="Content-Type" content="text/html;charset=utf-8" />
  <meta name='ocr-system' content='tesseract 3.04.00' />
  <meta name='ocr-capabilities' content='ocr_page ocr_carea ocr_par ocr_line ocrx_word'/>
</head>
<body>
  <div class='ocr_page' id='page_1' title='image "./operaomniastudio02lupuuoft_0269.png"; bbox 0 0 2340 3736; ppageno 0'>
   <div class='ocr_carea' id='block_1_1' title="bbox 162 2306 1119 2350">
    <p class='ocr_par' dir='ltr' id='par_1_1' title="bbox 162 2306 1119 2350">
     <span class='ocr_line' id='line_1_1' title="bbox 162 2306 1119 2350; baseline 0 -10"><span class='ocrx_word' id='word_1_1' title='bbox 162 2328 171 2340; x_wconf 84' lang='lat'><em>.</em></span> <span class='ocrx_word' id='word_1_2' title='bbox 221 2314 272 2340; x_wconf 80' lang='lat' dir='ltr'>tus</span> <span class='ocrx_word' id='word_1_3' title='bbox 292 2306 433 2350; x_wconf 82' lang='lat' dir='ltr'>ingressus</span> <span class='ocrx_word' id='word_1_4' title='bbox 459 2306 496 2347; x_wconf 82' lang='lat' dir='ltr'>est</span> <span class='ocrx_word' id='word_1_5' title='bbox 523 2331 531 2340; x_wconf 92' lang='lat'><em>.</em></span> <span class='ocrx_word' id='word_1_6' title='bbox 559 2310 633 2341; x_wconf 78' lang='lat' dir='ltr'>Haec</span> <span class='ocrx_word' id='word_1_7' title='bbox 656 2306 816 2349; x_wconf 83' lang='lat' dir='ltr'>manifesta</span> <span class='ocrx_word' id='word_1_8' title='bbox 836 2307 989 2340; x_wconf 83' lang='lat' dir='ltr'>calumnia</span> <span class='ocrx_word' id='word_1_9' title='bbox 1009 2332 1014 2339; x_wconf 93' lang='lat'>.</span> <span class='ocrx_word' id='word_1_10' title='bbox 1043 2311 1119 2340; x_wconf 85' lang='lat' dir='ltr'>Con-</span> 
     </span>
    </p>
   </div>
   <div class='ocr_carea' id='block_1_2' title="bbox 161 2956 1115 3005">
    <p class='ocr_par' dir='ltr' id='par_1_2' title="bbox 161 2956 1115 3005">
     <span class='ocr_line' id='line_1_2' title="bbox 161 2956 1115 3005; baseline 0.002 -11"><span class='ocrx_word' id='word_1_11' title='bbox 161 2992 163 2994; x_wconf 85' lang='grc'><em>,</em></span> <span class='ocrx_word' id='word_1_12' title='bbox 221 2957 354 2992; x_wconf 85' lang='lat' dir='ltr'>clesiam</span> <span class='ocrx_word' id='word_1_13' title='bbox 374 2956 551 3002; x_wconf 25' lang='lat' dir='ltr'>reprobato*</span> <span class='ocrx_word' id='word_1_14' title='bbox 567 2958 748 3001; x_wconf 79' lang='lat' dir='ltr'>judicaret?</span> <span class='ocrx_word' id='word_1_15' title='bbox 776 2960 1005 3004; x_wconf 83' lang='lat' dir='ltr'>Respexerunt</span> <span class='ocrx_word' id='word_1_16' title='bbox 1017 2972 1115 3005; x_wconf 85' lang='lat' dir='ltr'>nupe-</span> 
     </span>
    </p>
   </div>
   <div class='ocr_carea' id='block_1_3' title="bbox 39 3340 201 3382">
    <p class='ocr_par' dir='ltr' id='par_1_3' title="bbox 39 3340 201 3382">
     <span class='ocr_line' id='line_1_3' title="bbox 39 3340 201 3382; baseline -0.006 -10"><span class='ocrx_word' id='word_1_17' title='bbox 39 3340 144 3382; x_wconf 62' lang='grc' dir='ltr'><strong><em>Εριᾷι.</em></strong></span> <span class='ocrx_word' id='word_1_18' title='bbox 154 3350 201 3377; x_wconf 65' lang='lat'>04</span> 
     </span>
    </p>
   </div>
   <div class='ocr_carea' id='block_1_4' title="bbox 592 150 1662 211">
    <p class='ocr_par' dir='ltr' id='par_1_4' title="bbox 592 150 1662 211">
     <span class='ocr_line' id='line_1_4' title="bbox 592 150 1662 211; baseline 0.002 -2"><span class='ocrx_word' id='word_1_19' title='bbox 592 163 679 209; x_wconf 84' lang='lat' dir='ltr'>Ar&gt;</span> <span class='ocrx_word' id='word_1_20' title='bbox 715 162 1003 208; x_wconf 77' lang='lat' dir='ltr'>SYNoDUM</span> <span class='ocrx_word' id='word_1_21' title='bbox 1038 150 1662 211; x_wconf 68' lang='lat' dir='ltr'><strong>CHALCEDONENSEM.</strong></span> 
     </span>
    </p>
   </div>
   <div class='ocr_carea' id='block_1_5' title="bbox 220 246 1152 2300">
    <p class='ocr_par' dir='ltr' id='par_1_5' title="bbox 222 246 1152 1850">
     <span class='ocr_line' id='line_1_5' title="bbox 241 246 1152 296; baseline -0.01 -10"><span class='ocrx_word' id='word_1_22' title='bbox 241 249 402 296; x_wconf 77' lang='lat' dir='ltr'><strong>Episcopi</strong></span> <span class='ocrx_word' id='word_1_23' title='bbox 415 247 575 294; x_wconf 83' lang='lat' dir='ltr'>AEgyptii</span> <span class='ocrx_word' id='word_1_24' title='bbox 587 248 800 291; x_wconf 88' lang='lat' dir='ltr'>reposuerunt</span> <span class='ocrx_word' id='word_1_25' title='bbox 813 260 824 280; x_wconf 93' lang='grc'>.·</span> <span class='ocrx_word' id='word_1_26' title='bbox 849 246 959 280; x_wconf 76' lang='lat' dir='ltr'>Clerici</span> <span class='ocrx_word' id='word_1_27' title='bbox 970 256 1048 278; x_wconf 87' lang='lat' dir='ltr'>nunc</span> <span class='ocrx_word' id='word_1_28' title='bbox 1059 255 1132 289; x_wconf 81' lang='lat' dir='ltr'>qua·</span> <span class='ocrx_word' id='word_1_29' title='bbox 1149 267 1152 270; x_wconf 54' lang='lat'>&lt;</span> 
     </span>
     <span class='ocr_line' id='line_1_6' title="bbox 241 295 1133 341; baseline -0.008 -6"><span class='ocrx_word' id='word_1_30' title='bbox 241 313 275 335; x_wconf 82' lang='lat' dir='ltr'>re</span> <span class='ocrx_word' id='word_1_31' title='bbox 292 300 453 335; x_wconf 75' lang='lat' dir='ltr'>clamant?</span> <span class='ocrx_word' id='word_1_32' title='bbox 477 298 607 337; x_wconf 65' lang='lat' dir='ltr'>synodus</span> <span class='ocrx_word' id='word_1_33' title='bbox 629 295 888 341; x_wconf 80' lang='lat' dir='ltr'>Episcoporumest</span> <span class='ocrx_word' id='word_1_34' title='bbox 900 320 910 335; x_wconf 93' lang='lat'>,</span> <span class='ocrx_word' id='word_1_35' title='bbox 937 307 995 329; x_wconf 90' lang='lat' dir='ltr'>non</span> <span class='ocrx_word' id='word_1_36' title='bbox 1006 297 1133 329; x_wconf 77' lang='lat' dir='ltr'>elerico-</span> 
     </span>
     <span class='ocr_line' id='line_1_7' title="bbox 240 344 1132 392; baseline -0.007 -8"><span class='ocrx_word' id='word_1_37' title='bbox 240 362 310 385; x_wconf 77' lang='lat' dir='ltr'>rum</span> <span class='ocrx_word' id='word_1_38' title='bbox 322 375 329 383; x_wconf 93' lang='lat'>.</span> <span class='ocrx_word' id='word_1_39' title='bbox 355 348 519 392; x_wconf 77' lang='lat' dir='ltr'>Superfluos</span> <span class='ocrx_word' id='word_1_40' title='bbox 523 348 615 392; x_wconf 88' lang='lat' dir='ltr'>foras</span> <span class='ocrx_word' id='word_1_41' title='bbox 633 354 749 381; x_wconf 81' lang='lat' dir='ltr'>mittite</span> <span class='ocrx_word' id='word_1_42' title='bbox 766 372 773 379; x_wconf 93' lang='lat'>.</span> <span class='ocrx_word' id='word_1_43' title='bbox 801 349 868 391; x_wconf 75' lang='lat' dir='ltr'>,Qui</span> <span class='ocrx_word' id='word_1_44' title='bbox 877 344 1132 392; x_wconf 77' lang='lat' dir='ltr'>subftripserunt,</span> 
     </span>
     <span class='ocr_line' id='line_1_8' title="bbox 239 396 1135 439; baseline -0.008 -4"><span class='ocrx_word' id='word_1_45' title='bbox 239 404 276 435; x_wconf 60' lang='lat' dir='ltr'>in</span> <span class='ocrx_word' id='word_1_46' title='bbox 286 401 413 435; x_wconf 78' lang='lat' dir='ltr'>medium</span> <span class='ocrx_word' id='word_1_47' title='bbox 423 406 569 434; x_wconf 82' lang='lat' dir='ltr'>veniant.</span> <span class='ocrx_word' id='word_1_48' title='bbox 596 399 641 432; x_wconf 89' lang='lat' dir='ltr'>Et</span> <span class='ocrx_word' id='word_1_49' title='bbox 663 398 774 432; x_wconf 85' lang='lat' dir='ltr'>statim</span> <span class='ocrx_word' id='word_1_50' title='bbox 785 397 819 431; x_wconf 87' lang='lat' dir='ltr'>in</span> <span class='ocrx_word' id='word_1_51' title='bbox 842 397 988 432; x_wconf 89' lang='lat' dir='ltr'>medium</span> <span class='ocrx_word' id='word_1_52' title='bbox 1009 396 1135 439; x_wconf 87' lang='lat' dir='ltr'>prodie-</span> 
     </span>
     <span class='ocr_line' id='line_1_9' title="bbox 239 445 1135 494; baseline -0.008 -8"><span class='ocrx_word' id='word_1_53' title='bbox 239 462 318 486; x_wconf 80' lang='lat' dir='ltr'>runt</span> <span class='ocrx_word' id='word_1_54' title='bbox 329 448 511 494; x_wconf 83' lang='lat' dir='ltr'>Stephanus</span> <span class='ocrx_word' id='word_1_55' title='bbox 527 448 729 493; x_wconf 81' lang='lat' dir='ltr'>Ephefinus‚</span> <span class='ocrx_word' id='word_1_56' title='bbox 754 449 789 483; x_wconf 70' lang='lat' dir='ltr'>dc</span> <span class='ocrx_word' id='word_1_57' title='bbox 811 446 1017 482; x_wconf 86' lang='lat' dir='ltr'>Theodorus</span> <span class='ocrx_word' id='word_1_58' title='bbox 1038 445 1135 480; x_wconf 86' lang='lat' dir='ltr'>Clau-</span> 
     </span>
     <span class='ocr_line' id='line_1_10' title="bbox 239 499 1137 546; baseline -0.01 -10"><span class='ocrx_word' id='word_1_59' title='bbox 239 501 469 546; x_wconf 85' lang='lat' dir='ltr'>diopolitanus</span> <span class='ocrx_word' id='word_1_60' title='bbox 489 502 526 535; x_wconf 87' lang='lat' dir='ltr'>in</span> <span class='ocrx_word' id='word_1_61' title='bbox 545 500 666 535; x_wconf 82' lang='lat' dir='ltr'>Isauria</span> <span class='ocrx_word' id='word_1_62' title='bbox 692 499 876 542; x_wconf 85' lang='lat' dir='ltr'>Episcopus</span> <span class='ocrx_word' id='word_1_63' title='bbox 901 521 913 537; x_wconf 95' lang='lat'>,</span> <span class='ocrx_word' id='word_1_64' title='bbox 950 505 1137 530; x_wconf 81' lang='lat' dir='ltr'>enarrantes</span> 
     </span>
     <span class='ocr_line' id='line_1_11' title="bbox 237 545 1136 592; baseline -0.01 -5"><span class='ocrx_word' id='word_1_65' title='bbox 237 550 349 587; x_wconf 80' lang='lat' dir='ltr'>illatas</span> <span class='ocrx_word' id='word_1_66' title='bbox 374 551 434 586; x_wconf 82' lang='lat' dir='ltr'>fibi</span> <span class='ocrx_word' id='word_1_67' title='bbox 461 551 640 586; x_wconf 76' lang='lat' dir='ltr'><strong>violentias</strong></span> <span class='ocrx_word' id='word_1_68' title='bbox 664 574 676 592; x_wconf 90' lang='lat'>,</span> <span class='ocrx_word' id='word_1_69' title='bbox 710 549 747 583; x_wconf 84' lang='lat'>&amp;</span> <span class='ocrx_word' id='word_1_70' title='bbox 771 546 959 584; x_wconf 81' lang='lat' dir='ltr'>orientales</span> <span class='ocrx_word' id='word_1_71' title='bbox 980 556 1058 581; x_wconf 90' lang='lat' dir='ltr'>cum</span> <span class='ocrx_word' id='word_1_72' title='bbox 1078 545 1136 580; x_wconf 89' lang='lat' dir='ltr'>fibi</span> 
     </span>
     <span class='ocr_line' id='line_1_12' title="bbox 240 597 1137 645; baseline -0.007 -9"><span class='ocrx_word' id='word_1_73' title='bbox 240 600 484 637; x_wconf 69' lang='lat' dir='ltr'>adhaerentibus</span> <span class='ocrx_word' id='word_1_74' title='bbox 504 599 659 645; x_wconf 81' lang='lat' dir='ltr'>Episcopi</span> <span class='ocrx_word' id='word_1_75' title='bbox 682 597 931 632; x_wconf 82' lang='lat' dir='ltr'>adclamarunt:</span> <span class='ocrx_word' id='word_1_76' title='bbox 953 601 1065 631; x_wconf 88' lang='lat' dir='ltr'>omnes</span> <span class='ocrx_word' id='word_1_77' title='bbox 1088 608 1137 631; x_wconf 87' lang='lat' dir='ltr'>ea-</span> 
     </span>
     <span class='ocr_line' id='line_1_13' title="bbox 234 638 1136 694; baseline -0.004 -8"><span class='ocrx_word' id='word_1_78' title='bbox 234 653 309 686; x_wconf 68' lang='lat' dir='ltr'>&#39;&#39;ae&#39;Iem</span> <span class='ocrx_word' id='word_1_79' title='bbox 320 654 449 686; x_wconf 86' lang='lat' dir='ltr'>dicimus</span> <span class='ocrx_word' id='word_1_80' title='bbox 459 675 470 691; x_wconf 91' lang='lat'>,</span> <span class='ocrx_word' id='word_1_81' title='bbox 483 651 547 685; x_wconf 82' lang='lat' dir='ltr'>baec</span> <span class='ocrx_word' id='word_1_82' title='bbox 556 657 601 684; x_wconf 82' lang='lat' dir='ltr'>ita</span> <span class='ocrx_word' id='word_1_83' title='bbox 604 649 640 694; x_wconf 90' lang='lat' dir='ltr'>se</span> <span class='ocrx_word' id='word_1_84' title='bbox 649 638 764 682; x_wconf 57' lang='lat' dir='ltr'>basem</span> <span class='ocrx_word' id='word_1_85' title='bbox 776 672 783 680; x_wconf 87' lang='lat'><strong>.</strong></span> <span class='ocrx_word' id='word_1_86' title='bbox 797 647 841 681; x_wconf 90' lang='lat' dir='ltr'>Et</span> <span class='ocrx_word' id='word_1_87' title='bbox 854 647 1016 692; x_wconf 86' lang='lat' dir='ltr'>AEgyptii</span> <span class='ocrx_word' id='word_1_88' title='bbox 1030 659 1037 680; x_wconf 73' lang='grc' dir='ltr'><strong>ι</strong></span> <span class='ocrx_word' id='word_1_89' title='bbox 1049 646 1136 682; x_wconf 78' lang='lat' dir='ltr'>chri-</span> 
     </span>
     <span class='ocr_line' id='line_1_14' title="bbox 231 697 1132 744; baseline -0.004 -10"><span class='ocrx_word' id='word_1_90' title='bbox 231 701 349 744; x_wconf 62' lang='lat' dir='ltr'>¹stiamus</span> <span class='ocrx_word' id='word_1_91' title='bbox 366 708 511 737; x_wconf 84' lang='lat' dir='ltr'>neminem</span> <span class='ocrx_word' id='word_1_92' title='bbox 523 697 792 741; x_wconf 82' lang='lat' dir='ltr'>timet,c·atholicus</span> <span class='ocrx_word' id='word_1_93' title='bbox 805 703 951 731; x_wconf 84' lang='lat' dir='ltr'>neminem</span> <span class='ocrx_word' id='word_1_94' title='bbox 956 697 1114 741; x_wconf 82' lang='lat' dir='ltr'>formidat</span> <span class='ocrx_word' id='word_1_95' title='bbox 1125 722 1132 730; x_wconf 92' lang='lat'><strong><em>.</em></strong></span> 
     </span>
     <span class='ocr_line' id='line_1_15' title="bbox 236 747 1133 797; baseline -0.006 -10"><span class='ocrx_word' id='word_1_96' title='bbox 236 757 323 797; x_wconf 79' lang='lat' dir='ltr'>Jgnis</span> <span class='ocrx_word' id='word_1_97' title='bbox 342 761 500 796; x_wconf 80' lang='lat' dir='ltr'>ponatur,</span> <span class='ocrx_word' id='word_1_98' title='bbox 526 751 713 786; x_wconf 64' lang='lat' dir='ltr'>odiamus.</span> <span class='ocrx_word' id='word_1_99' title='bbox 741 750 772 781; x_wconf 81' lang='lat' dir='ltr'>Si</span> <span class='ocrx_word' id='word_1_100' title='bbox 786 747 919 783; x_wconf 84' lang='lat' dir='ltr'>homines</span> <span class='ocrx_word' id='word_1_101' title='bbox 940 753 1133 790; x_wconf 80' lang='lat' dir='ltr'>timerentur,</span> 
     </span>
     <span class='ocr_line' id='line_1_16' title="bbox 235 799 1134 845; baseline -0.004 -8"><span class='ocrx_word' id='word_1_102' title='bbox 235 811 380 843; x_wconf 68' lang='lat' dir='ltr'>martyres</span> <span class='ocrx_word' id='word_1_103' title='bbox 394 813 453 835; x_wconf 90' lang='lat' dir='ltr'>non</span> <span class='ocrx_word' id='word_1_104' title='bbox 461 802 570 844; x_wconf 82' lang='lat' dir='ltr'>fierent</span> <span class='ocrx_word' id='word_1_105' title='bbox 583 825 590 832; x_wconf 92' lang='lat'>.</span> <span class='ocrx_word' id='word_1_106' title='bbox 618 800 688 834; x_wconf 86' lang='lat' dir='ltr'>Eos</span> <span class='ocrx_word' id='word_1_107' title='bbox 698 809 840 845; x_wconf 89' lang='lat' dir='ltr'>arguunt</span> <span class='ocrx_word' id='word_1_108' title='bbox 852 823 864 840; x_wconf 94' lang='lat'>,</span> <span class='ocrx_word' id='word_1_109' title='bbox 891 799 982 844; x_wconf 87' lang='lat' dir='ltr'>quod</span> <span class='ocrx_word' id='word_1_110' title='bbox 1002 809 1043 832; x_wconf 85' lang='lat' dir='ltr'>ex</span> <span class='ocrx_word' id='word_1_111' title='bbox 1066 810 1134 833; x_wconf 91' lang='lat' dir='ltr'>me-</span> 
     </span>
     <span class='ocr_line' id='line_1_17' title="bbox 232 849 1132 897; baseline -0.004 -10"><span class='ocrx_word' id='word_1_112' title='bbox 232 855 273 887; x_wconf 70' lang='lat' dir='ltr'>”tu</span> <span class='ocrx_word' id='word_1_113' title='bbox 285 877 298 893; x_wconf 93' lang='lat'>‚</span> <span class='ocrx_word' id='word_1_114' title='bbox 322 854 380 897; x_wconf 87' lang='lat' dir='ltr'>qui</span> <span class='ocrx_word' id='word_1_115' title='bbox 392 853 426 886; x_wconf 90' lang='lat' dir='ltr'>in</span> <span class='ocrx_word' id='word_1_116' title='bbox 440 850 643 895; x_wconf 82' lang='lat' dir='ltr'>Episcopum</span> <span class='ocrx_word' id='word_1_117' title='bbox 653 849 766 884; x_wconf 90' lang='lat' dir='ltr'>nullus</span> <span class='ocrx_word' id='word_1_118' title='bbox 778 850 893 884; x_wconf 85' lang='lat' dir='ltr'>cadere</span> <span class='ocrx_word' id='word_1_119' title='bbox 905 849 1043 890; x_wconf 86' lang='lat' dir='ltr'>debeat,</span> <span class='ocrx_word' id='word_1_120' title='bbox 1067 849 1132 883; x_wconf 87' lang='lat' dir='ltr'>sese</span> 
     </span>
     <span class='ocr_line' id='line_1_18' title="bbox 231 899 1131 946; baseline -0.007 -8"><span class='ocrx_word' id='word_1_121' title='bbox 231 902 330 938; x_wconf 71' lang='lat' dir='ltr'>fuisse</span> <span class='ocrx_word' id='word_1_122' title='bbox 339 902 562 946; x_wconf 70' lang='lat' dir='ltr'>praevaricatos</span> <span class='ocrx_word' id='word_1_123' title='bbox 573 901 707 945; x_wconf 87' lang='lat' dir='ltr'>proprio</span> <span class='ocrx_word' id='word_1_124' title='bbox 721 910 778 935; x_wconf 87' lang='lat' dir='ltr'>ore</span> <span class='ocrx_word' id='word_1_125' title='bbox 794 900 1017 935; x_wconf 85' lang='lat' dir='ltr'>confiteantur</span> <span class='ocrx_word' id='word_1_126' title='bbox 1026 923 1034 932; x_wconf 82' lang='lat'><strong>.</strong></span> <span class='ocrx_word' id='word_1_127' title='bbox 1062 899 1131 933; x_wconf 80' lang='lat' dir='ltr'>Ad.</span> 
     </span>
     <span class='ocr_line' id='line_1_19' title="bbox 231 949 1127 997; baseline -0.002 -12"><span class='ocrx_word' id='word_1_128' title='bbox 231 949 320 987; x_wconf 82' lang='lat' dir='ltr'>didit</span> <span class='ocrx_word' id='word_1_129' title='bbox 341 951 541 988; x_wconf 87' lang='lat' dir='ltr'><strong>Dioscorus:</strong></span> <span class='ocrx_word' id='word_1_130' title='bbox 569 954 657 997; x_wconf 74' lang='lat' dir='ltr'>,Quia</span> <span class='ocrx_word' id='word_1_131' title='bbox 677 950 808 994; x_wconf 79' lang='lat' dir='ltr'>afferunt</span> <span class='ocrx_word' id='word_1_132' title='bbox 824 949 859 994; x_wconf 89' lang='lat' dir='ltr'>se</span> <span class='ocrx_word' id='word_1_133' title='bbox 872 961 930 983; x_wconf 86' lang='lat' dir='ltr'>non</span> <span class='ocrx_word' id='word_1_134' title='bbox 940 950 1049 993; x_wconf 81' lang='lat' dir='ltr'>audiffe</span> <span class='ocrx_word' id='word_1_135' title='bbox 1058 959 1127 990; x_wconf 82' lang='lat' dir='ltr'>quae</span> 
     </span>
     <span class='ocr_line' id='line_1_20' title="bbox 225 999 1130 1046; baseline -0.001 -12"><span class='ocrx_word' id='word_1_136' title='bbox 225 1003 372 1045; x_wconf 55' lang='lat' dir='ltr'>‚iudicata</span> <span class='ocrx_word' id='word_1_137' title='bbox 383 1000 458 1046; x_wconf 85' lang='lat' dir='ltr'>sunt</span> <span class='ocrx_word' id='word_1_138' title='bbox 481 1004 535 1036; x_wconf 78' lang='lat' dir='ltr'>vel</span> <span class='ocrx_word' id='word_1_139' title='bbox 553 1000 692 1046; x_wconf 74' lang='lat' dir='ltr'>dispofita</span> <span class='ocrx_word' id='word_1_140' title='bbox 704 1025 716 1042; x_wconf 92' lang='lat'>,</span> <span class='ocrx_word' id='word_1_141' title='bbox 735 999 974 1044; x_wconf 77' lang='lat' dir='ltr'>sedfimpliciter</span> <span class='ocrx_word' id='word_1_142' title='bbox 986 1006 1019 1033; x_wconf 86' lang='lat' dir='ltr'>in</span> <span class='ocrx_word' id='word_1_143' title='bbox 1029 1000 1130 1033; x_wconf 85' lang='lat' dir='ltr'>oblata</span> 
     </span>
     <span class='ocr_line' id='line_1_21' title="bbox 226 1050 1129 1097; baseline -0.001 -12"><span class='ocrx_word' id='word_1_144' title='bbox 226 1059 312 1096; x_wconf 72' lang='lat' dir='ltr'>pura</span> <span class='ocrx_word' id='word_1_145' title='bbox 332 1052 439 1086; x_wconf 73' lang='lat' dir='ltr'>charta</span> <span class='ocrx_word' id='word_1_146' title='bbox 457 1050 647 1097; x_wconf 73' lang='lat' dir='ltr'>ficbfiripfiffe</span> <span class='ocrx_word' id='word_1_147' title='bbox 660 1076 671 1092; x_wconf 92' lang='lat'>,</span> <span class='ocrx_word' id='word_1_148' title='bbox 697 1053 829 1085; x_wconf 63' lang='lat' dir='ltr'>maximi</span> <span class='ocrx_word' id='word_1_149' title='bbox 842 1052 961 1096; x_wconf 82' lang='lat' dir='ltr'>quidem</span> <span class='ocrx_word' id='word_1_150' title='bbox 980 1061 1038 1084; x_wconf 91' lang='lat' dir='ltr'>non</span> <span class='ocrx_word' id='word_1_151' title='bbox 1049 1058 1129 1093; x_wconf 85' lang='lat' dir='ltr'>opor·</span> 
     </span>
     <span class='ocr_line' id='line_1_22' title="bbox 230 1100 1129 1150; baseline 0 -15"><span class='ocrx_word' id='word_1_152' title='bbox 230 1108 292 1136; x_wconf 72' lang='lat' dir='ltr'>tuit</span> <span class='ocrx_word' id='word_1_153' title='bbox 316 1115 363 1137; x_wconf 81' lang='lat' dir='ltr'>eos</span> <span class='ocrx_word' id='word_1_154' title='bbox 381 1101 564 1150; x_wconf 78' lang='lat' dir='ltr'><em>subscribere</em></span> <span class='ocrx_word' id='word_1_155' title='bbox 576 1125 588 1143; x_wconf 96' lang='lat'>,</span> <span class='ocrx_word' id='word_1_156' title='bbox 613 1102 720 1146; x_wconf 75' lang='lat' dir='ltr'>quibus</span> <span class='ocrx_word' id='word_1_157' title='bbox 727 1100 927 1145; x_wconf 76' lang='lat' dir='ltr'>satisfat‘lum</span> <span class='ocrx_word' id='word_1_158' title='bbox 941 1112 999 1135; x_wconf 87' lang='lat' dir='ltr'>non</span> <span class='ocrx_word' id='word_1_159' title='bbox 1011 1110 1078 1134; x_wconf 87' lang='lat' dir='ltr'>erat</span> <span class='ocrx_word' id='word_1_160' title='bbox 1090 1102 1129 1135; x_wconf 82' lang='lat' dir='ltr'>de</span> 
     </span>
     <span class='ocr_line' id='line_1_23' title="bbox 229 1150 1125 1196; baseline -0.002 -11"><span class='ocrx_word' id='word_1_161' title='bbox 229 1152 301 1194; x_wconf 83' lang='lat' dir='ltr'>bis,</span> <span class='ocrx_word' id='word_1_162' title='bbox 327 1164 396 1196; x_wconf 80' lang='lat' dir='ltr'>quae</span> <span class='ocrx_word' id='word_1_163' title='bbox 420 1155 502 1187; x_wconf 81' lang='lat' dir='ltr'>dixit</span> <span class='ocrx_word' id='word_1_164' title='bbox 523 1154 676 1193; x_wconf 66' lang='lat' dir='ltr'>synodus,</span> <span class='ocrx_word' id='word_1_165' title='bbox 701 1159 776 1195; x_wconf 85' lang='lat' dir='ltr'>quia</span> <span class='ocrx_word' id='word_1_166' title='bbox 795 1153 833 1186; x_wconf 86' lang='lat' dir='ltr'>de</span> <span class='ocrx_word' id='word_1_167' title='bbox 847 1152 912 1195; x_wconf 86' lang='lat' dir='ltr'>fide</span> <span class='ocrx_word' id='word_1_168' title='bbox 937 1150 1125 1195; x_wconf 85' lang='lat' dir='ltr'>eratsermo.</span> 
     </span>
     <span class='ocr_line' id='line_1_24' title="bbox 229 1200 1128 1247; baseline -0.001 -11"><span class='ocrx_word' id='word_1_169' title='bbox 229 1204 252 1236; x_wconf 64' lang='grc' dir='ltr'>δ’</span> <span class='ocrx_word' id='word_1_170' title='bbox 252 1203 293 1237; x_wconf 84' lang='lat' dir='ltr'>ed</span> <span class='ocrx_word' id='word_1_171' title='bbox 299 1210 372 1246; x_wconf 84' lang='lat' dir='ltr'>quia</span> <span class='ocrx_word' id='word_1_172' title='bbox 381 1202 545 1247; x_wconf 81' lang='lat' dir='ltr'>causantur</span> <span class='ocrx_word' id='word_1_173' title='bbox 556 1210 592 1237; x_wconf 79' lang='lat' dir='ltr'>in</span> <span class='ocrx_word' id='word_1_174' title='bbox 604 1202 705 1237; x_wconf 85' lang='lat' dir='ltr'>oblata</span> <span class='ocrx_word' id='word_1_175' title='bbox 715 1210 796 1246; x_wconf 83' lang='lat' dir='ltr'>pura</span> <span class='ocrx_word' id='word_1_176' title='bbox 804 1202 912 1237; x_wconf 84' lang='lat' dir='ltr'>charta</span> <span class='ocrx_word' id='word_1_177' title='bbox 918 1200 1106 1246; x_wconf 75' lang='lat' dir='ltr'>subscripfiffl</span> <span class='ocrx_word' id='word_1_178' title='bbox 1116 1224 1128 1240; x_wconf 86' lang='lat'>,</span> 
     </span>
     <span class='ocr_line' id='line_1_25' title="bbox 226 1250 1126 1297; baseline 0 -11"><span class='ocrx_word' id='word_1_179' title='bbox 226 1250 463 1287; x_wconf 55' lang='lat' dir='ltr'>interlocutiones</span> <span class='ocrx_word' id='word_1_180' title='bbox 484 1266 584 1288; x_wconf 84' lang='lat' dir='ltr'>eorum</span> <span class='ocrx_word' id='word_1_181' title='bbox 602 1260 672 1296; x_wconf 83' lang='lat' dir='ltr'>quis</span> <span class='ocrx_word' id='word_1_182' title='bbox 698 1255 851 1287; x_wconf 83' lang='lat' dir='ltr'>ordinarit</span> <span class='ocrx_word' id='word_1_183' title='bbox 870 1252 1005 1297; x_wconf 84' lang='lat' dir='ltr'>supplico</span> <span class='ocrx_word' id='word_1_184' title='bbox 1033 1254 1126 1286; x_wconf 81' lang='lat' dir='ltr'>dicere</span> 
     </span>
     <span class='ocr_line' id='line_1_26' title="bbox 226 1302 1126 1349; baseline -0.002 -11"><span class='ocrx_word' id='word_1_185' title='bbox 226 1310 300 1344; x_wconf 81' lang='lat' dir='ltr'>eos,</span> <span class='ocrx_word' id='word_1_186' title='bbox 321 1309 483 1346; x_wconf 79' lang='lat' dir='ltr'>praecipiat</span> <span class='ocrx_word' id='word_1_187' title='bbox 504 1304 731 1349; x_wconf 79' lang='lat' dir='ltr'>Magnificentia</span> <span class='ocrx_word' id='word_1_188' title='bbox 756 1302 874 1347; x_wconf 77' lang='lat' dir='ltr'>vestra.</span> <span class='ocrx_word' id='word_1_189' title='bbox 901 1302 971 1336; x_wconf 89' lang='lat' dir='ltr'>Eos</span> <span class='ocrx_word' id='word_1_190' title='bbox 993 1302 1126 1348; x_wconf 85' lang='lat' dir='ltr'>arguit,</span> 
     </span>
     <span class='ocr_line' id='line_1_27' title="bbox 226 1352 1125 1400; baseline -0.002 -13"><span class='ocrx_word' id='word_1_191' title='bbox 226 1353 321 1398; x_wconf 86' lang='lat' dir='ltr'>quod</span> <span class='ocrx_word' id='word_1_192' title='bbox 344 1355 510 1389; x_wconf 78' lang='lat' dir='ltr'>fateantur</span> <span class='ocrx_word' id='word_1_193' title='bbox 520 1377 532 1394; x_wconf 88' lang='lat'>,</span> <span class='ocrx_word' id='word_1_194' title='bbox 557 1354 592 1388; x_wconf 76' lang='grc' dir='ltr'>δε</span> <span class='ocrx_word' id='word_1_195' title='bbox 604 1354 739 1400; x_wconf 83' lang='lat' dir='ltr'>quidem</span> <span class='ocrx_word' id='word_1_196' title='bbox 751 1353 787 1387; x_wconf 88' lang='lat' dir='ltr'>in</span> <span class='ocrx_word' id='word_1_197' title='bbox 800 1364 834 1387; x_wconf 89' lang='lat' dir='ltr'>re</span> <span class='ocrx_word' id='word_1_198' title='bbox 844 1352 1034 1397; x_wconf 86' lang='lat' dir='ltr'>dogmatica</span> <span class='ocrx_word' id='word_1_199' title='bbox 1046 1378 1057 1394; x_wconf 94' lang='lat'>,</span> <span class='ocrx_word' id='word_1_200' title='bbox 1084 1354 1125 1386; x_wconf 90' lang='lat' dir='ltr'>se-</span> 
     </span>
     <span class='ocr_line' id='line_1_28' title="bbox 226 1402 1125 1448; baseline -0.002 -10"><span class='ocrx_word' id='word_1_201' title='bbox 226 1404 262 1438; x_wconf 78' lang='lat' dir='ltr'>se</span> <span class='ocrx_word' id='word_1_202' title='bbox 287 1404 324 1437; x_wconf 89' lang='lat' dir='ltr'>in</span> <span class='ocrx_word' id='word_1_203' title='bbox 347 1415 428 1448; x_wconf 87' lang='lat' dir='ltr'>pura</span> <span class='ocrx_word' id='word_1_204' title='bbox 447 1403 558 1439; x_wconf 87' lang='lat' dir='ltr'>charta</span> <span class='ocrx_word' id='word_1_205' title='bbox 579 1414 620 1437; x_wconf 87' lang='lat' dir='ltr'>ex</span> <span class='ocrx_word' id='word_1_206' title='bbox 634 1412 729 1439; x_wconf 89' lang='lat' dir='ltr'>metu</span> <span class='ocrx_word' id='word_1_207' title='bbox 740 1402 969 1447; x_wconf 74' lang='lat' dir='ltr'>sUbscripfiffe.</span> <span class='ocrx_word' id='word_1_208' title='bbox 997 1402 1125 1440; x_wconf 72' lang='lat' dir='ltr'>Revera</span> 
     </span>
     <span class='ocr_line' id='line_1_29' title="bbox 225 1452 1123 1498; baseline -0.002 -10"><span class='ocrx_word' id='word_1_209' title='bbox 225 1453 320 1488; x_wconf 86' lang='lat' dir='ltr'>enim</span> <span class='ocrx_word' id='word_1_210' title='bbox 330 1453 561 1490; x_wconf 75' lang='lat' dir='ltr'>alienissimum</span> <span class='ocrx_word' id='word_1_211' title='bbox 572 1453 607 1489; x_wconf 90' lang='lat' dir='ltr'>id</span> <span class='ocrx_word' id='word_1_212' title='bbox 617 1453 663 1489; x_wconf 90' lang='lat' dir='ltr'>est</span> <span class='ocrx_word' id='word_1_213' title='bbox 680 1454 699 1489; x_wconf 72' lang='lat' dir='ltr'>a</span> <span class='ocrx_word' id='word_1_214' title='bbox 709 1453 893 1490; x_wconf 83' lang='lat' dir='ltr'>constantia</span> <span class='ocrx_word' id='word_1_215' title='bbox 914 1452 1102 1498; x_wconf 89' lang='lat' dir='ltr'>Episcopali</span> <span class='ocrx_word' id='word_1_216' title='bbox 1115 1478 1123 1487; x_wconf 92' lang='lat'><strong>.</strong></span> 
     </span>
     <span class='ocr_line' id='line_1_30' title="bbox 224 1502 1125 1548; baseline -0.004 -7"><span class='ocrx_word' id='word_1_217' title='bbox 224 1502 338 1541; x_wconf 74' lang='lat' dir='ltr'>Addit</span> <span class='ocrx_word' id='word_1_218' title='bbox 354 1516 415 1540; x_wconf 82' lang='lat' dir='ltr'>eos</span> <span class='ocrx_word' id='word_1_219' title='bbox 439 1505 594 1548; x_wconf 88' lang='lat' dir='ltr'>mentiri,</span> <span class='ocrx_word' id='word_1_220' title='bbox 622 1504 773 1548; x_wconf 86' lang='lat' dir='ltr'>istudque</span> <span class='ocrx_word' id='word_1_221' title='bbox 784 1503 909 1548; x_wconf 85' lang='lat' dir='ltr'>liquere</span> <span class='ocrx_word' id='word_1_222' title='bbox 919 1515 961 1538; x_wconf 87' lang='lat' dir='ltr'>ex</span> <span class='ocrx_word' id='word_1_223' title='bbox 979 1504 1125 1548; x_wconf 84' lang='lat' dir='ltr'>ipsorum</span> 
     </span>
     <span class='ocr_line' id='line_1_31' title="bbox 224 1553 1124 1600; baseline -0.002 -10"><span class='ocrx_word' id='word_1_224' title='bbox 224 1555 544 1591; x_wconf 85' lang='lat' dir='ltr'>interlocutionibus</span> <span class='ocrx_word' id='word_1_225' title='bbox 558 1579 570 1596; x_wconf 94' lang='lat'>‚</span> <span class='ocrx_word' id='word_1_226' title='bbox 595 1556 650 1590; x_wconf 86' lang='lat' dir='ltr'>seu</span> <span class='ocrx_word' id='word_1_227' title='bbox 663 1554 849 1590; x_wconf 83' lang='lat' dir='ltr'>verbalibus</span> <span class='ocrx_word' id='word_1_228' title='bbox 860 1554 1039 1600; x_wconf 79' lang='lat' dir='ltr'>suffragiis:</span> <span class='ocrx_word' id='word_1_229' title='bbox 1055 1553 1124 1592; x_wconf 88' lang='lat' dir='ltr'>Ut-</span> 
     </span>
     <span class='ocr_line' id='line_1_32' title="bbox 224 1604 1125 1650; baseline -0.002 -10"><span class='ocrx_word' id='word_1_230' title='bbox 224 1605 306 1649; x_wconf 72' lang='lat' dir='ltr'>pote</span> <span class='ocrx_word' id='word_1_231' title='bbox 317 1606 373 1650; x_wconf 90' lang='lat' dir='ltr'>qui</span> <span class='ocrx_word' id='word_1_232' title='bbox 389 1604 475 1642; x_wconf 89' lang='lat' dir='ltr'>nihil</span> <span class='ocrx_word' id='word_1_233' title='bbox 489 1605 734 1650; x_wconf 84' lang='lat' dir='ltr'>subscripserint</span> <span class='ocrx_word' id='word_1_234' title='bbox 743 1627 754 1646; x_wconf 85' lang='lat'><em>‚</em></span> <span class='ocrx_word' id='word_1_235' title='bbox 781 1605 842 1639; x_wconf 87' lang='lat' dir='ltr'>nifi</span> <span class='ocrx_word' id='word_1_236' title='bbox 854 1604 945 1650; x_wconf 86' lang='lat' dir='ltr'>quod</span> <span class='ocrx_word' id='word_1_237' title='bbox 956 1604 1046 1649; x_wconf 76' lang='lat' dir='ltr'>prius</span> <span class='ocrx_word' id='word_1_238' title='bbox 1056 1616 1125 1639; x_wconf 85' lang='lat' dir='ltr'>ver-</span> 
     </span>
     <span class='ocr_line' id='line_1_33' title="bbox 223 1653 1124 1701; baseline 0.001 -12"><span class='ocrx_word' id='word_1_239' title='bbox 223 1653 294 1690; x_wconf 87' lang='lat' dir='ltr'>bali</span> <span class='ocrx_word' id='word_1_240' title='bbox 308 1656 464 1701; x_wconf 83' lang='lat' dir='ltr'>suffragio</span> <span class='ocrx_word' id='word_1_241' title='bbox 490 1656 670 1690; x_wconf 75' lang='lat' dir='ltr'>firmassent</span> <span class='ocrx_word' id='word_1_242' title='bbox 684 1679 692 1687; x_wconf 91' lang='lat'>.</span> <span class='ocrx_word' id='word_1_243' title='bbox 719 1654 866 1690; x_wconf 89' lang='lat' dir='ltr'>Produei</span> <span class='ocrx_word' id='word_1_244' title='bbox 880 1654 949 1689; x_wconf 87' lang='lat' dir='ltr'>haec</span> <span class='ocrx_word' id='word_1_245' title='bbox 970 1654 1124 1700; x_wconf 83' lang='lat' dir='ltr'>suffragia</span> 
     </span>
     <span class='ocr_line' id='line_1_34' title="bbox 223 1703 1124 1750; baseline -0.002 -10"><span class='ocrx_word' id='word_1_246' title='bbox 223 1705 410 1741; x_wconf 84' lang='lat' dir='ltr'>Dioscorus</span> <span class='ocrx_word' id='word_1_247' title='bbox 433 1705 619 1750; x_wconf 86' lang='lat' dir='ltr'>postulabat</span> <span class='ocrx_word' id='word_1_248' title='bbox 632 1730 640 1740; x_wconf 94' lang='lat'><strong><em>.</em></strong></span> <span class='ocrx_word' id='word_1_249' title='bbox 667 1703 797 1740; x_wconf 75' lang='lat' dir='ltr'>Verum</span> <span class='ocrx_word' id='word_1_250' title='bbox 809 1705 901 1750; x_wconf 85' lang='lat' dir='ltr'>pergi</span> <span class='ocrx_word' id='word_1_251' title='bbox 913 1706 947 1739; x_wconf 88' lang='lat' dir='ltr'>in</span> <span class='ocrx_word' id='word_1_252' title='bbox 961 1704 1124 1739; x_wconf 60' lang='lat' dir='ltr'>Adlorum</span> 
     </span>
     <span class='ocr_line' id='line_1_35' title="bbox 222 1754 1123 1801; baseline -0.001 -11"><span class='ocrx_word' id='word_1_253' title='bbox 222 1754 368 1790; x_wconf 67' lang='lat' dir='ltr'>Restione</span> <span class='ocrx_word' id='word_1_254' title='bbox 377 1756 557 1791; x_wconf 77' lang='lat' dir='ltr'>voluerunt</span> <span class='ocrx_word' id='word_1_255' title='bbox 567 1755 702 1801; x_wconf 85' lang='lat' dir='ltr'>gloriosi</span> <span class='ocrx_word' id='word_1_256' title='bbox 713 1754 837 1799; x_wconf 87' lang='lat' dir='ltr'>judices</span> <span class='ocrx_word' id='word_1_257' title='bbox 848 1779 860 1797; x_wconf 94' lang='lat'>‚</span> <span class='ocrx_word' id='word_1_258' title='bbox 885 1755 920 1790; x_wconf 72' lang='grc' dir='ltr'>ἃ.</span> <span class='ocrx_word' id='word_1_259' title='bbox 933 1754 1123 1792; x_wconf 85' lang='lat' dir='ltr'>Constanti·</span> 
     </span>
     <span class='ocr_line' id='line_1_36' title="bbox 222 1806 672 1850; baseline -0.004 -9"><span class='ocrx_word' id='word_1_260' title='bbox 222 1816 288 1841; x_wconf 77' lang='lat' dir='ltr'>uus</span> <span class='ocrx_word' id='word_1_261' title='bbox 300 1806 498 1841; x_wconf 88' lang='lat' dir='ltr'>Secretarius</span> <span class='ocrx_word' id='word_1_262' title='bbox 508 1806 652 1850; x_wconf 84' lang='lat' dir='ltr'>perrexit</span> <span class='ocrx_word' id='word_1_263' title='bbox 664 1831 672 1838; x_wconf 90' lang='lat'><strong><em>.</em></strong></span> 
     </span>
    </p>

    <p class='ocr_par' dir='ltr' id='par_1_6' title="bbox 220 1853 1125 2300">
     <span class='ocr_line' id='line_1_37' title="bbox 274 1853 1123 1900; baseline -0.004 -9"><span class='ocrx_word' id='word_1_264' title='bbox 274 1855 364 1891; x_wconf 70' lang='lat' dir='ltr'>Cum</span> <span class='ocrx_word' id='word_1_265' title='bbox 376 1856 498 1900; x_wconf 87' lang='lat' dir='ltr'>legeret</span> <span class='ocrx_word' id='word_1_266' title='bbox 510 1853 630 1900; x_wconf 87' lang='lat' dir='ltr'>Ephesi</span> <span class='ocrx_word' id='word_1_267' title='bbox 646 1856 755 1899; x_wconf 88' lang='lat' dir='ltr'>primo</span> <span class='ocrx_word' id='word_1_268' title='bbox 766 1854 966 1890; x_wconf 78' lang='lat' dir='ltr'>Dioscorum</span> <span class='ocrx_word' id='word_1_269' title='bbox 979 1880 990 1896; x_wconf 89' lang='lat'>,</span> <span class='ocrx_word' id='word_1_270' title='bbox 1012 1855 1123 1890; x_wconf 84' lang='lat' dir='ltr'>secun-</span> 
     </span>
     <span class='ocr_line' id='line_1_38' title="bbox 222 1904 1125 1952; baseline 0 -12"><span class='ocrx_word' id='word_1_271' title='bbox 222 1904 271 1940; x_wconf 86' lang='lat' dir='ltr'>do</span> <span class='ocrx_word' id='word_1_272' title='bbox 291 1905 368 1941; x_wconf 92' lang='lat' dir='ltr'>loco</span> <span class='ocrx_word' id='word_1_273' title='bbox 391 1906 504 1940; x_wconf 80' lang='lat' dir='ltr'>sedisse</span> <span class='ocrx_word' id='word_1_274' title='bbox 528 1906 695 1952; x_wconf 85' lang='lat' dir='ltr'>Julianum</span> <span class='ocrx_word' id='word_1_275' title='bbox 718 1906 884 1941; x_wconf 88' lang='lat' dir='ltr'>Coensem</span> <span class='ocrx_word' id='word_1_276' title='bbox 894 1905 1098 1950; x_wconf 83' lang='lat' dir='ltr'>Episcopum</span> <span class='ocrx_word' id='word_1_277' title='bbox 1113 1931 1125 1948; x_wconf 96' lang='lat'>,</span> 
     </span>
     <span class='ocr_line' id='line_1_39' title="bbox 220 1956 1122 2001; baseline 0 -11"><span class='ocrx_word' id='word_1_278' title='bbox 220 1956 333 1991; x_wconf 66' lang='lat' dir='ltr'>Sansti</span> <span class='ocrx_word' id='word_1_279' title='bbox 355 1956 481 1990; x_wconf 85' lang='lat' dir='ltr'>Leonis</span> <span class='ocrx_word' id='word_1_280' title='bbox 505 1956 682 1991; x_wconf 78' lang='lat' dir='ltr'>Pontificis</span> <span class='ocrx_word' id='word_1_281' title='bbox 693 1956 868 1995; x_wconf 86' lang='lat' dir='ltr'>Vicarium</span> <span class='ocrx_word' id='word_1_282' title='bbox 881 1968 918 1990; x_wconf 93' lang='lat' dir='ltr'>ac</span> <span class='ocrx_word' id='word_1_283' title='bbox 933 1956 1099 2001; x_wconf 85' lang='lat' dir='ltr'>Legatum</span> <span class='ocrx_word' id='word_1_284' title='bbox 1111 1981 1122 2000; x_wconf 88' lang='lat'>‚</span> 
     </span>
     <span class='ocr_line' id='line_1_40' title="bbox 222 2005 1122 2050; baseline -0.001 -10"><span class='ocrx_word' id='word_1_285' title='bbox 222 2006 413 2041; x_wconf 86' lang='lat' dir='ltr'>Orientales</span> <span class='ocrx_word' id='word_1_286' title='bbox 425 2005 582 2050; x_wconf 86' lang='lat' dir='ltr'>Episcopi</span> <span class='ocrx_word' id='word_1_287' title='bbox 594 2005 801 2041; x_wconf 82' lang='lat' dir='ltr'>clamarunt:</span> <span class='ocrx_word' id='word_1_288' title='bbox 827 2006 954 2048; x_wconf 66' lang='lat' dir='ltr'>Ejedius</span> <span class='ocrx_word' id='word_1_289' title='bbox 972 2005 1010 2048; x_wconf 75' lang='lat' dir='ltr'>est</span> <span class='ocrx_word' id='word_1_290' title='bbox 1022 2030 1033 2046; x_wconf 90' lang='lat'><em>‚</em></span> <span class='ocrx_word' id='word_1_291' title='bbox 1058 2008 1122 2039; x_wconf 88' lang='lat' dir='ltr'>nul-</span> 
     </span>
     <span class='ocr_line' id='line_1_41' title="bbox 223 2053 1121 2101; baseline 0 -12"><span class='ocrx_word' id='word_1_292' title='bbox 223 2056 271 2089; x_wconf 80' lang='lat' dir='ltr'>lus</span> <span class='ocrx_word' id='word_1_293' title='bbox 290 2054 419 2100; x_wconf 76' lang='lat' dir='ltr'>suscepit</span> <span class='ocrx_word' id='word_1_294' title='bbox 440 2066 544 2089; x_wconf 88' lang='lat' dir='ltr'>nomen</span> <span class='ocrx_word' id='word_1_295' title='bbox 564 2059 675 2089; x_wconf 82' lang='lat' dir='ltr'>Leonis</span> <span class='ocrx_word' id='word_1_296' title='bbox 687 2081 695 2088; x_wconf 91' lang='lat'><strong>.</strong></span> <span class='ocrx_word' id='word_1_297' title='bbox 723 2057 769 2091; x_wconf 84' lang='lat' dir='ltr'>Et</span> <span class='ocrx_word' id='word_1_298' title='bbox 779 2055 845 2091; x_wconf 88' lang='lat' dir='ltr'>hoc</span> <span class='ocrx_word' id='word_1_299' title='bbox 858 2053 968 2091; x_wconf 64' lang='lat' dir='ltr'>revera</span> <span class='ocrx_word' id='word_1_300' title='bbox 981 2055 1045 2091; x_wconf 89' lang='lat' dir='ltr'>fuit</span> <span class='ocrx_word' id='word_1_301' title='bbox 1056 2056 1121 2101; x_wconf 87' lang='lat' dir='ltr'>pal-</span> 
     </span>
     <span class='ocr_line' id='line_1_42' title="bbox 222 2106 1121 2152; baseline 0 -11"><span class='ocrx_word' id='word_1_302' title='bbox 222 2117 315 2141; x_wconf 87' lang='lat' dir='ltr'>mare</span> <span class='ocrx_word' id='word_1_303' title='bbox 336 2106 493 2140; x_wconf 88' lang='lat' dir='ltr'>Dioscori</span> <span class='ocrx_word' id='word_1_304' title='bbox 515 2106 662 2140; x_wconf 84' lang='lat' dir='ltr'>crimen.</span> <span class='ocrx_word' id='word_1_305' title='bbox 689 2106 780 2141; x_wconf 73' lang='lat' dir='ltr'>Cum</span> <span class='ocrx_word' id='word_1_306' title='bbox 813 2107 1121 2152; x_wconf 71' lang='lat' dir='ltr'>legereturSanstus</span> 
     </span>
     <span class='ocr_line' id='line_1_43' title="bbox 222 2155 1119 2201; baseline 0.001 -11"><span class='ocrx_word' id='word_1_307' title='bbox 222 2157 402 2191; x_wconf 86' lang='lat' dir='ltr'>Flavianus</span> <span class='ocrx_word' id='word_1_308' title='bbox 439 2155 512 2200; x_wconf 92' lang='lat' dir='ltr'>post</span> <span class='ocrx_word' id='word_1_309' title='bbox 549 2155 743 2198; x_wconf 78' lang='lat' dir='ltr'>Iuvenalem</span> <span class='ocrx_word' id='word_1_310' title='bbox 767 2155 1010 2201; x_wconf 83' lang='lat' dir='ltr'>Hierosolymae</span> <span class='ocrx_word' id='word_1_311' title='bbox 1037 2180 1050 2197; x_wconf 88' lang='lat'>,</span> <span class='ocrx_word' id='word_1_312' title='bbox 1085 2157 1119 2191; x_wconf 74' lang='grc' dir='ltr'>δε</span> 
     </span>
     <span class='ocr_line' id='line_1_44' title="bbox 221 2204 1117 2247; baseline -0.002 -5"><span class='ocrx_word' id='word_1_313' title='bbox 221 2206 400 2242; x_wconf 84' lang='lat' dir='ltr'>Domuum</span> <span class='ocrx_word' id='word_1_314' title='bbox 413 2205 607 2241; x_wconf 68' lang='lat' dir='ltr'>Antiochiae</span> <span class='ocrx_word' id='word_1_315' title='bbox 619 2204 844 2241; x_wconf 79' lang='lat' dir='ltr'>patriarcham</span> <span class='ocrx_word' id='word_1_316' title='bbox 858 2205 984 2247; x_wconf 70' lang='lat' dir='ltr'>sedisse,</span> <span class='ocrx_word' id='word_1_317' title='bbox 999 2205 1117 2240; x_wconf 75' lang='lat' dir='ltr'>iterum</span> 
     </span>
     <span class='ocr_line' id='line_1_45' title="bbox 221 2254 1120 2300; baseline -0.002 -9"><span class='ocrx_word' id='word_1_318' title='bbox 221 2256 410 2291; x_wconf 86' lang='lat' dir='ltr'>clamarunt</span> <span class='ocrx_word' id='word_1_319' title='bbox 434 2254 536 2291; x_wconf 86' lang='lat' dir='ltr'>iidem</span> <span class='ocrx_word' id='word_1_320' title='bbox 558 2256 734 2300; x_wconf 85' lang='lat' dir='ltr'>Episcopi:</span> <span class='ocrx_word' id='word_1_321' title='bbox 765 2258 938 2292; x_wconf 80' lang='lat' dir='ltr'>Flavianus</span> <span class='ocrx_word' id='word_1_322' title='bbox 950 2266 983 2290; x_wconf 91' lang='lat' dir='ltr'>ut</span> <span class='ocrx_word' id='word_1_323' title='bbox 993 2259 1120 2293; x_wconf 80' lang='lat' dir='ltr'>damna.</span> 
     </span>
    </p>
   </div>
   <div class='ocr_carea' id='block_1_6' title="bbox 218 2355 1120 2954">
    <p class='ocr_par' dir='ltr' id='par_1_7' title="bbox 218 2355 1120 2954">
     <span class='ocr_line' id='line_1_46' title="bbox 218 2355 1118 2405; baseline 0.003 -17"><span class='ocrx_word' id='word_1_324' title='bbox 218 2356 518 2400; x_wconf 66' lang='lat' dir='ltr'>stantinopolitanum</span> <span class='ocrx_word' id='word_1_325' title='bbox 539 2355 721 2400; x_wconf 79' lang='lat' dir='ltr'>Episcopum</span> <span class='ocrx_word' id='word_1_326' title='bbox 745 2369 841 2399; x_wconf 85' lang='lat' dir='ltr'>quare</span> <span class='ocrx_word' id='word_1_327' title='bbox 864 2363 1001 2400; x_wconf 84' lang='lat' dir='ltr'>quintum</span> <span class='ocrx_word' id='word_1_328' title='bbox 1017 2356 1118 2405; x_wconf 85' lang='lat' dir='ltr'>posue·</span> 
     </span>
     <span class='ocr_line' id='line_1_47' title="bbox 221 2405 1119 2452; baseline 0.001 -11"><span class='ocrx_word' id='word_1_329' title='bbox 221 2408 324 2441; x_wconf 80' lang='lat' dir='ltr'>runt?</span> <span class='ocrx_word' id='word_1_330' title='bbox 351 2407 395 2440; x_wconf 91' lang='lat' dir='ltr'>Et</span> <span class='ocrx_word' id='word_1_331' title='bbox 417 2407 552 2440; x_wconf 61' lang='lat' dir='ltr'>Sanetus</span> <span class='ocrx_word' id='word_1_332' title='bbox 573 2405 787 2442; x_wconf 75' lang='lat' dir='ltr'>paschasinus</span> <span class='ocrx_word' id='word_1_333' title='bbox 818 2407 965 2452; x_wconf 89' lang='lat' dir='ltr'>Lilybeti</span> <span class='ocrx_word' id='word_1_334' title='bbox 987 2409 1119 2451; x_wconf 66' lang='lat' dir='ltr'>Episco</span> 
     </span>
     <span class='ocr_line' id='line_1_48' title="bbox 223 2456 1119 2503; baseline 0.002 -13"><span class='ocrx_word' id='word_1_335' title='bbox 223 2467 306 2502; x_wconf 85' lang='lat' dir='ltr'>pus,</span> <span class='ocrx_word' id='word_1_336' title='bbox 331 2469 370 2491; x_wconf 87' lang='lat' dir='ltr'>ac</span> <span class='ocrx_word' id='word_1_337' title='bbox 393 2457 503 2491; x_wconf 60' lang='lat' dir='ltr'>Saneti</span> <span class='ocrx_word' id='word_1_338' title='bbox 524 2457 650 2491; x_wconf 86' lang='lat' dir='ltr'>Leonis</span> <span class='ocrx_word' id='word_1_339' title='bbox 675 2456 772 2501; x_wconf 81' lang='lat' dir='ltr'>Papae</span> <span class='ocrx_word' id='word_1_340' title='bbox 796 2456 948 2491; x_wconf 84' lang='lat' dir='ltr'>Vicarius</span> <span class='ocrx_word' id='word_1_341' title='bbox 971 2458 1119 2503; x_wconf 86' lang='lat' dir='ltr'>&amp;Lega-</span> 
     </span>
     <span class='ocr_line' id='line_1_49' title="bbox 224 2508 1119 2551; baseline 0.004 -11"><span class='ocrx_word' id='word_1_342' title='bbox 224 2516 279 2541; x_wconf 80' lang='lat' dir='ltr'>tus</span> <span class='ocrx_word' id='word_1_343' title='bbox 291 2520 303 2540; x_wconf 90' lang='grc'>.·</span> <span class='ocrx_word' id='word_1_344' title='bbox 328 2510 405 2539; x_wconf 85' lang='lat' dir='ltr'>Ecce</span> <span class='ocrx_word' id='word_1_345' title='bbox 417 2518 470 2539; x_wconf 86' lang='lat' dir='ltr'>nos</span> <span class='ocrx_word' id='word_1_346' title='bbox 481 2531 493 2547; x_wconf 89' lang='lat'>‚</span> <span class='ocrx_word' id='word_1_347' title='bbox 519 2509 580 2539; x_wconf 90' lang='lat' dir='ltr'>Deo</span> <span class='ocrx_word' id='word_1_348' title='bbox 592 2508 710 2541; x_wconf 80' lang='lat' dir='ltr'>volente</span> <span class='ocrx_word' id='word_1_349' title='bbox 723 2532 734 2548; x_wconf 90' lang='lat'>‚</span> <span class='ocrx_word' id='word_1_350' title='bbox 761 2511 921 2542; x_wconf 80' lang='lat' dir='ltr'>Dominum</span> <span class='ocrx_word' id='word_1_351' title='bbox 936 2510 1119 2551; x_wconf 78' lang='lat' dir='ltr'>Anatolium,</span> 
     </span>
     <span class='ocr_line' id='line_1_50' title="bbox 222 2556 1120 2603; baseline 0.002 -12"><span class='ocrx_word' id='word_1_352' title='bbox 222 2556 374 2592; x_wconf 87' lang='lat' dir='ltr'>Flaviani</span> <span class='ocrx_word' id='word_1_353' title='bbox 387 2557 619 2597; x_wconf 79' lang='lat' dir='ltr'>successorem,</span> <span class='ocrx_word' id='word_1_354' title='bbox 642 2563 780 2599; x_wconf 78' lang='lat' dir='ltr'>primum</span> <span class='ocrx_word' id='word_1_355' title='bbox 790 2557 954 2601; x_wconf 78' lang='lat' dir='ltr'>habemus;</span> <span class='ocrx_word' id='word_1_356' title='bbox 982 2558 1013 2592; x_wconf 82' lang='lat' dir='ltr'>bi</span> <span class='ocrx_word' id='word_1_357' title='bbox 1030 2565 1120 2603; x_wconf 80' lang='lat' dir='ltr'>quin-</span> 
     </span>
     <span class='ocr_line' id='line_1_51' title="bbox 222 2605 1119 2656; baseline 0.004 -16"><span class='ocrx_word' id='word_1_358' title='bbox 222 2616 290 2640; x_wconf 71' lang='lat' dir='ltr'>tum</span> <span class='ocrx_word' id='word_1_359' title='bbox 305 2605 471 2650; x_wconf 84' lang='lat' dir='ltr'>posuerunt</span> <span class='ocrx_word' id='word_1_360' title='bbox 494 2606 612 2640; x_wconf 86' lang='lat' dir='ltr'>beatum</span> <span class='ocrx_word' id='word_1_361' title='bbox 633 2606 823 2640; x_wconf 73' lang='lat' dir='ltr'>Flavianum</span> <span class='ocrx_word' id='word_1_362' title='bbox 843 2632 852 2641; x_wconf 84' lang='lat'><strong>.</strong></span> <span class='ocrx_word' id='word_1_363' title='bbox 880 2608 925 2642; x_wconf 92' lang='lat' dir='ltr'>Et</span> <span class='ocrx_word' id='word_1_364' title='bbox 947 2609 1119 2656; x_wconf 89' lang='lat' dir='ltr'>Diogenes</span> 
     </span>
     <span class='ocr_line' id='line_1_52' title="bbox 222 2656 1117 2703; baseline 0.006 -14"><span class='ocrx_word' id='word_1_365' title='bbox 222 2656 416 2700; x_wconf 85' lang='lat' dir='ltr'>Cyzicenus</span> <span class='ocrx_word' id='word_1_366' title='bbox 428 2656 610 2700; x_wconf 88' lang='lat' dir='ltr'>Episcopus</span> <span class='ocrx_word' id='word_1_367' title='bbox 621 2681 632 2697; x_wconf 90' lang='lat'>,</span> <span class='ocrx_word' id='word_1_368' title='bbox 658 2657 869 2702; x_wconf 86' lang='lat' dir='ltr'>Hellesponti</span> <span class='ocrx_word' id='word_1_369' title='bbox 879 2657 1099 2703; x_wconf 88' lang='lat' dir='ltr'>Metropolita</span> <span class='ocrx_word' id='word_1_370' title='bbox 1111 2674 1117 2693; x_wconf 94' lang='lat'>:</span> 
     </span>
     <span class='ocr_line' id='line_1_53' title="bbox 222 2704 1119 2752; baseline 0.007 -13"><span class='ocrx_word' id='word_1_371' title='bbox 222 2709 378 2751; x_wconf 74' lang='lat' dir='ltr'>,Quoniam</span> <span class='ocrx_word' id='word_1_372' title='bbox 402 2718 455 2740; x_wconf 84' lang='lat' dir='ltr'>vos</span> <span class='ocrx_word' id='word_1_373' title='bbox 466 2707 584 2752; x_wconf 86' lang='lat' dir='ltr'>regulas</span> <span class='ocrx_word' id='word_1_374' title='bbox 589 2705 675 2750; x_wconf 83' lang='lat' dir='ltr'>scitis</span> <span class='ocrx_word' id='word_1_375' title='bbox 686 2732 697 2747; x_wconf 89' lang='lat'>,</span> <span class='ocrx_word' id='word_1_376' title='bbox 729 2707 844 2752; x_wconf 88' lang='lat' dir='ltr'>utique</span> <span class='ocrx_word' id='word_1_377' title='bbox 860 2707 993 2742; x_wconf 87' lang='lat' dir='ltr'>tertium</span> <span class='ocrx_word' id='word_1_378' title='bbox 1007 2704 1119 2745; x_wconf 81' lang='lat' dir='ltr'>Cano-</span> 
     </span>
     <span class='ocr_line' id='line_1_54' title="bbox 221 2756 1118 2804; baseline 0.003 -13"><span class='ocrx_word' id='word_1_379' title='bbox 221 2767 303 2791; x_wconf 83' lang='lat' dir='ltr'>nem</span> <span class='ocrx_word' id='word_1_380' title='bbox 315 2756 744 2801; x_wconf 79' lang='lat' dir='ltr'>Constantinopolitanum.</span> <span class='ocrx_word' id='word_1_381' title='bbox 777 2757 905 2793; x_wconf 71' lang='lat' dir='ltr'>Verum</span> <span class='ocrx_word' id='word_1_382' title='bbox 927 2770 1032 2804; x_wconf 90' lang='lat' dir='ltr'>neque</span> <span class='ocrx_word' id='word_1_383' title='bbox 1044 2760 1118 2794; x_wconf 90' lang='lat' dir='ltr'>Pas-</span> 
     </span>
     <span class='ocr_line' id='line_1_55' title="bbox 222 2804 1118 2855; baseline 0.004 -15"><span class='ocrx_word' id='word_1_384' title='bbox 222 2804 373 2841; x_wconf 89' lang='lat' dir='ltr'>chasinus</span> <span class='ocrx_word' id='word_1_385' title='bbox 384 2831 395 2847; x_wconf 96' lang='lat'>,</span> <span class='ocrx_word' id='word_1_386' title='bbox 421 2818 529 2851; x_wconf 88' lang='lat' dir='ltr'>neque</span> <span class='ocrx_word' id='word_1_387' title='bbox 539 2808 726 2843; x_wconf 53' lang='lat' dir='ltr'>orientales</span> <span class='ocrx_word' id='word_1_388' title='bbox 737 2807 892 2855; x_wconf 85' lang='lat' dir='ltr'>Episcopi</span> <span class='ocrx_word' id='word_1_389' title='bbox 901 2809 1000 2843; x_wconf 59' lang='lat' dir='ltr'>&gt;illum</span> <span class='ocrx_word' id='word_1_390' title='bbox 1012 2809 1118 2846; x_wconf 88' lang='lat' dir='ltr'>solum</span> 
     </span>
     <span class='ocr_line' id='line_1_56' title="bbox 220 2858 1119 2904; baseline 0.004 -13"><span class='ocrx_word' id='word_1_391' title='bbox 220 2858 433 2900; x_wconf 79' lang='lat' dir='ltr'>respexerunt</span> <span class='ocrx_word' id='word_1_392' title='bbox 446 2882 453 2890; x_wconf 84' lang='lat'><strong>.</strong></span> <span class='ocrx_word' id='word_1_393' title='bbox 478 2858 664 2904; x_wconf 78' lang='lat' dir='ltr'>Quomodo</span> <span class='ocrx_word' id='word_1_394' title='bbox 686 2859 777 2894; x_wconf 87' lang='lat' dir='ltr'>enim</span> <span class='ocrx_word' id='word_1_395' title='bbox 795 2858 955 2895; x_wconf 74' lang='lat' dir='ltr'>Romanae</span> <span class='ocrx_word' id='word_1_396' title='bbox 968 2860 1119 2896; x_wconf 75' lang='lat' dir='ltr'>Ecclesiae</span> 
     </span>
     <span class='ocr_line' id='line_1_57' title="bbox 223 2906 1118 2954; baseline 0.006 -13"><span class='ocrx_word' id='word_1_397' title='bbox 223 2906 429 2941; x_wconf 59' lang='lat' dir='ltr'>doctissimus</span> <span class='ocrx_word' id='word_1_398' title='bbox 451 2907 596 2953; x_wconf 85' lang='lat' dir='ltr'>Legatus</span> <span class='ocrx_word' id='word_1_399' title='bbox 614 2920 656 2943; x_wconf 82' lang='lat' dir='ltr'>ex</span> <span class='ocrx_word' id='word_1_400' title='bbox 672 2909 814 2945; x_wconf 87' lang='lat' dir='ltr'>Canone</span> <span class='ocrx_word' id='word_1_401' title='bbox 825 2921 882 2954; x_wconf 90' lang='lat' dir='ltr'>per</span> <span class='ocrx_word' id='word_1_402' title='bbox 891 2909 1042 2946; x_wconf 88' lang='lat' dir='ltr'>eamdem</span> <span class='ocrx_word' id='word_1_403' title='bbox 1056 2911 1118 2946; x_wconf 88' lang='lat' dir='ltr'>Ec-</span> 
     </span>
    </p>
   </div>
   <div class='ocr_carea' id='block_1_7' title="bbox 219 3007 1118 3556">
    <p class='ocr_par' dir='ltr' id='par_1_8' title="bbox 219 3007 1118 3345">
     <span class='ocr_line' id='line_1_58' title="bbox 222 3007 1117 3047; baseline 0.007 -6"><span class='ocrx_word' id='word_1_404' title='bbox 222 3019 258 3041; x_wconf 90' lang='lat' dir='ltr'>ra</span> <span class='ocrx_word' id='word_1_405' title='bbox 283 3008 367 3042; x_wconf 89' lang='lat' dir='ltr'>inter</span> <span class='ocrx_word' id='word_1_406' title='bbox 387 3007 540 3043; x_wconf 65' lang='lat' dir='ltr'>Sanctum</span> <span class='ocrx_word' id='word_1_407' title='bbox 559 3009 717 3044; x_wconf 90' lang='lat' dir='ltr'>Proclum</span> <span class='ocrx_word' id='word_1_408' title='bbox 739 3011 773 3045; x_wconf 68' lang='grc' dir='ltr'>ὃς</span> <span class='ocrx_word' id='word_1_409' title='bbox 796 3011 973 3046; x_wconf 78' lang='lat' dir='ltr'>Domuum</span> <span class='ocrx_word' id='word_1_410' title='bbox 996 3011 1117 3047; x_wconf 81' lang='lat' dir='ltr'>Antio·</span> 
     </span>
     <span class='ocr_line' id='line_1_59' title="bbox 223 3056 1116 3106; baseline 0.006 -14"><span class='ocrx_word' id='word_1_411' title='bbox 223 3056 369 3092; x_wconf 77' lang='lat' dir='ltr'>ebenum</span> <span class='ocrx_word' id='word_1_412' title='bbox 383 3058 425 3091; x_wconf 90' lang='lat' dir='ltr'>de</span> <span class='ocrx_word' id='word_1_413' title='bbox 437 3058 500 3095; x_wconf 85' lang='lat' dir='ltr'>isto</span> <span class='ocrx_word' id='word_1_414' title='bbox 512 3059 654 3095; x_wconf 86' lang='lat' dir='ltr'>Canone</span> <span class='ocrx_word' id='word_1_415' title='bbox 668 3061 758 3104; x_wconf 69' lang='lat' dir='ltr'>pasta</span> <span class='ocrx_word' id='word_1_416' title='bbox 770 3084 780 3101; x_wconf 96' lang='lat'>,</span> <span class='ocrx_word' id='word_1_417' title='bbox 806 3073 875 3106; x_wconf 84' lang='lat' dir='ltr'>quae</span> <span class='ocrx_word' id='word_1_418' title='bbox 887 3060 1096 3097; x_wconf 88' lang='lat' dir='ltr'>Paschasinus</span> <span class='ocrx_word' id='word_1_419' title='bbox 1106 3086 1116 3103; x_wconf 91' lang='lat'>,</span> 
     </span>
     <span class='ocr_line' id='line_1_60' title="bbox 221 3107 1116 3152; baseline 0.007 -10"><span class='ocrx_word' id='word_1_420' title='bbox 221 3108 325 3143; x_wconf 86' lang='lat' dir='ltr'>etiam</span> <span class='ocrx_word' id='word_1_421' title='bbox 349 3107 490 3143; x_wconf 87' lang='lat' dir='ltr'>Canone</span> <span class='ocrx_word' id='word_1_422' title='bbox 510 3121 580 3144; x_wconf 87' lang='lat' dir='ltr'>nou</span> <span class='ocrx_word' id='word_1_423' title='bbox 607 3109 820 3152; x_wconf 66' lang='lat' dir='ltr'>subsistente,</span> <span class='ocrx_word' id='word_1_424' title='bbox 844 3112 1046 3148; x_wconf 76' lang='lat' dir='ltr'>existimavit</span> <span class='ocrx_word' id='word_1_425' title='bbox 1068 3125 1116 3149; x_wconf 89' lang='lat' dir='ltr'>ra-</span> 
     </span>
     <span class='ocr_line' id='line_1_61' title="bbox 219 3158 1118 3209; baseline 0.007 -17"><span class='ocrx_word' id='word_1_426' title='bbox 219 3167 258 3192; x_wconf 80' lang='lat' dir='ltr'>ta</span> <span class='ocrx_word' id='word_1_427' title='bbox 278 3159 313 3193; x_wconf 91' lang='lat'>&amp;</span> <span class='ocrx_word' id='word_1_428' title='bbox 334 3158 487 3193; x_wconf 88' lang='lat' dir='ltr'>servanda</span> <span class='ocrx_word' id='word_1_429' title='bbox 502 3185 509 3191; x_wconf 94' lang='lat'><strong><em>.</em></strong></span> <span class='ocrx_word' id='word_1_430' title='bbox 540 3160 643 3209; x_wconf 78' lang='lat' dir='ltr'>Qod</span> <span class='ocrx_word' id='word_1_431' title='bbox 663 3160 731 3203; x_wconf 82' lang='lat' dir='ltr'>ejus</span> <span class='ocrx_word' id='word_1_432' title='bbox 743 3161 905 3207; x_wconf 81' lang='lat' dir='ltr'>judicium</span> <span class='ocrx_word' id='word_1_433' title='bbox 917 3164 1048 3199; x_wconf 77' lang='lat' dir='ltr'>cassavit</span> <span class='ocrx_word' id='word_1_434' title='bbox 1060 3175 1118 3208; x_wconf 92' lang='lat' dir='ltr'>po·</span> 
     </span>
     <span class='ocr_line' id='line_1_62' title="bbox 220 3207 1113 3252; baseline 0.008 -11"><span class='ocrx_word' id='word_1_435' title='bbox 220 3207 290 3243; x_wconf 76' lang='lat' dir='ltr'>flea</span> <span class='ocrx_word' id='word_1_436' title='bbox 312 3210 448 3244; x_wconf 68' lang='lat' dir='ltr'>Sanctus</span> <span class='ocrx_word' id='word_1_437' title='bbox 470 3211 544 3244; x_wconf 90' lang='lat' dir='ltr'>Leo</span> <span class='ocrx_word' id='word_1_438' title='bbox 566 3209 749 3252; x_wconf 79' lang='lat' dir='ltr'>Pontifex,</span> <span class='ocrx_word' id='word_1_439' title='bbox 775 3212 825 3246; x_wconf 90' lang='lat' dir='ltr'>uti</span> <span class='ocrx_word' id='word_1_440' title='bbox 849 3213 907 3247; x_wconf 88' lang='lat' dir='ltr'>suo</span> <span class='ocrx_word' id='word_1_441' title='bbox 918 3212 996 3247; x_wconf 92' lang='lat' dir='ltr'>loco</span> <span class='ocrx_word' id='word_1_442' title='bbox 1007 3213 1113 3248; x_wconf 86' lang='lat' dir='ltr'>osten-</span> 
     </span>
     <span class='ocr_line' id='line_1_63' title="bbox 221 3256 1113 3304; baseline 0.009 -14"><span class='ocrx_word' id='word_1_443' title='bbox 221 3256 258 3291; x_wconf 90' lang='lat' dir='ltr'>di</span> <span class='ocrx_word' id='word_1_444' title='bbox 279 3270 320 3293; x_wconf 82' lang='lat' dir='ltr'>ex</span> <span class='ocrx_word' id='word_1_445' title='bbox 339 3258 409 3302; x_wconf 83' lang='lat' dir='ltr'>ejus</span> <span class='ocrx_word' id='word_1_446' title='bbox 432 3259 548 3296; x_wconf 86' lang='lat' dir='ltr'>litteris</span> <span class='ocrx_word' id='word_1_447' title='bbox 568 3260 610 3295; x_wconf 89' lang='lat' dir='ltr'>ad</span> <span class='ocrx_word' id='word_1_448' title='bbox 632 3260 825 3297; x_wconf 83' lang='lat' dir='ltr'>Maximum</span> <span class='ocrx_word' id='word_1_449' title='bbox 844 3285 858 3304; x_wconf 81' lang='lat'>‚</span> <span class='ocrx_word' id='word_1_450' title='bbox 881 3264 1014 3298; x_wconf 89' lang='lat' dir='ltr'>Domni</span> <span class='ocrx_word' id='word_1_451' title='bbox 1042 3264 1113 3298; x_wconf 92' lang='lat' dir='ltr'>suc—</span> 
     </span>
     <span class='ocr_line' id='line_1_64' title="bbox 221 3309 395 3345; baseline 0.011 -4"><span class='ocrx_word' id='word_1_452' title='bbox 221 3309 395 3345; x_wconf 79' lang='lat' dir='ltr'>cessorem.</span> 
     </span>
    </p>

    <p class='ocr_par' dir='ltr' id='par_1_9' title="bbox 219 3357 1113 3556">
     <span class='ocr_line' id='line_1_65' title="bbox 274 3357 1113 3406; baseline 0.006 -14"><span class='ocrx_word' id='word_1_453' title='bbox 274 3357 425 3394; x_wconf 87' lang='lat' dir='ltr'>Ventum</span> <span class='ocrx_word' id='word_1_454' title='bbox 446 3359 493 3395; x_wconf 88' lang='lat' dir='ltr'>est</span> <span class='ocrx_word' id='word_1_455' title='bbox 508 3360 557 3395; x_wconf 65' lang='lat' dir='ltr'>⁴ad</span> <span class='ocrx_word' id='word_1_456' title='bbox 581 3360 866 3402; x_wconf 77' lang='lat' dir='ltr'>interceffionem,</span> <span class='ocrx_word' id='word_1_457' title='bbox 891 3374 956 3406; x_wconf 90' lang='lat' dir='ltr'>qua</span> <span class='ocrx_word' id='word_1_458' title='bbox 974 3362 1113 3398; x_wconf 75' lang='lat' dir='ltr'>Hilarus</span> 
     </span>
     <span class='ocr_line' id='line_1_66' title="bbox 221 3407 1113 3457; baseline 0.006 -15"><span class='ocrx_word' id='word_1_459' title='bbox 221 3407 384 3443; x_wconf 71' lang='lat' dir='ltr'>Romanae</span> <span class='ocrx_word' id='word_1_460' title='bbox 402 3409 552 3445; x_wconf 79' lang='lat' dir='ltr'>Ecclesiae</span> <span class='ocrx_word' id='word_1_461' title='bbox 575 3412 751 3447; x_wconf 87' lang='lat' dir='ltr'>Diaconus</span> <span class='ocrx_word' id='word_1_462' title='bbox 769 3412 803 3447; x_wconf 77' lang='grc' dir='ltr'>δε</span> <span class='ocrx_word' id='word_1_463' title='bbox 825 3413 969 3457; x_wconf 80' lang='lat' dir='ltr'>Legatus</span> <span class='ocrx_word' id='word_1_464' title='bbox 979 3412 1113 3457; x_wconf 86' lang='lat' dir='ltr'>dogma-</span> 
     </span>
     <span class='ocr_line' id='line_1_67' title="bbox 220 3458 1111 3507; baseline 0.008 -16"><span class='ocrx_word' id='word_1_465' title='bbox 220 3458 302 3492; x_wconf 83' lang='lat' dir='ltr'>ticas</span> <span class='ocrx_word' id='word_1_466' title='bbox 314 3459 422 3494; x_wconf 67' lang='lat' dir='ltr'>Sancti</span> <span class='ocrx_word' id='word_1_467' title='bbox 443 3459 569 3497; x_wconf 87' lang='lat' dir='ltr'>Leonis</span> <span class='ocrx_word' id='word_1_468' title='bbox 589 3462 630 3497; x_wconf 87' lang='lat' dir='ltr'>ad</span> <span class='ocrx_word' id='word_1_469' title='bbox 651 3462 826 3506; x_wconf 88' lang='lat' dir='ltr'>Synodum</span> <span class='ocrx_word' id='word_1_470' title='bbox 838 3463 960 3498; x_wconf 84' lang='lat' dir='ltr'>litteras</span> <span class='ocrx_word' id='word_1_471' title='bbox 971 3463 1111 3507; x_wconf 83' lang='lat' dir='ltr'>postula-</span> 
     </span>
     <span class='ocr_line' id='line_1_68' title="bbox 219 3508 1111 3556; baseline 0.006 -13"><span class='ocrx_word' id='word_1_472' title='bbox 219 3517 271 3543; x_wconf 73' lang='lat' dir='ltr'>rat</span> <span class='ocrx_word' id='word_1_473' title='bbox 292 3508 380 3555; x_wconf 83' lang='lat' dir='ltr'>legi,</span> <span class='ocrx_word' id='word_1_474' title='bbox 404 3519 500 3556; x_wconf 80' lang='lat' dir='ltr'>atque</span> <span class='ocrx_word' id='word_1_475' title='bbox 521 3520 602 3549; x_wconf 83' lang='lat' dir='ltr'>tunc</span> <span class='ocrx_word' id='word_1_476' title='bbox 625 3511 742 3549; x_wconf 84' lang='lat' dir='ltr'>AEtius</span> <span class='ocrx_word' id='word_1_477' title='bbox 765 3513 910 3549; x_wconf 67' lang='lat' dir='ltr'>Ecclesia:</span> <span class='ocrx_word' id='word_1_478' title='bbox 923 3512 1111 3550; x_wconf 86' lang='lat' dir='ltr'>Constanti·</span> 
     </span>
    </p>
   </div>
   <div class='ocr_carea' id='block_1_8' title="bbox 1117 278 1164 3662">
    <p class='ocr_par' dir='ltr' id='par_1_10' title="bbox 1117 278 1164 3662">
     <span class='ocr_line' id='line_1_69' title="bbox 1145 278 1161 460; baseline 0 -135"><span class='ocrx_word' id='word_1_479' title='bbox 1145 278 1161 460; x_wconf 95' lang='lat' dir='ltr'>   </span> 
     </span>
     <span class='ocr_line' id='line_1_70' title="bbox 1147 460 1164 669; baseline 0 -151"><span class='ocrx_word' id='word_1_480' title='bbox 1147 460 1164 669; x_wconf 95' lang='lat' dir='ltr'>    </span> 
     </span>
     <span class='ocr_line' id='line_1_71' title="bbox 1142 669 1164 876; baseline 0 0"><span class='ocrx_word' id='word_1_481' title='bbox 1142 669 1164 876; x_wconf 95' lang='lat' dir='ltr'>     </span> 
     </span>
     <span class='ocr_line' id='line_1_72' title="bbox 1140 876 1157 1069; baseline 0 0"><span class='ocrx_word' id='word_1_482' title='bbox 1140 876 1157 1069; x_wconf 95' lang='lat' dir='ltr'>   </span> 
     </span>
     <span class='ocr_line' id='line_1_73' title="bbox 1137 1069 1155 1227; baseline 0 0"><span class='ocrx_word' id='word_1_483' title='bbox 1137 1069 1155 1227; x_wconf 95' lang='lat' dir='ltr'>    </span> 
     </span>
     <span class='ocr_line' id='line_1_74' title="bbox 1136 1227 1151 1429; baseline 0 -3"><span class='ocrx_word' id='word_1_484' title='bbox 1136 1227 1151 1429; x_wconf 95' lang='lat' dir='ltr'>    </span> 
     </span>
     <span class='ocr_line' id='line_1_75' title="bbox 1135 1429 1150 1623; baseline 0 -52"><span class='ocrx_word' id='word_1_485' title='bbox 1135 1429 1150 1623; x_wconf 95' lang='lat' dir='ltr'>   </span> 
     </span>
     <span class='ocr_line' id='line_1_76' title="bbox 1133 1623 1150 1830; baseline 0 -57"><span class='ocrx_word' id='word_1_486' title='bbox 1133 1623 1150 1830; x_wconf 95' lang='lat' dir='ltr'>     </span> 
     </span>
     <span class='ocr_line' id='line_1_77' title="bbox 1132 1830 1149 2023; baseline 0 0"><span class='ocrx_word' id='word_1_487' title='bbox 1132 1830 1149 2023; x_wconf 95' lang='lat' dir='ltr'>   </span> 
     </span>
     <span class='ocr_line' id='line_1_78' title="bbox 1129 2023 1147 2175; baseline 0 0"><span class='ocrx_word' id='word_1_488' title='bbox 1129 2023 1147 2175; x_wconf 95' lang='lat' dir='ltr'>   </span> 
     </span>
     <span class='ocr_line' id='line_1_79' title="bbox 1128 2175 1145 2323; baseline 0 -55"><span class='ocrx_word' id='word_1_489' title='bbox 1128 2175 1145 2323; x_wconf 95' lang='lat' dir='ltr'>   </span> 
     </span>
     <span class='ocr_line' id='line_1_80' title="bbox 1126 2323 1142 2526; baseline 0 -96"><span class='ocrx_word' id='word_1_490' title='bbox 1126 2323 1142 2526; x_wconf 95' lang='lat' dir='ltr'>    </span> 
     </span>
     <span class='ocr_line' id='line_1_81' title="bbox 1125 2526 1141 2726; baseline 0 -100"><span class='ocrx_word' id='word_1_491' title='bbox 1125 2526 1141 2726; x_wconf 95' lang='lat' dir='ltr'>    </span> 
     </span>
     <span class='ocr_line' id='line_1_82' title="bbox 1122 2732 1139 2987; baseline 0 -60"><span class='ocrx_word' id='word_1_492' title='bbox 1122 2732 1139 2987; x_wconf 95' lang='lat' dir='ltr'>     </span> 
     </span>
     <span class='ocr_line' id='line_1_83' title="bbox 1117 2987 1138 3662; baseline 0 0"><span class='ocrx_word' id='word_1_493' title='bbox 1117 2987 1138 3662; x_wconf 95' lang='lat' dir='ltr'>    </span> 
     </span>
    </p>
   </div>
   <div class='ocr_carea' id='block_1_9' title="bbox 1172 243 2087 3600">
    <p class='ocr_par' dir='ltr' id='par_1_11' title="bbox 1185 243 2087 1940">
     <span class='ocr_line' id='line_1_84' title="bbox 1198 243 2084 291; baseline 0.012 -11"><span class='ocrx_word' id='word_1_494' title='bbox 1198 245 1399 290; x_wconf 80' lang='lat' dir='ltr'>nopolitanae</span> <span class='ocrx_word' id='word_1_495' title='bbox 1418 243 1709 283; x_wconf 86' lang='lat' dir='ltr'>Archi-Diaconus</span> <span class='ocrx_word' id='word_1_496' title='bbox 1728 247 1777 283; x_wconf 82' lang='lat' dir='ltr'>est</span> <span class='ocrx_word' id='word_1_497' title='bbox 1801 246 1995 287; x_wconf 80' lang='lat' dir='ltr'>interfatus.-</span> <span class='ocrx_word' id='word_1_498' title='bbox 2020 258 2084 291; x_wconf 81' lang='lat' dir='ltr'>Ne·</span> 
     </span>
     <span class='ocr_line' id='line_1_85' title="bbox 1197 294 2083 346; baseline -0.002 -6"><span class='ocrx_word' id='word_1_499' title='bbox 1197 308 1254 340; x_wconf 76' lang='lat' dir='ltr'>que</span> <span class='ocrx_word' id='word_1_500' title='bbox 1268 294 1405 340; x_wconf 66' lang='lat' dir='ltr'>suscepta</span> <span class='ocrx_word' id='word_1_501' title='bbox 1424 295 1462 337; x_wconf 81' lang='lat' dir='ltr'>est</span> <span class='ocrx_word' id='word_1_502' title='bbox 1480 295 1614 338; x_wconf 61' lang='lat' dir='ltr'>Epi-flua</span> <span class='ocrx_word' id='word_1_503' title='bbox 1622 296 1792 340; x_wconf 64' lang='lat' dir='ltr'>sanfflffimt·</span> <span class='ocrx_word' id='word_1_504' title='bbox 1802 299 1942 344; x_wconf 71' lang='lat' dir='ltr'>Episcopi</span> <span class='ocrx_word' id='word_1_505' title='bbox 1954 306 2060 338; x_wconf 67' lang='lat' dir='ltr'>Leonis</span> <span class='ocrx_word' id='word_1_506' title='bbox 2071 329 2083 346; x_wconf 86' lang='lat'>,</span> 
     </span>
     <span class='ocr_line' id='line_1_86' title="bbox 1198 345 2084 396; baseline 0.008 -16"><span class='ocrx_word' id='word_1_507' title='bbox 1198 358 1291 390; x_wconf 80' lang='lat' dir='ltr'>neque</span> <span class='ocrx_word' id='word_1_508' title='bbox 1311 348 1389 381; x_wconf 60' lang='lat' dir='ltr'>ledia</span> <span class='ocrx_word' id='word_1_509' title='bbox 1406 346 1462 388; x_wconf 83' lang='lat' dir='ltr'>est.</span> <span class='ocrx_word' id='word_1_510' title='bbox 1489 346 1534 381; x_wconf 91' lang='lat' dir='ltr'>Et</span> <span class='ocrx_word' id='word_1_511' title='bbox 1554 345 1709 392; x_wconf 87' lang='lat' dir='ltr'>Episcopi</span> <span class='ocrx_word' id='word_1_512' title='bbox 1729 349 1933 386; x_wconf 82' lang='lat' dir='ltr'>Orientales:</span> <span class='ocrx_word' id='word_1_513' title='bbox 1959 355 2084 396; x_wconf 70' lang='lat' dir='ltr'>Nonest</span> 
     </span>
     <span class='ocr_line' id='line_1_87' title="bbox 1198 395 2082 440; baseline 0.011 -10"><span class='ocrx_word' id='word_1_514' title='bbox 1198 398 1281 430; x_wconf 83' lang='lat' dir='ltr'>nobis</span> <span class='ocrx_word' id='word_1_515' title='bbox 1293 397 1368 431; x_wconf 65' lang='lat' dir='ltr'>ledia</span> <span class='ocrx_word' id='word_1_516' title='bbox 1380 423 1388 431; x_wconf 93' lang='lat'>.</span> <span class='ocrx_word' id='word_1_517' title='bbox 1417 397 1462 431; x_wconf 87' lang='lat' dir='ltr'>Et</span> <span class='ocrx_word' id='word_1_518' title='bbox 1469 395 1598 431; x_wconf 71' lang='lat' dir='ltr'>rursum</span> <span class='ocrx_word' id='word_1_519' title='bbox 1610 397 1757 433; x_wconf 79' lang='lat' dir='ltr'>laudatus</span> <span class='ocrx_word' id='word_1_520' title='bbox 1768 399 2060 438; x_wconf 82' lang='lat' dir='ltr'>Archi-Diaconus</span> <span class='ocrx_word' id='word_1_521' title='bbox 2069 419 2082 440; x_wconf 83' lang='lat'>.-</span> 
     </span>
     <span class='ocr_line' id='line_1_88' title="bbox 1197 447 2082 496; baseline 0.007 -15"><span class='ocrx_word' id='word_1_522' title='bbox 1197 450 1312 491; x_wconf 69' lang='lat' dir='ltr'>.Septies</span> <span class='ocrx_word' id='word_1_523' title='bbox 1328 451 1452 490; x_wconf 78' lang='lat' dir='ltr'>juravit</span> <span class='ocrx_word' id='word_1_524' title='bbox 1470 460 1569 482; x_wconf 86' lang='lat' dir='ltr'>coram</span> <span class='ocrx_word' id='word_1_525' title='bbox 1589 447 1723 481; x_wconf 86' lang='lat' dir='ltr'>omnibus</span> <span class='ocrx_word' id='word_1_526' title='bbox 1738 449 1842 491; x_wconf 83' lang='lat' dir='ltr'>facere</span> <span class='ocrx_word' id='word_1_527' title='bbox 1863 464 1930 487; x_wconf 87' lang='lat' dir='ltr'>eam</span> <span class='ocrx_word' id='word_1_528' title='bbox 1939 459 2082 496; x_wconf 78' lang='lat' dir='ltr'>recitari,</span> 
     </span>
     <span class='ocr_line' id='line_1_89' title="bbox 1198 497 2084 540; baseline 0.001 -7"><span class='ocrx_word' id='word_1_529' title='bbox 1198 500 1233 533; x_wconf 65' lang='lat' dir='ltr'>o·</span> <span class='ocrx_word' id='word_1_530' title='bbox 1257 510 1315 532; x_wconf 87' lang='lat' dir='ltr'>non</span> <span class='ocrx_word' id='word_1_531' title='bbox 1340 497 1379 539; x_wconf 78' lang='lat' dir='ltr'>est</span> <span class='ocrx_word' id='word_1_532' title='bbox 1405 498 1499 532; x_wconf 59' lang='lat' dir='ltr'>leda.</span> <span class='ocrx_word' id='word_1_533' title='bbox 1526 502 1573 533; x_wconf 84' lang='lat' dir='ltr'>Et</span> <span class='ocrx_word' id='word_1_534' title='bbox 1592 500 1748 540; x_wconf 79' lang='lat' dir='ltr'>pejeravit</span> <span class='ocrx_word' id='word_1_535' title='bbox 1773 525 1782 532; x_wconf 92' lang='lat'><strong><em>.</em></strong></span> <span class='ocrx_word' id='word_1_536' title='bbox 1810 501 1855 535; x_wconf 89' lang='lat' dir='ltr'>Et</span> <span class='ocrx_word' id='word_1_537' title='bbox 1879 501 2084 539; x_wconf 76' lang='lat' dir='ltr'>Theodorus</span> 
     </span>
     <span class='ocr_line' id='line_1_90' title="bbox 1198 546 2083 597; baseline 0.006 -14"><span class='ocrx_word' id='word_1_538' title='bbox 1198 548 1559 592; x_wconf 84' lang='lat' dir='ltr'>Claudiopolitanusin</span> <span class='ocrx_word' id='word_1_539' title='bbox 1570 546 1690 583; x_wconf 87' lang='lat' dir='ltr'>Isauria</span> <span class='ocrx_word' id='word_1_540' title='bbox 1703 548 1903 595; x_wconf 82' lang='lat' dir='ltr'>Episcopus.-</span> <span class='ocrx_word' id='word_1_541' title='bbox 1928 556 2015 597; x_wconf 75' lang='lat' dir='ltr'>,Quia</span> <span class='ocrx_word' id='word_1_542' title='bbox 2031 556 2083 596; x_wconf 67' lang='lat' dir='ltr'>jw</span> 
     </span>
     <span class='ocr_line' id='line_1_91' title="bbox 1197 597 2083 646; baseline 0.001 -15"><span class='ocrx_word' id='word_1_543' title='bbox 1197 605 1285 635; x_wconf 85' lang='lat' dir='ltr'>ravit</span> <span class='ocrx_word' id='word_1_544' title='bbox 1297 622 1310 640; x_wconf 89' lang='lat'>,</span> <span class='ocrx_word' id='word_1_545' title='bbox 1335 609 1433 632; x_wconf 88' lang='lat' dir='ltr'>omnes</span> <span class='ocrx_word' id='word_1_546' title='bbox 1440 597 1549 643; x_wconf 81' lang='lat' dir='ltr'>scimus</span> <span class='ocrx_word' id='word_1_547' title='bbox 1561 611 1571 642; x_wconf 91' lang='lat'>;</span> <span class='ocrx_word' id='word_1_548' title='bbox 1597 601 1633 634; x_wconf 67' lang='grc' dir='ltr'>ὁ·</span> <span class='ocrx_word' id='word_1_549' title='bbox 1642 604 1715 642; x_wconf 76' lang='lat' dir='ltr'>quia</span> <span class='ocrx_word' id='word_1_550' title='bbox 1727 611 1786 633; x_wconf 87' lang='lat' dir='ltr'>non</span> <span class='ocrx_word' id='word_1_551' title='bbox 1797 599 1835 638; x_wconf 81' lang='lat' dir='ltr'>cst</span> <span class='ocrx_word' id='word_1_552' title='bbox 1844 601 1920 633; x_wconf 59' lang='lat' dir='ltr'>leda</span> <span class='ocrx_word' id='word_1_553' title='bbox 1931 627 1942 643; x_wconf 89' lang='lat'>,</span> <span class='ocrx_word' id='word_1_554' title='bbox 1965 604 2083 646; x_wconf 61' lang='lat' dir='ltr'>confite.</span> 
     </span>
     <span class='ocr_line' id='line_1_92' title="bbox 1194 649 2083 695; baseline 0.007 -13"><span class='ocrx_word' id='word_1_555' title='bbox 1194 659 1277 682; x_wconf 85' lang='lat' dir='ltr'>mur.</span> <span class='ocrx_word' id='word_1_556' title='bbox 1304 649 1385 684; x_wconf 89' lang='lat' dir='ltr'>Erat</span> <span class='ocrx_word' id='word_1_557' title='bbox 1401 660 1450 684; x_wconf 78' lang='lat' dir='ltr'>res</span> <span class='ocrx_word' id='word_1_558' title='bbox 1460 650 1750 685; x_wconf 83' lang='lat' dir='ltr'>momentofiffima</span> <span class='ocrx_word' id='word_1_559' title='bbox 1761 673 1773 690; x_wconf 94' lang='lat'>,</span> <span class='ocrx_word' id='word_1_560' title='bbox 1795 649 1935 695; x_wconf 75' lang='lat' dir='ltr'>ideoque</span> <span class='ocrx_word' id='word_1_561' title='bbox 1946 653 1987 687; x_wconf 87' lang='lat' dir='ltr'>ad</span> <span class='ocrx_word' id='word_1_562' title='bbox 1998 654 2083 689; x_wconf 91' lang='lat' dir='ltr'>Dio-</span> 
     </span>
     <span class='ocr_line' id='line_1_93' title="bbox 1195 697 2082 743; baseline 0.007 -11"><span class='ocrx_word' id='word_1_563' title='bbox 1195 699 1322 734; x_wconf 89' lang='lat' dir='ltr'>scorum</span> <span class='ocrx_word' id='word_1_564' title='bbox 1333 722 1345 739; x_wconf 93' lang='lat'>,</span> <span class='ocrx_word' id='word_1_565' title='bbox 1371 699 1564 743; x_wconf 76' lang='lat' dir='ltr'>Iuvenalem</span> <span class='ocrx_word' id='word_1_566' title='bbox 1577 724 1588 743; x_wconf 84' lang='lat'>,</span> <span class='ocrx_word' id='word_1_567' title='bbox 1613 712 1653 735; x_wconf 90' lang='lat' dir='ltr'>ac</span> <span class='ocrx_word' id='word_1_568' title='bbox 1663 697 1869 737; x_wconf 83' lang='lat' dir='ltr'>Thalaffium</span> <span class='ocrx_word' id='word_1_569' title='bbox 1881 725 1893 741; x_wconf 89' lang='lat'>,</span> <span class='ocrx_word' id='word_1_570' title='bbox 1916 700 2082 738; x_wconf 89' lang='lat' dir='ltr'>latrocinii</span> 
     </span>
     <span class='ocr_line' id='line_1_94' title="bbox 1193 748 2083 796; baseline 0.004 -14"><span class='ocrx_word' id='word_1_571' title='bbox 1193 748 1376 792; x_wconf 77' lang='lat' dir='ltr'>primates,</span> <span class='ocrx_word' id='word_1_572' title='bbox 1404 749 1516 787; x_wconf 82' lang='lat' dir='ltr'>dixere</span> <span class='ocrx_word' id='word_1_573' title='bbox 1525 749 1659 796; x_wconf 82' lang='lat' dir='ltr'>gloriosi</span> <span class='ocrx_word' id='word_1_574' title='bbox 1670 749 1814 794; x_wconf 82' lang='lat' dir='ltr'>judices:</span> <span class='ocrx_word' id='word_1_575' title='bbox 1839 753 2083 792; x_wconf 76' lang='lat' dir='ltr'>Reverendiffimi</span> 
     </span>
     <span class='ocr_line' id='line_1_95' title="bbox 1193 797 2083 845; baseline 0.003 -13"><span class='ocrx_word' id='word_1_576' title='bbox 1193 797 1355 843; x_wconf 74' lang='lat' dir='ltr'>Episcopi,</span> <span class='ocrx_word' id='word_1_577' title='bbox 1383 799 1491 842; x_wconf 75' lang='lat' dir='ltr'>‚quibus</span> <span class='ocrx_word' id='word_1_578' title='bbox 1516 801 1681 837; x_wconf 73' lang='lat' dir='ltr'>auc‘Jori&#39;tas</span> <span class='ocrx_word' id='word_1_579' title='bbox 1700 810 1773 835; x_wconf 89' lang='lat' dir='ltr'>tunc</span> <span class='ocrx_word' id='word_1_580' title='bbox 1793 811 1913 843; x_wconf 78' lang='lat' dir='ltr'>eorum,</span> <span class='ocrx_word' id='word_1_581' title='bbox 1938 812 2007 844; x_wconf 81' lang='lat' dir='ltr'>quae</span> <span class='ocrx_word' id='word_1_582' title='bbox 2017 813 2083 845; x_wconf 81' lang='lat' dir='ltr'>age-</span> 
     </span>
     <span class='ocr_line' id='line_1_96' title="bbox 1191 849 2084 893; baseline 0.004 -11"><span class='ocrx_word' id='word_1_583' title='bbox 1191 849 1325 892; x_wconf 84' lang='lat' dir='ltr'>bantur,</span> <span class='ocrx_word' id='word_1_584' title='bbox 1351 851 1392 884; x_wconf 81' lang='lat' dir='ltr'>ab</span> <span class='ocrx_word' id='word_1_585' title='bbox 1413 853 1563 893; x_wconf 77' lang='lat' dir='ltr'>imperiali</span> <span class='ocrx_word' id='word_1_586' title='bbox 1584 851 1662 884; x_wconf 86' lang='lat' dir='ltr'>data</span> <span class='ocrx_word' id='word_1_587' title='bbox 1687 851 1726 891; x_wconf 89' lang='lat' dir='ltr'>est</span> <span class='ocrx_word' id='word_1_588' title='bbox 1749 854 1920 886; x_wconf 78' lang='lat' dir='ltr'>Clementia</span> <span class='ocrx_word' id='word_1_589' title='bbox 1939 875 1951 891; x_wconf 92' lang='lat'>‚</span> <span class='ocrx_word' id='word_1_590' title='bbox 1977 853 2084 887; x_wconf 80' lang='lat' dir='ltr'>dicant</span> 
     </span>
     <span class='ocr_line' id='line_1_97' title="bbox 1185 899 2084 946; baseline 0.003 -13"><span class='ocrx_word' id='word_1_591' title='bbox 1185 908 1244 943; x_wconf 90' lang='lat' dir='ltr'>pro</span> <span class='ocrx_word' id='word_1_592' title='bbox 1264 912 1323 943; x_wconf 83' lang='lat' dir='ltr'>qua</span> <span class='ocrx_word' id='word_1_593' title='bbox 1343 912 1377 935; x_wconf 88' lang='lat' dir='ltr'>re</span> <span class='ocrx_word' id='word_1_594' title='bbox 1395 900 1707 946; x_wconf 63' lang='lat' dir='ltr'>Epfflolasanbl&#39;ifflmi</span> <span class='ocrx_word' id='word_1_595' title='bbox 1719 899 1963 944; x_wconf 71' lang='lat' dir='ltr'>Archi-Epifiopi</span> <span class='ocrx_word' id='word_1_596' title='bbox 1976 905 2084 936; x_wconf 77' lang='lat' dir='ltr'>Leonis</span> 
     </span>
     <span class='ocr_line' id='line_1_98' title="bbox 1191 951 2085 996; baseline 0.001 -12"><span class='ocrx_word' id='word_1_597' title='bbox 1191 961 1249 984; x_wconf 88' lang='lat' dir='ltr'>non</span> <span class='ocrx_word' id='word_1_598' title='bbox 1271 951 1309 992; x_wconf 71' lang='lat' dir='ltr'>est</span> <span class='ocrx_word' id='word_1_599' title='bbox 1329 956 1477 993; x_wconf 82' lang='lat' dir='ltr'>recitata,</span> <span class='ocrx_word' id='word_1_600' title='bbox 1498 951 1671 996; x_wconf 80' lang='lat' dir='ltr'>praesertim</span> <span class='ocrx_word' id='word_1_601' title='bbox 1688 954 1876 995; x_wconf 82' lang='lat' dir='ltr'>praecedente</span> <span class='ocrx_word' id='word_1_602' title='bbox 1887 953 2085 986; x_wconf 78' lang='lat' dir='ltr'>interlocutio·</span> 
     </span>
     <span class='ocr_line' id='line_1_99' title="bbox 1190 1001 2082 1046; baseline 0.002 -11"><span class='ocrx_word' id='word_1_603' title='bbox 1190 1011 1247 1042; x_wconf 84' lang='lat' dir='ltr'>ne,</span> <span class='ocrx_word' id='word_1_604' title='bbox 1273 1001 1325 1036; x_wconf 88' lang='lat' dir='ltr'>ubi</span> <span class='ocrx_word' id='word_1_605' title='bbox 1335 1013 1402 1036; x_wconf 88' lang='lat' dir='ltr'>eam</span> <span class='ocrx_word' id='word_1_606' title='bbox 1405 1003 1518 1046; x_wconf 78' lang='lat' dir='ltr'>jussum</span> <span class='ocrx_word' id='word_1_607' title='bbox 1529 1002 1568 1045; x_wconf 83' lang='lat' dir='ltr'>est</span> <span class='ocrx_word' id='word_1_608' title='bbox 1577 1008 1716 1036; x_wconf 82' lang='lat' dir='ltr'>recitari.</span> <span class='ocrx_word' id='word_1_609' title='bbox 1743 1001 1931 1045; x_wconf 86' lang='lat' dir='ltr'>Respondit</span> <span class='ocrx_word' id='word_1_610' title='bbox 1942 1003 2082 1037; x_wconf 86' lang='lat' dir='ltr'>Diosco-</span> 
     </span>
     <span class='ocr_line' id='line_1_100' title="bbox 1188 1051 2083 1097; baseline -0.001 -10"><span class='ocrx_word' id='word_1_611' title='bbox 1188 1061 1243 1087; x_wconf 79' lang='lat' dir='ltr'>rus</span> <span class='ocrx_word' id='word_1_612' title='bbox 1256 1065 1267 1085; x_wconf 83' lang='grc'>.-</span> <span class='ocrx_word' id='word_1_613' title='bbox 1295 1052 1383 1097; x_wconf 72' lang='lat' dir='ltr'>Gesta</span> <span class='ocrx_word' id='word_1_614' title='bbox 1403 1052 1627 1094; x_wconf 86' lang='lat' dir='ltr'>demonstrant,</span> <span class='ocrx_word' id='word_1_615' title='bbox 1643 1058 1724 1096; x_wconf 76' lang='lat' dir='ltr'>&#39;quia</span> <span class='ocrx_word' id='word_1_616' title='bbox 1741 1051 1873 1096; x_wconf 70' lang='lat' dir='ltr'>secunda</span> <span class='ocrx_word' id='word_1_617' title='bbox 1895 1054 2083 1086; x_wconf 79' lang='lat' dir='ltr'>interlocutus</span> 
     </span>
     <span class='ocr_line' id='line_1_101' title="bbox 1188 1099 2083 1148; baseline 0.003 -14"><span class='ocrx_word' id='word_1_618' title='bbox 1188 1099 1256 1148; x_wconf 86' lang='lat' dir='ltr'>sum</span> <span class='ocrx_word' id='word_1_619' title='bbox 1265 1108 1387 1137; x_wconf 81' lang='lat' dir='ltr'>recitari</span> <span class='ocrx_word' id='word_1_620' title='bbox 1397 1103 1566 1145; x_wconf 78' lang='lat' dir='ltr'>Epistolam</span> <span class='ocrx_word' id='word_1_621' title='bbox 1576 1104 1812 1144; x_wconf 69' lang='lat' dir='ltr'>reverendiffimi</span> <span class='ocrx_word' id='word_1_622' title='bbox 1821 1100 1964 1146; x_wconf 79' lang='lat' dir='ltr'>Episcopi</span> <span class='ocrx_word' id='word_1_623' title='bbox 1973 1106 2083 1137; x_wconf 85' lang='lat' dir='ltr'>Roma-</span> 
     </span>
     <span class='ocr_line' id='line_1_102' title="bbox 1190 1151 2080 1197; baseline 0.002 -13"><span class='ocrx_word' id='word_1_624' title='bbox 1190 1157 1239 1185; x_wconf 78' lang='lat' dir='ltr'>ni.</span> <span class='ocrx_word' id='word_1_625' title='bbox 1271 1152 1316 1186; x_wconf 87' lang='lat' dir='ltr'>Et</span> <span class='ocrx_word' id='word_1_626' title='bbox 1337 1162 1493 1197; x_wconf 84' lang='lat' dir='ltr'>rogatus,</span> <span class='ocrx_word' id='word_1_627' title='bbox 1521 1154 1568 1187; x_wconf 85' lang='lat' dir='ltr'>ob</span> <span class='ocrx_word' id='word_1_628' title='bbox 1588 1165 1680 1196; x_wconf 84' lang='lat' dir='ltr'>quam</span> <span class='ocrx_word' id='word_1_629' title='bbox 1689 1152 1808 1197; x_wconf 66' lang='lat' dir='ltr'>causam</span> <span class='ocrx_word' id='word_1_630' title='bbox 1819 1151 1881 1194; x_wconf 83' lang='lat' dir='ltr'>post</span> <span class='ocrx_word' id='word_1_631' title='bbox 1892 1161 1976 1187; x_wconf 82' lang='lat' dir='ltr'>tuam</span> <span class='ocrx_word' id='word_1_632' title='bbox 1986 1157 2080 1187; x_wconf 81' lang='lat' dir='ltr'>inter-</span> 
     </span>
     <span class='ocr_line' id='line_1_103' title="bbox 1188 1201 2082 1246; baseline 0.004 -12"><span class='ocrx_word' id='word_1_633' title='bbox 1188 1201 1359 1238; x_wconf 84' lang='lat' dir='ltr'>locutionem</span> <span class='ocrx_word' id='word_1_634' title='bbox 1381 1203 1466 1239; x_wconf 66' lang='lat' dir='ltr'>leeiio</span> <span class='ocrx_word' id='word_1_635' title='bbox 1487 1202 1630 1245; x_wconf 72' lang='lat' dir='ltr'>Epistolae</span> <span class='ocrx_word' id='word_1_636' title='bbox 1650 1215 1709 1238; x_wconf 86' lang='lat' dir='ltr'>non</span> <span class='ocrx_word' id='word_1_637' title='bbox 1729 1203 1768 1246; x_wconf 80' lang='lat' dir='ltr'>est</span> <span class='ocrx_word' id='word_1_638' title='bbox 1783 1203 1895 1245; x_wconf 70' lang='lat' dir='ltr'>fac‘la:</span> <span class='ocrx_word' id='word_1_639' title='bbox 1921 1203 2012 1237; x_wconf 86' lang='lat' dir='ltr'>aliud</span> <span class='ocrx_word' id='word_1_640' title='bbox 2026 1214 2082 1238; x_wconf 85' lang='lat' dir='ltr'>ne·</span> 
     </span>
     <span class='ocr_line' id='line_1_104' title="bbox 1190 1251 2079 1299; baseline 0.001 -14"><span class='ocrx_word' id='word_1_641' title='bbox 1190 1253 1293 1286; x_wconf 89' lang='lat' dir='ltr'>sciens</span> <span class='ocrx_word' id='word_1_642' title='bbox 1305 1253 1466 1297; x_wconf 79' lang='lat' dir='ltr'>reposuit:</span> <span class='ocrx_word' id='word_1_643' title='bbox 1493 1257 1716 1299; x_wconf 82' lang='lat' dir='ltr'>Interrogentur</span> <span class='ocrx_word' id='word_1_644' title='bbox 1727 1255 1762 1288; x_wconf 63' lang='grc' dir='ltr'>(ν’</span> <span class='ocrx_word' id='word_1_645' title='bbox 1772 1254 1828 1287; x_wconf 83' lang='lat' dir='ltr'>alii</span> <span class='ocrx_word' id='word_1_646' title='bbox 1840 1251 1981 1297; x_wconf 74' lang='lat' dir='ltr'>Epifiopi</span> <span class='ocrx_word' id='word_1_647' title='bbox 1992 1278 2002 1295; x_wconf 94' lang='lat'>,</span> <span class='ocrx_word' id='word_1_648' title='bbox 2014 1259 2079 1297; x_wconf 80' lang='lat' dir='ltr'>qui-</span> 
     </span>
     <span class='ocr_line' id='line_1_105' title="bbox 1187 1301 2081 1348; baseline 0.003 -13"><span class='ocrx_word' id='word_1_649' title='bbox 1187 1301 1245 1336; x_wconf 85' lang='lat' dir='ltr'>bus</span> <span class='ocrx_word' id='word_1_650' title='bbox 1257 1302 1366 1344; x_wconf 78' lang='lat' dir='ltr'>fuerat</span> <span class='ocrx_word' id='word_1_651' title='bbox 1385 1305 1421 1338; x_wconf 77' lang='lat' dir='ltr'>o·</span> <span class='ocrx_word' id='word_1_652' title='bbox 1442 1302 1529 1348; x_wconf 83' lang='lat' dir='ltr'>causa</span> <span class='ocrx_word' id='word_1_653' title='bbox 1542 1305 1708 1348; x_wconf 82' lang='lat' dir='ltr'>commiffa,</span> <span class='ocrx_word' id='word_1_654' title='bbox 1734 1305 1819 1348; x_wconf 85' lang='lat' dir='ltr'>cujus</span> <span class='ocrx_word' id='word_1_655' title='bbox 1840 1310 1884 1337; x_wconf 83' lang='lat' dir='ltr'>rei</span> <span class='ocrx_word' id='word_1_656' title='bbox 1900 1309 2006 1347; x_wconf 83' lang='lat' dir='ltr'>gratia</span> <span class='ocrx_word' id='word_1_657' title='bbox 2019 1315 2081 1338; x_wconf 75' lang='lat' dir='ltr'>non</span> 
     </span>
     <span class='ocr_line' id='line_1_106' title="bbox 1188 1351 2080 1399; baseline 0 -12"><span class='ocrx_word' id='word_1_658' title='bbox 1188 1351 1227 1394; x_wconf 82' lang='lat' dir='ltr'>est</span> <span class='ocrx_word' id='word_1_659' title='bbox 1245 1359 1372 1387; x_wconf 85' lang='lat' dir='ltr'>recitata</span> <span class='ocrx_word' id='word_1_660' title='bbox 1384 1378 1391 1386; x_wconf 92' lang='lat'><strong>.</strong></span> <span class='ocrx_word' id='word_1_661' title='bbox 1418 1352 1616 1399; x_wconf 87' lang='lat' dir='ltr'>Interrogari</span> <span class='ocrx_word' id='word_1_662' title='bbox 1641 1355 1735 1398; x_wconf 87' lang='lat' dir='ltr'>petiit</span> <span class='ocrx_word' id='word_1_663' title='bbox 1753 1353 1963 1388; x_wconf 80' lang='lat' dir='ltr'>Thalassium</span> <span class='ocrx_word' id='word_1_664' title='bbox 1976 1365 2013 1387; x_wconf 90' lang='lat' dir='ltr'>ac</span> <span class='ocrx_word' id='word_1_665' title='bbox 2026 1354 2080 1397; x_wconf 87' lang='lat' dir='ltr'>Ju-</span> 
     </span>
     <span class='ocr_line' id='line_1_107' title="bbox 1188 1403 2081 1449; baseline -0.002 -12"><span class='ocrx_word' id='word_1_666' title='bbox 1188 1403 1338 1439; x_wconf 82' lang='lat' dir='ltr'>venalem</span> <span class='ocrx_word' id='word_1_667' title='bbox 1350 1430 1357 1437; x_wconf 90' lang='lat'>.</span> <span class='ocrx_word' id='word_1_668' title='bbox 1384 1403 1434 1438; x_wconf 74' lang='lat' dir='ltr'>At</span> <span class='ocrx_word' id='word_1_669' title='bbox 1457 1405 1592 1449; x_wconf 85' lang='lat' dir='ltr'>gloriosi</span> <span class='ocrx_word' id='word_1_670' title='bbox 1605 1403 1730 1447; x_wconf 86' lang='lat' dir='ltr'>judices</span> <span class='ocrx_word' id='word_1_671' title='bbox 1742 1414 1812 1437; x_wconf 86' lang='lat' dir='ltr'>non</span> <span class='ocrx_word' id='word_1_672' title='bbox 1823 1404 2056 1446; x_wconf 87' lang='lat' dir='ltr'>acquieverunt</span> <span class='ocrx_word' id='word_1_673' title='bbox 2068 1426 2081 1443; x_wconf 90' lang='lat'>,</span> 
     </span>
     <span class='ocr_line' id='line_1_108' title="bbox 1188 1451 2080 1498; baseline -0.007 -7"><span class='ocrx_word' id='word_1_674' title='bbox 1188 1454 1309 1491; x_wconf 78' lang='lat' dir='ltr'>iterum</span> <span class='ocrx_word' id='word_1_675' title='bbox 1330 1455 1521 1490; x_wconf 89' lang='lat' dir='ltr'>interlocuti</span> <span class='ocrx_word' id='word_1_676' title='bbox 1538 1467 1546 1487; x_wconf 95' lang='lat'><strong>:</strong></span> <span class='ocrx_word' id='word_1_677' title='bbox 1580 1459 1618 1491; x_wconf 75' lang='lat' dir='ltr'>In</span> <span class='ocrx_word' id='word_1_678' title='bbox 1636 1460 1737 1498; x_wconf 85' lang='lat' dir='ltr'>primo</span> <span class='ocrx_word' id='word_1_679' title='bbox 1757 1456 1815 1488; x_wconf 86' lang='lat' dir='ltr'>Ioco</span> <span class='ocrx_word' id='word_1_680' title='bbox 1835 1451 1896 1496; x_wconf 69' lang='lat' dir='ltr'>ipſse</span> <span class='ocrx_word' id='word_1_681' title='bbox 1917 1451 2080 1497; x_wconf 81' lang='lat' dir='ltr'>responde.</span> 
     </span>
     <span class='ocr_line' id='line_1_109' title="bbox 1188 1501 2084 1546; baseline -0.003 -8"><span class='ocrx_word' id='word_1_682' title='bbox 1188 1504 1234 1538; x_wconf 88' lang='lat' dir='ltr'>Et</span> <span class='ocrx_word' id='word_1_683' title='bbox 1251 1504 1379 1540; x_wconf 74' lang='lat' dir='ltr'>rursum</span> <span class='ocrx_word' id='word_1_684' title='bbox 1403 1505 1626 1545; x_wconf 79' lang='lat' dir='ltr'>adseveranti,</span> <span class='ocrx_word' id='word_1_685' title='bbox 1651 1506 1783 1539; x_wconf 77' lang='lat' dir='ltr'>Secundo</span> <span class='ocrx_word' id='word_1_686' title='bbox 1807 1503 1995 1538; x_wconf 74' lang='lat' dir='ltr'>interlocutus</span> <span class='ocrx_word' id='word_1_687' title='bbox 2012 1501 2084 1546; x_wconf 83' lang='lat' dir='ltr'>sum</span> 
     </span>
     <span class='ocr_line' id='line_1_110' title="bbox 1187 1552 2081 1598; baseline -0.002 -11"><span class='ocrx_word' id='word_1_688' title='bbox 1187 1553 1330 1598; x_wconf 66' lang='lat' dir='ltr'>recenseri</span> <span class='ocrx_word' id='word_1_689' title='bbox 1348 1565 1413 1589; x_wconf 84' lang='lat' dir='ltr'>eam</span> <span class='ocrx_word' id='word_1_690' title='bbox 1434 1580 1446 1596; x_wconf 91' lang='lat'>,</span> <span class='ocrx_word' id='word_1_691' title='bbox 1482 1553 1623 1590; x_wconf 86' lang='lat' dir='ltr'>reddidit</span> <span class='ocrx_word' id='word_1_692' title='bbox 1645 1554 1806 1589; x_wconf 86' lang='lat' dir='ltr'>Eusebius</span> <span class='ocrx_word' id='word_1_693' title='bbox 1837 1552 2081 1596; x_wconf 80' lang='lat' dir='ltr'>Dorylaeensis:</span> 
     </span>
     <span class='ocr_line' id='line_1_111' title="bbox 1188 1603 2084 1654; baseline -0.006 -13"><span class='ocrx_word' id='word_1_694' title='bbox 1188 1608 1336 1641; x_wconf 74' lang='lat' dir='ltr'>Mentitur</span> <span class='ocrx_word' id='word_1_695' title='bbox 1361 1631 1369 1639; x_wconf 86' lang='lat'><strong>.</strong></span> <span class='ocrx_word' id='word_1_696' title='bbox 1405 1606 1512 1654; x_wconf 80' lang='lat' dir='ltr'>Qiod</span> <span class='ocrx_word' id='word_1_697' title='bbox 1543 1614 1662 1649; x_wconf 86' lang='lat' dir='ltr'>nempe</span> <span class='ocrx_word' id='word_1_698' title='bbox 1698 1605 1883 1641; x_wconf 85' lang='lat' dir='ltr'>Dioscorus</span> <span class='ocrx_word' id='word_1_699' title='bbox 1907 1603 2084 1648; x_wconf 83' lang='lat' dir='ltr'>legendam</span> 
     </span>
     <span class='ocr_line' id='line_1_112' title="bbox 1189 1653 2084 1701; baseline -0.003 -12"><span class='ocrx_word' id='word_1_700' title='bbox 1189 1655 1374 1699; x_wconf 86' lang='lat' dir='ltr'>Epistolam</span> <span class='ocrx_word' id='word_1_701' title='bbox 1406 1657 1476 1692; x_wconf 88' lang='lat' dir='ltr'>sola</span> <span class='ocrx_word' id='word_1_702' title='bbox 1502 1656 1618 1701; x_wconf 87' lang='lat' dir='ltr'>lingua</span> <span class='ocrx_word' id='word_1_703' title='bbox 1644 1679 1657 1696; x_wconf 91' lang='lat'>,</span> <span class='ocrx_word' id='word_1_704' title='bbox 1696 1666 1766 1689; x_wconf 87' lang='lat' dir='ltr'>non</span> <span class='ocrx_word' id='word_1_705' title='bbox 1792 1664 1904 1688; x_wconf 88' lang='lat' dir='ltr'>mente</span> <span class='ocrx_word' id='word_1_706' title='bbox 1929 1653 2084 1697; x_wconf 70' lang='lat' dir='ltr'>jussisset.</span> 
     </span>
     <span class='ocr_line' id='line_1_113' title="bbox 1189 1703 2086 1749; baseline -0.003 -10"><span class='ocrx_word' id='word_1_707' title='bbox 1189 1705 1301 1740; x_wconf 87' lang='lat' dir='ltr'>Etiam</span> <span class='ocrx_word' id='word_1_708' title='bbox 1324 1706 1489 1749; x_wconf 88' lang='lat' dir='ltr'>Juvenalis</span> <span class='ocrx_word' id='word_1_709' title='bbox 1512 1704 1598 1739; x_wconf 88' lang='lat' dir='ltr'>nihil</span> <span class='ocrx_word' id='word_1_710' title='bbox 1621 1705 1840 1748; x_wconf 85' lang='lat' dir='ltr'>competentis</span> <span class='ocrx_word' id='word_1_711' title='bbox 1860 1703 1998 1739; x_wconf 84' lang='lat' dir='ltr'>rationis</span> <span class='ocrx_word' id='word_1_712' title='bbox 2007 1704 2086 1737; x_wconf 86' lang='lat' dir='ltr'>dare</span> 
     </span>
     <span class='ocr_line' id='line_1_114' title="bbox 1188 1751 2084 1801; baseline -0.004 -11"><span class='ocrx_word' id='word_1_713' title='bbox 1188 1755 1319 1799; x_wconf 88' lang='lat' dir='ltr'>potuit,</span> <span class='ocrx_word' id='word_1_714' title='bbox 1344 1757 1378 1790; x_wconf 74' lang='grc' dir='ltr'>δε</span> <span class='ocrx_word' id='word_1_715' title='bbox 1403 1767 1539 1801; x_wconf 89' lang='lat' dir='ltr'>rogatus</span> <span class='ocrx_word' id='word_1_716' title='bbox 1561 1754 1752 1790; x_wconf 77' lang='lat' dir='ltr'>Thalassius</span> <span class='ocrx_word' id='word_1_717' title='bbox 1773 1754 1839 1788; x_wconf 89' lang='lat' dir='ltr'>hoc</span> <span class='ocrx_word' id='word_1_718' title='bbox 1861 1765 1968 1790; x_wconf 89' lang='lat' dir='ltr'>unum</span> <span class='ocrx_word' id='word_1_719' title='bbox 1979 1751 2084 1788; x_wconf 86' lang='lat' dir='ltr'>reddi-</span> 
     </span>
     <span class='ocr_line' id='line_1_115' title="bbox 1187 1804 2087 1850; baseline -0.003 -11"><span class='ocrx_word' id='word_1_720' title='bbox 1187 1806 1259 1839; x_wconf 86' lang='lat' dir='ltr'>dit:</span> <span class='ocrx_word' id='word_1_721' title='bbox 1286 1810 1395 1849; x_wconf 86' lang='lat' dir='ltr'>Neque</span> <span class='ocrx_word' id='word_1_722' title='bbox 1418 1806 1563 1850; x_wconf 84' lang='lat' dir='ltr'>prohibui</span> <span class='ocrx_word' id='word_1_723' title='bbox 1583 1829 1595 1845; x_wconf 92' lang='lat'>,</span> <span class='ocrx_word' id='word_1_724' title='bbox 1616 1817 1715 1850; x_wconf 74' lang='lat' dir='ltr'>vneque</span> <span class='ocrx_word' id='word_1_725' title='bbox 1735 1814 1856 1838; x_wconf 83' lang='lat' dir='ltr'>tantam</span> <span class='ocrx_word' id='word_1_726' title='bbox 1877 1804 2087 1840; x_wconf 70' lang='lat' dir='ltr'>auc‘loritatem</span> 
     </span>
     <span class='ocr_line' id='line_1_116' title="bbox 1188 1853 2087 1901; baseline -0.002 -12"><span class='ocrx_word' id='word_1_727' title='bbox 1188 1855 1335 1890; x_wconf 86' lang='lat' dir='ltr'>habebam</span> <span class='ocrx_word' id='word_1_728' title='bbox 1349 1882 1361 1900; x_wconf 90' lang='lat'>,</span> <span class='ocrx_word' id='word_1_729' title='bbox 1386 1866 1419 1892; x_wconf 88' lang='lat' dir='ltr'>ut</span> <span class='ocrx_word' id='word_1_730' title='bbox 1441 1869 1490 1901; x_wconf 87' lang='lat' dir='ltr'>ego</span> <span class='ocrx_word' id='word_1_731' title='bbox 1506 1856 1587 1900; x_wconf 71' lang='lat' dir='ltr'>solus</span> <span class='ocrx_word' id='word_1_732' title='bbox 1607 1857 1719 1899; x_wconf 81' lang='lat' dir='ltr'>poffem</span> <span class='ocrx_word' id='word_1_733' title='bbox 1741 1854 1896 1899; x_wconf 74' lang='lat' dir='ltr'>disponere</span> <span class='ocrx_word' id='word_1_734' title='bbox 1910 1854 1979 1898; x_wconf 82' lang='lat' dir='ltr'>fieri</span> <span class='ocrx_word' id='word_1_735' title='bbox 1988 1853 2087 1889; x_wconf 70' lang='grc' dir='ltr'>1εᾶὶο-</span> 
     </span>
     <span class='ocr_line' id='line_1_117' title="bbox 1189 1917 1276 1940; baseline -0.023 0"><span class='ocrx_word' id='word_1_736' title='bbox 1189 1917 1276 1940; x_wconf 86' lang='lat' dir='ltr'>nem.</span> 
     </span>
    </p>

    <p class='ocr_par' dir='ltr' id='par_1_12' title="bbox 1172 1952 2087 3500">
     <span class='ocr_line' id='line_1_118' title="bbox 1238 1952 2085 2001; baseline -0.004 -12"><span class='ocrx_word' id='word_1_737' title='bbox 1238 1954 1439 2001; x_wconf 84' lang='lat' dir='ltr'>Ephefinum</span> <span class='ocrx_word' id='word_1_738' title='bbox 1473 1956 1651 2001; x_wconf 74' lang='lat' dir='ltr'>Canonem</span> <span class='ocrx_word' id='word_1_739' title='bbox 1676 1954 1718 1989; x_wconf 87' lang='lat' dir='ltr'>de</span> <span class='ocrx_word' id='word_1_740' title='bbox 1745 1967 1815 1991; x_wconf 87' lang='lat' dir='ltr'>non</span> <span class='ocrx_word' id='word_1_741' title='bbox 1851 1953 2005 1992; x_wconf 88' lang='lat' dir='ltr'>addendo</span> <span class='ocrx_word' id='word_1_742' title='bbox 2041 1952 2085 1987; x_wconf 87' lang='lat' dir='ltr'>ad</span> 
     </span>
     <span class='ocr_line' id='line_1_119' title="bbox 1187 2005 2087 2051; baseline -0.001 -11"><span class='ocrx_word' id='word_1_743' title='bbox 1187 2005 1386 2050; x_wconf 89' lang='lat' dir='ltr'>Symbolum</span> <span class='ocrx_word' id='word_1_744' title='bbox 1399 2005 1574 2041; x_wconf 85' lang='lat' dir='ltr'>Nicaenum</span> <span class='ocrx_word' id='word_1_745' title='bbox 1588 2005 1710 2040; x_wconf 90' lang='lat' dir='ltr'>firmari</span> <span class='ocrx_word' id='word_1_746' title='bbox 1724 2028 1735 2045; x_wconf 93' lang='lat'>,</span> <span class='ocrx_word' id='word_1_747' title='bbox 1759 2007 1793 2040; x_wconf 77' lang='grc' dir='ltr'>ὃ(</span> <span class='ocrx_word' id='word_1_748' title='bbox 1805 2007 1888 2041; x_wconf 73' lang='lat' dir='ltr'>facta</span> <span class='ocrx_word' id='word_1_749' title='bbox 1901 2017 1957 2049; x_wconf 90' lang='lat' dir='ltr'>per</span> <span class='ocrx_word' id='word_1_750' title='bbox 1976 2005 2087 2051; x_wconf 85' lang='lat' dir='ltr'>Syno-</span> 
     </span>
     <span class='ocr_line' id='line_1_120' title="bbox 1187 2053 2086 2101; baseline -0.002 -11"><span class='ocrx_word' id='word_1_751' title='bbox 1187 2056 1268 2093; x_wconf 88' lang='lat' dir='ltr'>dum</span> <span class='ocrx_word' id='word_1_752' title='bbox 1289 2056 1699 2101; x_wconf 87' lang='lat' dir='ltr'>Constantinopolitanam</span> <span class='ocrx_word' id='word_1_753' title='bbox 1720 2056 1946 2090; x_wconf 86' lang='lat' dir='ltr'>additamenta</span> <span class='ocrx_word' id='word_1_754' title='bbox 1967 2053 2086 2090; x_wconf 76' lang='lat' dir='ltr'>dolose</span> 
     </span>
     <span class='ocr_line' id='line_1_121' title="bbox 1187 2105 2084 2146; baseline -0.004 -5"><span class='ocrx_word' id='word_1_755' title='bbox 1187 2106 1337 2141; x_wconf 89' lang='lat' dir='ltr'>damnari</span> <span class='ocrx_word' id='word_1_756' title='bbox 1356 2116 1482 2141; x_wconf 88' lang='lat' dir='ltr'>curarat</span> <span class='ocrx_word' id='word_1_757' title='bbox 1500 2107 1702 2146; x_wconf 88' lang='lat' dir='ltr'>Dioscorus,</span> <span class='ocrx_word' id='word_1_758' title='bbox 1729 2105 1858 2141; x_wconf 67' lang='lat' dir='ltr'>&amp;Asta</span> <span class='ocrx_word' id='word_1_759' title='bbox 1875 2105 2084 2143; x_wconf 81' lang='lat' dir='ltr'>latrocinalia.</span> 
     </span>
     <span class='ocr_line' id='line_1_122' title="bbox 1187 2155 2083 2199; baseline 0 -9"><span class='ocrx_word' id='word_1_760' title='bbox 1187 2156 1362 2192; x_wconf 86' lang='lat' dir='ltr'>adfirmant</span> <span class='ocrx_word' id='word_1_761' title='bbox 1385 2156 1428 2191; x_wconf 90' lang='lat' dir='ltr'>ab</span> <span class='ocrx_word' id='word_1_762' title='bbox 1449 2156 1544 2191; x_wconf 90' lang='lat' dir='ltr'>omni</span> <span class='ocrx_word' id='word_1_763' title='bbox 1565 2156 1706 2199; x_wconf 84' lang='lat' dir='ltr'>synodo</span> <span class='ocrx_word' id='word_1_764' title='bbox 1728 2156 1822 2191; x_wconf 79' lang='lat' dir='ltr'>fuiffe</span> <span class='ocrx_word' id='word_1_765' title='bbox 1832 2155 2083 2195; x_wconf 86' lang='lat' dir='ltr'>adclamatum,</span> 
     </span>
     <span class='ocr_line' id='line_1_123' title="bbox 1186 2205 2084 2254; baseline -0.002 -14"><span class='ocrx_word' id='word_1_766' title='bbox 1186 2208 1216 2242; x_wconf 78' lang='lat'>51·</span> <span class='ocrx_word' id='word_1_767' title='bbox 1231 2213 1301 2248; x_wconf 82' lang='lat' dir='ltr'>quis</span> <span class='ocrx_word' id='word_1_768' title='bbox 1314 2213 1442 2244; x_wconf 77' lang='lat' dir='ltr'>innovat</span> <span class='ocrx_word' id='word_1_769' title='bbox 1457 2231 1468 2248; x_wconf 89' lang='lat'>,</span> <span class='ocrx_word' id='word_1_770' title='bbox 1495 2206 1657 2241; x_wconf 84' lang='lat' dir='ltr'>anathema</span> <span class='ocrx_word' id='word_1_771' title='bbox 1661 2206 1701 2249; x_wconf 84' lang='lat' dir='ltr'>fit</span> <span class='ocrx_word' id='word_1_772' title='bbox 1713 2231 1720 2238; x_wconf 90' lang='lat'><strong>.</strong></span> <span class='ocrx_word' id='word_1_773' title='bbox 1748 2206 1833 2254; x_wconf 83' lang='lat' dir='ltr'>Qa:</span> <span class='ocrx_word' id='word_1_774' title='bbox 1844 2207 1924 2241; x_wconf 89' lang='lat' dir='ltr'>dum</span> <span class='ocrx_word' id='word_1_775' title='bbox 1936 2205 2084 2251; x_wconf 87' lang='lat' dir='ltr'>legeren-</span> 
     </span>
     <span class='ocr_line' id='line_1_124' title="bbox 1187 2255 2082 2301; baseline -0.001 -11"><span class='ocrx_word' id='word_1_776' title='bbox 1187 2265 1239 2291; x_wconf 87' lang='lat' dir='ltr'>tur</span> <span class='ocrx_word' id='word_1_777' title='bbox 1249 2280 1262 2297; x_wconf 94' lang='lat'>,</span> <span class='ocrx_word' id='word_1_778' title='bbox 1290 2258 1479 2292; x_wconf 86' lang='lat' dir='ltr'>Orientales</span> <span class='ocrx_word' id='word_1_779' title='bbox 1500 2257 1534 2291; x_wconf 91' lang='lat'>&amp;</span> <span class='ocrx_word' id='word_1_780' title='bbox 1545 2257 1602 2291; x_wconf 84' lang='lat' dir='ltr'>alii</span> <span class='ocrx_word' id='word_1_781' title='bbox 1614 2257 1718 2300; x_wconf 88' lang='lat' dir='ltr'>plures</span> <span class='ocrx_word' id='word_1_782' title='bbox 1730 2257 1885 2301; x_wconf 79' lang='lat' dir='ltr'>Episcopi</span> <span class='ocrx_word' id='word_1_783' title='bbox 1897 2255 2082 2291; x_wconf 73' lang='lat' dir='ltr'>intercesse-</span> 
     </span>
     <span class='ocr_line' id='line_1_125' title="bbox 1188 2305 2084 2352; baseline -0.001 -11"><span class='ocrx_word' id='word_1_784' title='bbox 1188 2316 1264 2342; x_wconf 90' lang='lat' dir='ltr'>runt</span> <span class='ocrx_word' id='word_1_785' title='bbox 1277 2320 1284 2340; x_wconf 70' lang='grc' dir='ltr'>ε</span> <span class='ocrx_word' id='word_1_786' title='bbox 1309 2308 1369 2347; x_wconf 75' lang='lat' dir='ltr'>Ista</span> <span class='ocrx_word' id='word_1_787' title='bbox 1381 2320 1439 2342; x_wconf 87' lang='lat' dir='ltr'>non</span> <span class='ocrx_word' id='word_1_788' title='bbox 1450 2309 1582 2340; x_wconf 79' lang='lat' dir='ltr'>diximus</span> <span class='ocrx_word' id='word_1_789' title='bbox 1593 2332 1600 2340; x_wconf 92' lang='lat'><strong>.</strong></span> <span class='ocrx_word' id='word_1_790' title='bbox 1626 2307 1687 2348; x_wconf 86' lang='lat' dir='ltr'>Ista</span> <span class='ocrx_word' id='word_1_791' title='bbox 1697 2313 1766 2352; x_wconf 86' lang='lat' dir='ltr'>quis</span> <span class='ocrx_word' id='word_1_792' title='bbox 1775 2309 1882 2341; x_wconf 80' lang='lat' dir='ltr'>dixit?</span> <span class='ocrx_word' id='word_1_793' title='bbox 1909 2307 1953 2340; x_wconf 90' lang='lat' dir='ltr'>Et</span> <span class='ocrx_word' id='word_1_794' title='bbox 1964 2305 2084 2344; x_wconf 79' lang='lat' dir='ltr'>Theo-</span> 
     </span>
     <span class='ocr_line' id='line_1_126' title="bbox 1185 2356 2081 2402; baseline 0 -11"><span class='ocrx_word' id='word_1_795' title='bbox 1185 2357 1287 2392; x_wconf 90' lang='lat' dir='ltr'>dorus</span> <span class='ocrx_word' id='word_1_796' title='bbox 1309 2358 1627 2402; x_wconf 85' lang='lat' dir='ltr'>Claudiopolitanus</span> <span class='ocrx_word' id='word_1_797' title='bbox 1639 2359 1724 2402; x_wconf 86' lang='lat' dir='ltr'>apud</span> <span class='ocrx_word' id='word_1_798' title='bbox 1737 2358 1863 2392; x_wconf 82' lang='lat' dir='ltr'>Isauros</span> <span class='ocrx_word' id='word_1_799' title='bbox 1873 2356 2055 2400; x_wconf 86' lang='lat' dir='ltr'>Episcopus</span> <span class='ocrx_word' id='word_1_800' title='bbox 2068 2370 2081 2391; x_wconf 88' lang='grc'>.-</span> 
     </span>
     <span class='ocr_line' id='line_1_127' title="bbox 1185 2407 2084 2454; baseline 0 -14"><span class='ocrx_word' id='word_1_801' title='bbox 1185 2408 1324 2442; x_wconf 82' lang='lat' dir='ltr'>Deducat</span> <span class='ocrx_word' id='word_1_802' title='bbox 1343 2407 1500 2454; x_wconf 81' lang='lat' dir='ltr'>Dioscorus</span> <span class='ocrx_word' id='word_1_803' title='bbox 1514 2413 1662 2442; x_wconf 86' lang='lat' dir='ltr'>Notarios</span> <span class='ocrx_word' id='word_1_804' title='bbox 1674 2432 1681 2441; x_wconf 91' lang='lat'>.</span> <span class='ocrx_word' id='word_1_805' title='bbox 1708 2410 1847 2441; x_wconf 79' lang='lat' dir='ltr'>Eiiciens</span> <span class='ocrx_word' id='word_1_806' title='bbox 1858 2414 1937 2442; x_wconf 84' lang='lat' dir='ltr'>enim</span> <span class='ocrx_word' id='word_1_807' title='bbox 1951 2412 2084 2443; x_wconf 80' lang='lat' dir='ltr'>omnium</span> 
     </span>
     <span class='ocr_line' id='line_1_128' title="bbox 1185 2457 2081 2503; baseline 0.002 -13"><span class='ocrx_word' id='word_1_808' title='bbox 1185 2463 1335 2495; x_wconf 84' lang='lat' dir='ltr'>Notarios</span> <span class='ocrx_word' id='word_1_809' title='bbox 1350 2482 1362 2498; x_wconf 88' lang='lat'><em>‚</em></span> <span class='ocrx_word' id='word_1_810' title='bbox 1380 2457 1451 2502; x_wconf 84' lang='lat' dir='ltr'>suos</span> <span class='ocrx_word' id='word_1_811' title='bbox 1457 2459 1536 2502; x_wconf 82' lang='lat' dir='ltr'>fecit</span> <span class='ocrx_word' id='word_1_812' title='bbox 1539 2457 1690 2503; x_wconf 78' lang='lat' dir='ltr'>scribere.</span> <span class='ocrx_word' id='word_1_813' title='bbox 1718 2462 1851 2492; x_wconf 79' lang='lat' dir='ltr'>Veniant</span> <span class='ocrx_word' id='word_1_814' title='bbox 1872 2462 2015 2498; x_wconf 71' lang='lat' dir='ltr'>Nomii,</span> <span class='ocrx_word' id='word_1_815' title='bbox 2044 2459 2081 2492; x_wconf 66' lang='grc'>(9·</span> 
     </span>
     <span class='ocr_line' id='line_1_129' title="bbox 1185 2507 2081 2553; baseline 0 -12"><span class='ocrx_word' id='word_1_816' title='bbox 1185 2509 1312 2550; x_wconf 86' lang='lat' dir='ltr'>dicant,</span> <span class='ocrx_word' id='word_1_817' title='bbox 1332 2508 1363 2552; x_wconf 87' lang='lat' dir='ltr'><em>fi</em></span> <span class='ocrx_word' id='word_1_818' title='bbox 1383 2510 1438 2550; x_wconf 81' lang='lat' dir='ltr'>ista</span> <span class='ocrx_word' id='word_1_819' title='bbox 1457 2508 1574 2553; x_wconf 86' lang='lat' dir='ltr'>scripta</span> <span class='ocrx_word' id='word_1_820' title='bbox 1588 2507 1685 2552; x_wconf 81' lang='lat' dir='ltr'>sunt,</span> <span class='ocrx_word' id='word_1_821' title='bbox 1710 2518 1763 2542; x_wconf 87' lang='lat' dir='ltr'>aut</span> <span class='ocrx_word' id='word_1_822' title='bbox 1782 2509 1864 2542; x_wconf 85' lang='lat' dir='ltr'>nobis</span> <span class='ocrx_word' id='word_1_823' title='bbox 1872 2507 2081 2551; x_wconf 72' lang='lat' dir='ltr'>pra-sentibus</span> 
     </span>
     <span class='ocr_line' id='line_1_130' title="bbox 1183 2556 2080 2604; baseline -0.001 -12"><span class='ocrx_word' id='word_1_824' title='bbox 1183 2559 1258 2595; x_wconf 57' lang='lat' dir='ltr'>lecta</span> <span class='ocrx_word' id='word_1_825' title='bbox 1265 2558 1358 2603; x_wconf 67' lang='lat' dir='ltr'>fiant,</span> <span class='ocrx_word' id='word_1_826' title='bbox 1385 2568 1438 2594; x_wconf 85' lang='lat' dir='ltr'>aut</span> <span class='ocrx_word' id='word_1_827' title='bbox 1454 2559 1486 2602; x_wconf 81' lang='lat' dir='ltr'><em>fi</em></span> <span class='ocrx_word' id='word_1_828' title='bbox 1500 2565 1570 2602; x_wconf 78' lang='lat' dir='ltr'>qui:</span> <span class='ocrx_word' id='word_1_829' title='bbox 1583 2565 1719 2602; x_wconf 75' lang='lat' dir='ltr'>cognovit</span> <span class='ocrx_word' id='word_1_830' title='bbox 1730 2560 1764 2592; x_wconf 55' lang='grc' dir='ltr'>(θ’</span> <span class='ocrx_word' id='word_1_831' title='bbox 1771 2556 1937 2604; x_wconf 83' lang='lat' dir='ltr'>subscripfit</span> <span class='ocrx_word' id='word_1_832' title='bbox 1949 2584 1956 2591; x_wconf 90' lang='lat'><em>.</em></span> <span class='ocrx_word' id='word_1_833' title='bbox 1987 2559 2080 2604; x_wconf 73' lang='lat' dir='ltr'>Qua-</span> 
     </span>
     <span class='ocr_line' id='line_1_131' title="bbox 1183 2607 2077 2652; baseline -0.004 -8"><span class='ocrx_word' id='word_1_834' title='bbox 1183 2621 1218 2644; x_wconf 88' lang='lat' dir='ltr'>re</span> <span class='ocrx_word' id='word_1_835' title='bbox 1232 2609 1345 2645; x_wconf 83' lang='lat' dir='ltr'>habita</span> <span class='ocrx_word' id='word_1_836' title='bbox 1358 2611 1404 2645; x_wconf 89' lang='lat' dir='ltr'>est</span> <span class='ocrx_word' id='word_1_837' title='bbox 1429 2610 1565 2652; x_wconf 83' lang='lat' dir='ltr'>quaestio</span> <span class='ocrx_word' id='word_1_838' title='bbox 1578 2632 1588 2648; x_wconf 94' lang='lat'>‚</span> <span class='ocrx_word' id='word_1_839' title='bbox 1614 2609 1672 2642; x_wconf 87' lang='lat' dir='ltr'>An</span> <span class='ocrx_word' id='word_1_840' title='bbox 1688 2607 1773 2641; x_wconf 84' lang='lat' dir='ltr'>istud</span> <span class='ocrx_word' id='word_1_841' title='bbox 1785 2609 1950 2643; x_wconf 83' lang='lat' dir='ltr'>violenriae</span> <span class='ocrx_word' id='word_1_842' title='bbox 1960 2609 1995 2644; x_wconf 76' lang='grc' dir='ltr'>ἀ</span> <span class='ocrx_word' id='word_1_843' title='bbox 2007 2607 2077 2645; x_wconf 82' lang='lat' dir='ltr'>salsi</span> 
     </span>
     <span class='ocr_line' id='line_1_132' title="bbox 1182 2657 2077 2702; baseline -0.002 -8"><span class='ocrx_word' id='word_1_844' title='bbox 1182 2659 1307 2695; x_wconf 88' lang='lat' dir='ltr'>crimen</span> <span class='ocrx_word' id='word_1_845' title='bbox 1319 2660 1502 2694; x_wconf 86' lang='lat' dir='ltr'>Dioscorus</span> <span class='ocrx_word' id='word_1_846' title='bbox 1512 2659 1619 2694; x_wconf 70' lang='lat' dir='ltr'>revera</span> <span class='ocrx_word' id='word_1_847' title='bbox 1630 2659 1837 2694; x_wconf 70' lang='lat' dir='ltr'>commisisset</span> <span class='ocrx_word' id='word_1_848' title='bbox 1849 2684 1856 2692; x_wconf 90' lang='lat'><strong>.</strong></span> <span class='ocrx_word' id='word_1_849' title='bbox 1884 2659 1927 2692; x_wconf 86' lang='lat' dir='ltr'>Et</span> <span class='ocrx_word' id='word_1_850' title='bbox 1939 2657 2077 2702; x_wconf 88' lang='lat' dir='ltr'>quidem</span> 
     </span>
     <span class='ocr_line' id='line_1_133' title="bbox 1185 2708 2077 2756; baseline -0.002 -11"><span class='ocrx_word' id='word_1_851' title='bbox 1185 2710 1350 2756; x_wconf 86' lang='lat' dir='ltr'>Juvenalis</span> <span class='ocrx_word' id='word_1_852' title='bbox 1361 2711 1608 2752; x_wconf 85' lang='lat' dir='ltr'>Hierosolymae</span> <span class='ocrx_word' id='word_1_853' title='bbox 1618 2733 1630 2750; x_wconf 90' lang='lat'>,</span> <span class='ocrx_word' id='word_1_854' title='bbox 1657 2720 1695 2744; x_wconf 90' lang='lat' dir='ltr'>ac</span> <span class='ocrx_word' id='word_1_855' title='bbox 1706 2708 1895 2743; x_wconf 85' lang='lat' dir='ltr'>Thalaffius</span> <span class='ocrx_word' id='word_1_856' title='bbox 1907 2709 2077 2750; x_wconf 80' lang='lat' dir='ltr'>Caesaraeae,</span> 
     </span>
     <span class='ocr_line' id='line_1_134' title="bbox 1183 2758 2075 2804; baseline 0 -10"><span class='ocrx_word' id='word_1_857' title='bbox 1183 2772 1221 2794; x_wconf 88' lang='lat' dir='ltr'>ac</span> <span class='ocrx_word' id='word_1_858' title='bbox 1232 2759 1438 2796; x_wconf 80' lang='lat' dir='ltr'>Erasistratus</span> <span class='ocrx_word' id='word_1_859' title='bbox 1448 2758 1705 2797; x_wconf 85' lang='lat' dir='ltr'>Corinthiorum</span> <span class='ocrx_word' id='word_1_860' title='bbox 1718 2760 1897 2804; x_wconf 87' lang='lat' dir='ltr'>Episcopus</span> <span class='ocrx_word' id='word_1_861' title='bbox 1908 2759 1978 2793; x_wconf 87' lang='lat' dir='ltr'>faffi</span> <span class='ocrx_word' id='word_1_862' title='bbox 1998 2759 2075 2796; x_wconf 81' lang='lat' dir='ltr'>suut</span> 
     </span>
     <span class='ocr_line' id='line_1_135' title="bbox 1182 2809 2075 2855; baseline -0.001 -10"><span class='ocrx_word' id='word_1_863' title='bbox 1182 2811 1257 2845; x_wconf 87' lang='lat' dir='ltr'>suos</span> <span class='ocrx_word' id='word_1_864' title='bbox 1276 2822 1320 2846; x_wconf 83' lang='lat' dir='ltr'>ex</span> <span class='ocrx_word' id='word_1_865' title='bbox 1342 2810 1495 2855; x_wconf 90' lang='lat' dir='ltr'>synodali</span> <span class='ocrx_word' id='word_1_866' title='bbox 1517 2821 1609 2845; x_wconf 88' lang='lat' dir='ltr'>more</span> <span class='ocrx_word' id='word_1_867' title='bbox 1629 2809 1792 2847; x_wconf 86' lang='lat' dir='ltr'>Notarios</span> <span class='ocrx_word' id='word_1_868' title='bbox 1814 2810 1995 2853; x_wconf 78' lang='lat' dir='ltr'>excepisse.</span> <span class='ocrx_word' id='word_1_869' title='bbox 2023 2809 2075 2845; x_wconf 76' lang='lat' dir='ltr'>At</span> 
     </span>
     <span class='ocr_line' id='line_1_136' title="bbox 1181 2859 2072 2906; baseline 0 -12"><span class='ocrx_word' id='word_1_870' title='bbox 1181 2860 1283 2906; x_wconf 72' lang='lat' dir='ltr'>longe</span> <span class='ocrx_word' id='word_1_871' title='bbox 1301 2861 1395 2896; x_wconf 89' lang='lat' dir='ltr'>aliter</span> <span class='ocrx_word' id='word_1_872' title='bbox 1414 2859 1600 2905; x_wconf 84' lang='lat' dir='ltr'>Stephanus</span> <span class='ocrx_word' id='word_1_873' title='bbox 1622 2860 1804 2905; x_wconf 87' lang='lat' dir='ltr'>Episcopus</span> <span class='ocrx_word' id='word_1_874' title='bbox 1834 2859 2072 2904; x_wconf 83' lang='lat' dir='ltr'>Ephesiorum:</span> 
     </span>
     <span class='ocr_line' id='line_1_137' title="bbox 1182 2911 2074 2956; baseline -0.001 -11"><span class='ocrx_word' id='word_1_875' title='bbox 1182 2912 1389 2954; x_wconf 81' lang='lat' dir='ltr'>Exeipiebant</span> <span class='ocrx_word' id='word_1_876' title='bbox 1410 2937 1422 2953; x_wconf 91' lang='lat'>,</span> <span class='ocrx_word' id='word_1_877' title='bbox 1460 2911 1571 2956; x_wconf 86' lang='lat' dir='ltr'>inquit</span> <span class='ocrx_word' id='word_1_878' title='bbox 1589 2935 1600 2951; x_wconf 93' lang='lat'>,</span> <span class='ocrx_word' id='word_1_879' title='bbox 1627 2915 1754 2945; x_wconf 84' lang='lat' dir='ltr'>Notarii</span> <span class='ocrx_word' id='word_1_880' title='bbox 1775 2917 1833 2945; x_wconf 85' lang='lat' dir='ltr'>mei</span> <span class='ocrx_word' id='word_1_881' title='bbox 1854 2935 1865 2951; x_wconf 95' lang='lat'>,</span> <span class='ocrx_word' id='word_1_882' title='bbox 1895 2911 2046 2953; x_wconf 81' lang='lat' dir='ltr'>Julianus</span> <span class='ocrx_word' id='word_1_883' title='bbox 2060 2934 2074 2951; x_wconf 90' lang='lat'>,</span> 
     </span>
     <span class='ocr_line' id='line_1_138' title="bbox 1184 2960 2074 3005; baseline 0 -10"><span class='ocrx_word' id='word_1_884' title='bbox 1184 2967 1236 3005; x_wconf 85' lang='lat' dir='ltr'>qui</span> <span class='ocrx_word' id='word_1_885' title='bbox 1255 2974 1335 2997; x_wconf 86' lang='lat' dir='ltr'>nunc</span> <span class='ocrx_word' id='word_1_886' title='bbox 1344 2962 1384 3003; x_wconf 84' lang='lat' dir='ltr'>est</span> <span class='ocrx_word' id='word_1_887' title='bbox 1401 2961 1568 3005; x_wconf 70' lang='lat' dir='ltr'>Epiftopus</span> <span class='ocrx_word' id='word_1_888' title='bbox 1587 2961 1702 2996; x_wconf 82' lang='lat' dir='ltr'>Lebedi</span> <span class='ocrx_word' id='word_1_889' title='bbox 1713 2985 1724 3002; x_wconf 93' lang='lat'>,</span> <span class='ocrx_word' id='word_1_890' title='bbox 1749 2963 1784 2995; x_wconf 75' lang='lat'><em>&amp;</em></span> <span class='ocrx_word' id='word_1_891' title='bbox 1797 2960 1953 3005; x_wconf 85' lang='lat' dir='ltr'>Crispinus</span> <span class='ocrx_word' id='word_1_892' title='bbox 1966 2965 2074 2995; x_wconf 85' lang='lat' dir='ltr'>Diaco-</span> 
     </span>
     <span class='ocr_line' id='line_1_139' title="bbox 1180 3010 2074 3054; baseline 0 -8"><span class='ocrx_word' id='word_1_893' title='bbox 1180 3024 1239 3046; x_wconf 86' lang='lat' dir='ltr'>nus</span> <span class='ocrx_word' id='word_1_894' title='bbox 1251 3037 1262 3054; x_wconf 91' lang='lat'>,</span> <span class='ocrx_word' id='word_1_895' title='bbox 1289 3015 1481 3049; x_wconf 70' lang='lat' dir='ltr'>&amp;venerunt</span> <span class='ocrx_word' id='word_1_896' title='bbox 1495 3017 1620 3047; x_wconf 85' lang='lat' dir='ltr'>Notarii</span> <span class='ocrx_word' id='word_1_897' title='bbox 1633 3010 1774 3054; x_wconf 83' lang='lat' dir='ltr'>Episcopi</span> <span class='ocrx_word' id='word_1_898' title='bbox 1790 3010 1917 3054; x_wconf 70' lang='lat' dir='ltr'>Dioscuri</span> <span class='ocrx_word' id='word_1_899' title='bbox 1929 3035 1940 3052; x_wconf 90' lang='lat'>,</span> <span class='ocrx_word' id='word_1_900' title='bbox 1966 3013 2001 3046; x_wconf 70' lang='lat'>(9²</span> <span class='ocrx_word' id='word_1_901' title='bbox 2022 3013 2074 3047; x_wconf 79' lang='lat' dir='ltr'>de-</span> 
     </span>
     <span class='ocr_line' id='line_1_140' title="bbox 1178 3060 2068 3106; baseline 0 -10"><span class='ocrx_word' id='word_1_902' title='bbox 1178 3064 1319 3097; x_wconf 76' lang='lat' dir='ltr'>leverunt</span> <span class='ocrx_word' id='word_1_903' title='bbox 1340 3064 1462 3097; x_wconf 84' lang='lat' dir='ltr'>tabulas</span> <span class='ocrx_word' id='word_1_904' title='bbox 1485 3073 1583 3095; x_wconf 87' lang='lat' dir='ltr'>eorum</span> <span class='ocrx_word' id='word_1_905' title='bbox 1595 3085 1606 3101; x_wconf 90' lang='lat'>,</span> <span class='ocrx_word' id='word_1_906' title='bbox 1632 3063 1790 3106; x_wconf 69' lang='lat' dir='ltr'>&amp;digitos</span> <span class='ocrx_word' id='word_1_907' title='bbox 1809 3060 1990 3104; x_wconf 65' lang='lat' dir='ltr'>eornmpene‘</span> <span class='ocrx_word' id='word_1_908' title='bbox 2004 3061 2068 3103; x_wconf 78' lang='lat' dir='ltr'>fre·</span> 
     </span>
     <span class='ocr_line' id='line_1_141' title="bbox 1172 3111 2071 3158; baseline -0.002 -12"><span class='ocrx_word' id='word_1_909' title='bbox 1172 3122 1286 3158; x_wconf 80' lang='lat' dir='ltr'>gerunt</span> <span class='ocrx_word' id='word_1_910' title='bbox 1299 3137 1310 3154; x_wconf 92' lang='lat'>,</span> <span class='ocrx_word' id='word_1_911' title='bbox 1337 3116 1470 3146; x_wconf 81' lang='lat' dir='ltr'>volentes</span> <span class='ocrx_word' id='word_1_912' title='bbox 1493 3112 1593 3146; x_wconf 81' lang='lat' dir='ltr'>tollere</span> <span class='ocrx_word' id='word_1_913' title='bbox 1605 3113 1640 3145; x_wconf 59' lang='lat' dir='ltr'>(a</span> <span class='ocrx_word' id='word_1_914' title='bbox 1656 3111 1760 3148; x_wconf 82' lang='lat' dir='ltr'>thecas</span> <span class='ocrx_word' id='word_1_915' title='bbox 1769 3123 1867 3146; x_wconf 80' lang='lat' dir='ltr'>eorum</span> <span class='ocrx_word' id='word_1_916' title='bbox 1879 3137 1886 3144; x_wconf 95' lang='lat'><strong>.</strong></span> <span class='ocrx_word' id='word_1_917' title='bbox 1913 3116 1959 3146; x_wconf 85' lang='lat' dir='ltr'>Et</span> <span class='ocrx_word' id='word_1_918' title='bbox 1980 3121 2071 3154; x_wconf 80' lang='lat' dir='ltr'>neque</span> 
     </span>
     <span class='ocr_line' id='line_1_142' title="bbox 1177 3162 2071 3206; baseline -0.003 -9"><span class='ocrx_word' id='word_1_919' title='bbox 1177 3175 1274 3197; x_wconf 81' lang='lat' dir='ltr'>eorum</span> <span class='ocrx_word' id='word_1_920' title='bbox 1300 3163 1437 3196; x_wconf 64' lang='lat' dir='ltr'>Aliorum</span> <span class='ocrx_word' id='word_1_921' title='bbox 1457 3162 1645 3204; x_wconf 83' lang='lat' dir='ltr'>exemplaria</span> <span class='ocrx_word' id='word_1_922' title='bbox 1662 3168 1759 3205; x_wconf 84' lang='lat' dir='ltr'>accepi</span> <span class='ocrx_word' id='word_1_923' title='bbox 1778 3187 1790 3203; x_wconf 88' lang='lat'>,</span> <span class='ocrx_word' id='word_1_924' title='bbox 1816 3174 1909 3206; x_wconf 85' lang='lat' dir='ltr'>neque</span> <span class='ocrx_word' id='word_1_925' title='bbox 1935 3168 2007 3196; x_wconf 78' lang='lat' dir='ltr'>novi</span> <span class='ocrx_word' id='word_1_926' title='bbox 2030 3163 2071 3198; x_wconf 72' lang='lat' dir='ltr'>de</span> 
     </span>
     <span class='ocr_line' id='line_1_143' title="bbox 1177 3210 2070 3258; baseline -0.001 -12"><span class='ocrx_word' id='word_1_927' title='bbox 1177 3223 1281 3249; x_wconf 78' lang='lat' dir='ltr'>caetero</span> <span class='ocrx_word' id='word_1_928' title='bbox 1299 3213 1374 3257; x_wconf 85' lang='lat' dir='ltr'>quid</span> <span class='ocrx_word' id='word_1_929' title='bbox 1394 3212 1495 3246; x_wconf 71' lang='lat' dir='ltr'>aetum</span> <span class='ocrx_word' id='word_1_930' title='bbox 1509 3211 1566 3257; x_wconf 83' lang='lat' dir='ltr'>fit.</span> <span class='ocrx_word' id='word_1_931' title='bbox 1594 3211 1677 3258; x_wconf 85' lang='lat' dir='ltr'>Qae</span> <span class='ocrx_word' id='word_1_932' title='bbox 1685 3214 1800 3250; x_wconf 84' lang='lat' dir='ltr'>omnia</span> <span class='ocrx_word' id='word_1_933' title='bbox 1811 3215 1912 3248; x_wconf 87' lang='lat' dir='ltr'>etiam</span> <span class='ocrx_word' id='word_1_934' title='bbox 1925 3210 2070 3246; x_wconf 83' lang='lat' dir='ltr'>Aeacius</span> 
     </span>
     <span class='ocr_line' id='line_1_144' title="bbox 1178 3260 2071 3309; baseline -0.001 -12"><span class='ocrx_word' id='word_1_935' title='bbox 1178 3261 1370 3298; x_wconf 80' lang='lat' dir='ltr'>Ariarathiae</span> <span class='ocrx_word' id='word_1_936' title='bbox 1391 3263 1427 3297; x_wconf 88' lang='lat' dir='ltr'>in</span> <span class='ocrx_word' id='word_1_937' title='bbox 1450 3260 1591 3298; x_wconf 88' lang='lat' dir='ltr'>secunda</span> <span class='ocrx_word' id='word_1_938' title='bbox 1615 3264 1775 3299; x_wconf 86' lang='lat' dir='ltr'>Armenia</span> <span class='ocrx_word' id='word_1_939' title='bbox 1799 3263 1980 3309; x_wconf 86' lang='lat' dir='ltr'>Episcopus</span> <span class='ocrx_word' id='word_1_940' title='bbox 1990 3273 2071 3296; x_wconf 88' lang='lat' dir='ltr'>con·</span> 
     </span>
     <span class='ocr_line' id='line_1_145' title="bbox 1177 3312 2071 3357; baseline 0 -10"><span class='ocrx_word' id='word_1_941' title='bbox 1177 3314 1333 3349; x_wconf 85' lang='lat' dir='ltr'>firmavit.</span> <span class='ocrx_word' id='word_1_942' title='bbox 1361 3313 1473 3349; x_wconf 85' lang='lat' dir='ltr'>Etiam</span> <span class='ocrx_word' id='word_1_943' title='bbox 1497 3312 1668 3348; x_wconf 71' lang='lat' dir='ltr'>adversum</span> <span class='ocrx_word' id='word_1_944' title='bbox 1679 3315 1777 3351; x_wconf 68' lang='lat' dir='ltr'>factas</span> <span class='ocrx_word' id='word_1_945' title='bbox 1788 3324 1867 3349; x_wconf 85' lang='lat' dir='ltr'>tunc</span> <span class='ocrx_word' id='word_1_946' title='bbox 1878 3313 2046 3347; x_wconf 89' lang='lat' dir='ltr'>Dioscoro</span> <span class='ocrx_word' id='word_1_947' title='bbox 2058 3337 2071 3357; x_wconf 81' lang='lat'>,</span> 
     </span>
     <span class='ocr_line' id='line_1_146' title="bbox 1176 3363 2072 3409; baseline -0.001 -10"><span class='ocrx_word' id='word_1_948' title='bbox 1176 3375 1346 3409; x_wconf 89' lang='lat' dir='ltr'>tamquam</span> <span class='ocrx_word' id='word_1_949' title='bbox 1369 3363 1444 3399; x_wconf 86' lang='lat' dir='ltr'>fidei</span> <span class='ocrx_word' id='word_1_950' title='bbox 1468 3364 1502 3398; x_wconf 79' lang='grc' dir='ltr'>δε</span> <span class='ocrx_word' id='word_1_951' title='bbox 1525 3364 1709 3409; x_wconf 87' lang='lat' dir='ltr'>regularum</span> <span class='ocrx_word' id='word_1_952' title='bbox 1733 3363 1884 3405; x_wconf 84' lang='lat' dir='ltr'>custodi,</span> <span class='ocrx_word' id='word_1_953' title='bbox 1909 3363 2072 3399; x_wconf 79' lang='lat' dir='ltr'>acclama-</span> 
     </span>
     <span class='ocr_line' id='line_1_147' title="bbox 1175 3413 2066 3461; baseline 0 -15"><span class='ocrx_word' id='word_1_954' title='bbox 1175 3416 1284 3450; x_wconf 89' lang='lat' dir='ltr'>tiones</span> <span class='ocrx_word' id='word_1_955' title='bbox 1306 3415 1484 3449; x_wconf 71' lang='lat' dir='ltr'>intercessit</span> <span class='ocrx_word' id='word_1_956' title='bbox 1506 3413 1709 3451; x_wconf 86' lang='lat' dir='ltr'>Theodorus</span> <span class='ocrx_word' id='word_1_957' title='bbox 1732 3413 2066 3461; x_wconf 78' lang='lat' dir='ltr'>claudiopolitanus:</span> 
     </span>
     <span class='ocr_line' id='line_1_148' title="bbox 1178 3466 1493 3500; baseline -0.006 -2"><span class='ocrx_word' id='word_1_958' title='bbox 1178 3469 1249 3499; x_wconf 81' lang='lat' dir='ltr'>Haec</span> <span class='ocrx_word' id='word_1_959' title='bbox 1271 3466 1370 3500; x_wconf 84' lang='lat' dir='ltr'>nullus</span> <span class='ocrx_word' id='word_1_960' title='bbox 1393 3466 1473 3498; x_wconf 80' lang='lat' dir='ltr'>dixit</span> <span class='ocrx_word' id='word_1_961' title='bbox 1486 3489 1493 3496; x_wconf 89' lang='lat'><strong>.</strong></span> 
     </span>
    </p>

    <p class='ocr_par' dir='ltr' id='par_1_13' title="bbox 1226 3513 2069 3600">
     <span class='ocr_line' id='line_1_149' title="bbox 1226 3513 2069 3561; baseline 0.001 -12"><span class='ocrx_word' id='word_1_962' title='bbox 1226 3514 1320 3550; x_wconf 86' lang='lat' dir='ltr'>Fidei</span> <span class='ocrx_word' id='word_1_963' title='bbox 1342 3514 1471 3551; x_wconf 89' lang='lat' dir='ltr'>libellus</span> <span class='ocrx_word' id='word_1_964' title='bbox 1493 3515 1672 3552; x_wconf 87' lang='lat' dir='ltr'>latrocinio</span> <span class='ocrx_word' id='word_1_965' title='bbox 1692 3516 1732 3552; x_wconf 89' lang='lat' dir='ltr'>ab</span> <span class='ocrx_word' id='word_1_966' title='bbox 1743 3513 1932 3561; x_wconf 80' lang='lat' dir='ltr'>Eutychete</span> <span class='ocrx_word' id='word_1_967' title='bbox 1942 3513 2069 3550; x_wconf 83' lang='lat' dir='ltr'>exhibi-</span> 
     </span>
     <span class='ocr_line' id='line_1_150' title="bbox 1966 3576 2018 3600; baseline 0 0"><span class='ocrx_word' id='word_1_968' title='bbox 1966 3576 2018 3600; x_wconf 84' lang='lat' dir='ltr'>tus</span> 
     </span>
    </p>
   </div>
  </div>
 </body>
</html>
