2340 3736
69 2820 173 2860 Epiust
183 2840 192 2850 .

72 3386 207 3422 Epist-45.

633 84 939 143 Scuotus,
977 97 1042 129 ετ
1075 93 1250 129 Νοτιε
1284 94 1661 132 ILLUSTRATI.
1942 97 2008 144 97

628 262 1670 346 CANON·X1X.

238 501 245 507 ,
334 450 517 501 Ervenit
552 448 609 498 ad
642 463 765 501 auree
799 445 962 499 nostras
987 481 1002 506 ‚
1037 443 1159 512 quod
1194 446 1238 498 in
1274 444 1517 496 Provinciis
1553 443 1713 494 statuta
1747 442 2061 515 Episcoporum

368 521 574 571 Concilia
609 516 789 568 minime
824 515 1121 577 celebrentur,
1158 519 1202 565 &
1236 535 1289 566 ex
1325 516 1409 565 hoc
1445 516 1632 584 plurima
1667 515 1942 577 negligantur
1978 521 2063 566 Ec-

233 590 562 644 clesiasticarum
596 586 842 647 causarum,
878 604 976 654 quae
1010 587 1348 638 correfflonibus
1378 586 1628 650 indigeant.
1666 587 1877 635 Decrevit
1913 590 2065 654 itaque

235 661 378 711 sanCta
409 657 610 734 Synodus
645 693 659 719 ,
694 655 925 707 secundum
961 661 1163 706 Canones
1200 660 1377 705 Patrum
1411 656 1480 705 bis
1515 659 1562 705 in
1597 673 1714 714 anno
1748 653 1983 723 Episcopos
2020 661 2066 707 in

235 731 422 801 idipsum
455 733 501 782 in
536 745 891 797 unamquamque
926 729 1206 779 Provinciam
1240 728 1476 777 convenire
1511 763 1524 787 ‚
1572 744 1664 794 quo
1698 727 2067 795 Metropolitanus

236 803 476 871 Episcopus
513 799 794 867 probaverit,
828 803 872 850 &
907 800 1120 861 corrigere
1156 797 1319 861 singula
1333 834 1348 859 ,
1383 796 1416 846 fi
1451 813 1541 864 qua
1575 795 1759 846 fortaffis
1787 794 2037 846 emerserint
2054 833 2068 845 .

238 875 517 942 Qicumque
553 872 660 922 vero
695 889 785 921 non
820 867 1078 919 advenerint
1114 867 1318 938 Episcopi
1353 904 1367 928 ,
1401 866 1588 916 resident
1621 882 1769 916 autem
1803 870 1852 916 in
1887 865 1971 916 suis
2005 869 2070 916 ci-

235 939 446 993 vitatibus
485 977 498 1001 ‚
534 942 578 989 &
614 943 699 992 hoc
734 942 766 992 fi
801 942 847 990 in
882 937 954 990 sua
988 939 1294 990 incolumitate
1328 937 1562 987 consistunt
1596 974 1611 1000 ‚
1645 939 1858 1005 omnique
1892 939 2070 986 inexcu-

229 1010 359 1062 sabili
393 1015 437 1061 &
471 1012 701 1066 neceaffria
734 1011 1023 1083 occupatione
1062 1008 1301 1084 probantur
1343 1008 1469 1062 liberi
1501 1045 1523 1075 ,
1558 1007 1749 1059 fraterno
1782 1010 2077 1080 corripiantur

233 1082 418 1135 affeetu:

741 1376 1221 1447 CANON
1330 1373 1538 1438 XX*

380 1553 558 1602 Lericos
595 1556 641 1601 iu
677 1550 868 1602 Ecclesia
904 1549 1218 1610 ministrantes,
1255 1547 1363 1596 sicut
1398 1551 1485 1611 jam
1512 1546 1815 1596 constituimus
1835 1582 1848 1606 ,
1884 1547 1932 1594 in
1966 1547 2077 1596 alte:

415 1626 502 1672 rius
537 1625 736 1672 civitatis
771 1620 961 1670 Ecclesia
996 1620 1177 1669 statutos
1213 1617 1304 1667 fieri
1340 1634 1428 1666 non
1462 1632 1638 1684 oportet
1673 1638 1687 1676 3
1737 1615 1808 1665 sed
1842 1633 2079 1667 contentos

243 1692 352 1754 effe,
388 1697 435 1742 in
470 1691 630 1758 quibus
658 1693 716 1742 ab
750 1693 881 1741 initio
907 1690 1145 1739 ministrare
1179 1702 1452 1740 meruerunt:
1488 1689 1698 1755 Exceptis
1723 1687 1836 1747 illis,
1873 1691 1951 1755 qui
1976 1705 2079 1755 pro⁴

248 1765 364 1830 prias
411 1765 664 1811 amittentes
700 1762 951 1812 Provincias
986 1778 1039 1808 ex
1072 1758 1318 1808 necestitate
1364 1755 1421 1809 ad
1456 1759 1586 1806 aliam
1622 1756 1856 1806 Ecclesiam
1904 1758 2079 1807 transie-

242 1848 344 1882 runt
366 1868 379 1880 .
415 1834 459 1880 Si
495 1835 596 1899 quis
632 1848 779 1882 autem
814 1829 1053 1897 Episcopus
1091 1829 1186 1898 post
1222 1830 1334 1879 hanc
1368 1827 1668 1878 definitionem
1705 1826 1933 1894 susceperit
1972 1830 2077 1877 Cle-

246 1905 385 1952 ricum
421 1900 478 1952 ad
514 1903 649 1951 alium
685 1901 949 1971 Episcopum
987 1903 1281 1967 pertinentem
1317 1937 1331 1961 ,
1376 1899 1541 1967 placuit
1577 1903 1621 1947 δε
1657 1896 1899 1965 susceptum
1937 1901 1979 1946 &
2015 1897 2082 1947 su-

247 1972 501 2041 scipientem
537 1977 845 2022 communione
882 1973 1044 2038 privari
1079 2007 1092 2032 ,
1128 1969 1270 2020 donec
1305 1972 1342 2019 is
1375 2006 1390 2030 ,
1424 1971 1504 2037 qui
1540 1971 1804 2034 migraverat
1832 2006 1847 2033 ‚
1883 1969 2082 2021 Clericus

243 2042 304 2097 ad
338 2044 560 2111 propriam
597 2043 727 2093 fuerit
762 2040 961 2107 regressus
999 2041 1263 2092 Ecclesiam.

481 2219 508 2265 S
519 2218 561 2266 C
574 2220 618 2265 H
630 2222 676 2266 Ο
689 2221 726 2266 L
741 2221 761 2268 1
777 2223 824 2267 O
837 2222 886 2268 N
910 2253 929 2266 ⁶
1200 2216 1233 2252 di
1257 2219 1310 2262 spe
1329 2213 1518 2252 destructam
1530 2240 1542 2256 ,
1567 2215 1807 2261 dispersumque
1823 2218 1981 2261 populum
1995 2242 2005 2260 ‚
2032 2228 2084 2252 ne·

1201 2280 1262 2312 que
1275 2269 1418 2302 sufficere
1428 2266 1575 2311 quamvis
1586 2267 1652 2310 ejus
1665 2267 1876 2301 afflietionem
1887 2291 1897 2307 ‚
1924 2268 2087 2311 inopiam,

1198 2329 1254 2353 aut
1277 2318 1499 2360 captivitatem
1524 2317 1608 2351 intra
1626 2329 1742 2354 manus
1761 2316 1915 2358 hostiles,
1947 2318 2087 2361 ideoque

344 2364 447 2401 Anon
467 2364 612 2401 decimus
633 2378 743 2402 nonus
764 2369 810 2403 est
829 2367 1006 2403 innovatio
1022 2367 1129 2411 quinti
1200 2367 1394 2402 Arstardum
1415 2369 1478 2402 effe
1491 2367 1639 2401 Ecclesiae
1648 2367 1849 2402 Turonensis
1870 2380 1937 2403 non
1954 2369 2088 2412 Episco-

359 2415 514 2457 Nicaeni‚
541 2418 713 2462 vigesimus
735 2417 923 2453 moderatur
943 2429 1000 2452 aut
1023 2418 1131 2461 potins
1197 2430 1274 2462 pum
1299 2430 1337 2452 ac
1360 2419 1532 2457 maritum,
1564 2417 1618 2451 sal
1643 2418 1854 2452 fornicarium
1869 2443 1879 2459 ,
1906 2419 1940 2452 &
1964 2418 2088 2451 adulte-

244 2467 384 2510 exponit
405 2466 568 2502 decimum
590 2469 743 2510 quintum
763 2469 796 2503 &
818 2468 984 2503 decimum
1004 2469 1129 2503 sextum
1199 2480 1269 2503 rum
1283 2492 1294 2508 ‚
1320 2466 1409 2512 quod
1430 2466 1578 2502 Nanneti
1599 2466 1707 2502 adhuc
1718 2467 1841 2502 Comes
1851 2468 1908 2502 sub
1922 2468 2087 2512 vectigalis

246 2518 443 2556 Nicaenum,
470 2528 530 2549 nec
554 2528 622 2550 non
643 2518 784 2561 primum
805 2530 843 2552 ac
867 2519 1043 2553 secundum
1065 2519 1132 2553 Sar·
1200 2519 1359 2563 pensionis
1382 2529 1480 2552 onere
1494 2518 1698 2561 permittatur
1718 2517 1850 2552 residere
1870 2520 1887 2551 ὰ
1907 2517 2088 2552 Nortman-

245 2565 411 2601 dicenscm
425 2590 435 2606 ‚
462 2567 678 2611 quintumque
699 2567 793 2610 hujus
811 2568 938 2611 Synodi
952 2569 1111 2612 praesentis
1122 2594 1131 2610 ‚
1199 2570 1249 2603 nis
1261 2593 1272 2609 ‚
1297 2580 1394 2611 atque
1408 2568 1452 2601 ita
1469 2568 1582 2602 eadem
1599 2568 1672 2612 lege
1685 2567 1822 2611 poffit&
1835 2568 2013 2611 Episcopus
2025 2579 2090 2601 ma-

248 2616 361 2650 dicens
371 2615 588 2650 calamitatem
600 2615 753 2652 hostilem
765 2619 827 2652 effe
844 2620 971 2652 causam
983 2642 993 2658 ‚
1017 2630 1058 2652 ex
1069 2631 1132 2662 qua
1200 2630 1291 2653 nere.
1319 2619 1409 2652 Nam
1429 2617 1464 2650 &
1484 2617 1638 2651 secundas
1659 2618 1803 2651 carnales
1825 2618 1954 2661 nuptias
1968 2628 2089 2659 nequa-

247 2665 343 2700 liceat
363 2666 531 2701 translatio
553 2665 758 2701 Clericorum
782 2692 793 2709 ‚
818 2668 965 2711 adeoque
1002 2669 1036 2702 ἀ
1059 2669 1132 2712 Epi·
1198 2669 1295 2712 quam
1318 2668 1359 2702 ad
1384 2667 1494 2701 uxoris
1511 2691 1522 2707 ,
1549 2667 1625 2701 licet
1645 2667 1863 2712 gravissimam
1882 2691 1894 2707 ,
1920 2667 2088 2700 infirmita⁴

245 2717 437 2760 scoporum.
463 2716 558 2749 Hinc
580 2717 614 2750 ὃ(
635 2717 788 2762 Pelagius
799 2718 957 2752 secundus
973 2718 1152 2778 Pontifex]
1199 2729 1287 2759 tem,
1314 2717 1368 2751 sed
1389 2718 1431 2751 ad
1453 2717 1555 2751 solam
1574 2727 1713 2752 mortem
1735 2718 1787 2752 lex
1810 2717 2008 2761 Evangelica
2022 2727 2090 2759 per-

247 2765 399 2809 Benigno
422 2764 702 2811 Archi-Episcopo
724 2767 835 2802 scribit
858 2767 1005 2803 laudatos
1023 2768 1133 2802 Cano·
1199 2769 1320 2802 mittit.
1348 2768 1392 2801 Et
1403 2766 1568 2801 Adrianus
1587 2768 1746 2805 secundus
1758 2768 1913 2802 Pontifex
1926 2791 1938 2808 ‚
1963 2766 2090 2801 Arelat-

247 2827 303 2849 nes
324 2815 521 2850 Sardicenses
544 2827 600 2849 ncn
620 2818 657 2852 de
667 2817 716 2856 his
726 2819 841 2858 dicere,
867 2817 1058 2861 quipulfiaut
1069 2830 1125 2851 non
1197 2817 1231 2852 di
1244 2817 1454 2859 transferendi
1475 2817 1641 2852 licentiam
1653 2817 1835 2852 concedens
1846 2817 1969 2852 Carolo
1982 2817 2090 2852 Calvo

245 2871 350 2907 recepti
372 2867 392 2897 ἃ
414 2866 527 2899 civibus
539 2867 589 2899 vel
602 2867 878 2911 &quibuscumqun
905 2877 959 2901 aut
969 2870 1128 2908 neceffitate
1199 2870 1400 2902 Francorum
1426 2867 1536 2912 Regi,
1561 2868 1710 2902 addidit:
1736 2871 1768 2900 ,δι’
1789 2876 1890 2901 tamen
1903 2869 1967 2909 ejus
1989 2867 2091 2902 Eccle-
2106 2862 2239 2902 Epist-¹1-

245 2926 360 2959 togente
385 2916 437 2949 vel
454 2915 626 2950 auclorttate
649 2921 792 2958 majorum
812 2916 969 2961 transeunt
990 2930 998 2959 3
1021 2917 1080 2960 sed
1093 2920 1129 2952 de
1193 2918 1237 2959 fia
1254 2918 1374 2960 penitas
1389 2919 1490 2950 diruta
1511 2920 1587 2953 &in
1593 2916 1782 2960 solitudinem
1795 2918 1915 2951 redaela
1926 2919 1976 2961 effe
1989 2919 2090 2962 digno-

244 2965 316 3005 kts,
343 2971 395 3007 qui
413 2963 517 3008 spent?
530 2965 700 3007 profiliunt,
725 2977 781 3001 aut
802 2975 982 3002 temeritatis
1000 2979 1052 3001 aut
1066 2980 1130 3000 am·
1194 2967 1306 3011 scitur.
1332 2969 1376 3002 Et
1397 2966 1438 3001 de
1458 2969 1606 3002 Frotario
1627 2968 1672 3002 ob
1693 2968 1828 3001 fimilem
1841 2968 2057 3002 necessitatem
2072 2968 2090 3000 ὲ

246 3016 364 3049 bitionis
384 3014 470 3058 causa
482 3014 531 3048 hoc
534 3015 657 3056 faciunt
672 3042 679 3049 .
707 3017 813 3063 Lai-ge
831 3019 867 3051 &
877 3019 1040 3062 eleganter
1049 3030 1130 3052 con·
1202 3018 1423 3063 Burdigalensi
1436 3018 1477 3052 ad
1488 3018 1723 3052 Bituricensem
1740 3018 1915 3052 Ecclesiam
1927 3029 1983 3061 per
1997 3019 2093 3061 Joan-

245 3067 353 3099 firmat
368 3065 402 3098 in
415 3065 532 3099 litteris
542 3064 692 3100 adversus
717 3067 823 3102 Sancti
835 3066 983 3102 Arftardi
1001 3068 1020 3101 e
1041 3068 1136 3103 Nan·
1203 3080 1278 3103 nem
1288 3070 1443 3102 octavum
1465 3067 1505 3101 ad
1514 3067 1657 3110 ejusdem
1671 3068 1772 3113 Regis
1787 3079 1894 3111 preces
1905 3078 2019 3102 contra
2033 3068 2090 3109 Sy-

245 3115 368 3149 netenfi
390 3113 533 3148 Ecclesia
560 3117 808 3152 translationem
832 3118 874 3153 ad
898 3118 1133 3154 Turonensem
1200 3118 1281 3151 nodi
1303 3117 1556 3161 pontigonensis
1576 3118 1733 3159 judicium
1755 3118 1912 3151 translato
1933 3117 2040 3150 scribit
2053 3118 2088 3150 in

244 3165 448 3198 Hincmarus
467 3164 675 3200 Remenfium
689 3167 868 3210 Episcopus
878 3178 917 3201 ex
931 3167 1028 3202 verbo
1041 3169 1130 3211 Apo·
1201 3167 1346 3201 Ecclefiae
1357 3167 1526 3200 Remensis
1537 3167 1683 3201 Historia
1700 3167 1903 3202 Flodoardus
1917 3194 1920 3198 .
1947 3171 2088 3199 Frotario
2108 3175 2126 3202 L
2140 3184 2158 3208 4
2180 3182 2204 3203 c.
2222 3184 2242 3201 ι.

244 3214 321 3248 stoli
344 3214 385 3248 de
405 3214 562 3255 muliere,
589 3218 702 3249 Mortuo
723 3223 810 3258 viro,
835 3223 879 3251 cui
899 3219 986 3258 vult,
1013 3218 1107 3251 nubat
1120 3241 1131 3257 ‚
1204 3215 1388 3258 Bituricenfis
1412 3215 1539 3257 Ecclefia
1553 3217 1660 3258 fuerat
1679 3218 1725 3250 ad
1733 3226 1849 3259 tempus
1862 3220 2013 3259 &Joanne
2027 3220 2087 3249 Pa-

246 3275 287 3298 ex
308 3265 497 3298 austoritate
518 3264 626 3299 Sancti
639 3264 818 3310 Augustini
831 3292 841 3307 ‚
868 3277 965 3311 atque
975 3267 1129 3311 exemplo
1198 3276 1242 3309 pa
1261 3274 1384 3309 propter
1405 3265 1617 3307 Infestationem
1639 3267 1827 3300 barbaricam
1849 3268 1905 3299 tali
1916 3277 2012 3301 tenore
2023 3278 2091 3300 con·

245 3314 398 3359 Gregorii
409 3315 529 3358 Magni
540 3339 551 3355 ‚
572 3315 590 3348 a
604 3326 670 3357 quo
685 3316 807 3350 multos
820 3316 999 3362 Episcopos
1009 3317 1053 3352 ob
1066 3317 1132 3352 bel·
1204 3315 1273 3360 ceffa
1285 3341 1295 3357 ‚
1320 3325 1355 3350 ut
1364 3315 1421 3350 bac
1430 3325 1543 3351 remota
1555 3318 1712 3358 neceffitate
1721 3318 1756 3349 id
1765 3321 1854 3349 etiam
1865 3326 2063 3350 removeretur
2075 3341 2086 3356 ‚

245 3363 325 3398 licas
346 3364 516 3399 civitatum
540 3365 648 3398 ruinas
677 3365 804 3399 constat
824 3367 916 3400 fuisse
937 3368 1108 3403 translatos
1125 3392 1132 3400 .
1202 3367 1280 3409 quod
1303 3367 1441 3407 neceffitas
1453 3372 1648 3409 impetrarat.
1676 3368 1910 3408 Unde'praecepit
1923 3369 2011 3408 Papa
2021 3370 2084 3399 Ste-

72 3428 108 3455 C.
122 3436 133 3456 ι
143 3437 167 3459 1,
186 3432 230 3459 15,
247 3412 352 3448 Addit
363 3414 532 3448 civitatem
545 3413 661 3448 debere
672 3417 734 3449 effe
745 3415 949 3458 penitnsfine
968 3417 1132 3462 resurgen-
1197 3416 1319 3458 phamas
1350 3418 1459 3452 sextus
1486 3417 1625 3451 Fulconi
1656 3417 1808 3451 Remensi
1836 3428 1873 3452 ac
1901 3415 2083 3451 Aureliano

340 3463 442 3506 chrzst.
453 3467 530 3508 Lupi
540 3469 622 3507 Oper.
637 3467 712 3499 Tom.
725 3468 762 3498 H.
1180 3463 1186 3520 ι
1710 3466 1747 3499 Ν
1947 3467 1996 3500 Lu
2001 3477 2035 3511 g-
