2340 3736
195 396 197 398 .
239 363 398 410 gine'nsis:
430 366 468 396 Ut
482 360 646 404 Episcopus
653 360 896 403 gubernationem
912 358 1076 390 viduarum
1086 358 1120 390 Θ·

71 418 109 447 C.
121 427 162 451 ¹7·

602 175 997 239 Senotnsher
1032 183 1208 214 Nous
1244 180 1615 214 utusrnan.
1935 180 2002 223 69

1187 261 1282 287 terum
1300 261 1353 285 aut
1376 251 1638 286 Archi-Diaconum
1658 263 1732 299 agat
1745 280 1752 286 .
1781 254 1825 287 Et
1853 254 1954 287 etiam
1971 253 2071 287 hodie

1187 303 1271 347 apud
1297 305 1458 346 plerasque
1488 302 1640 337 Ecclefias
1673 305 1718 339 est
1745 304 1929 343 Defensor,
1958 305 2071 337 Advo0

1187 364 1277 388 catus
1291 379 1300 393 ‚
1328 355 1380 387 seu
1394 352 1592 387 Procurator
1611 364 1808 398 pauperum,
1836 354 1950 389 multis
1974 353 2072 397 privi-

1187 405 1281 450 legiis
1296 413 1447 438 ornatus.

243 265 337 300 nibus
357 260 593 297 miserabilibus
611 259 756 302 personis
779 259 844 293 sese
865 257 1002 304 praebere
1012 256 1123 291 affabi-

241 317 285 350 tes
302 315 341 365 ἐς
353 313 515 356 benignos
525 337 532 343 .
562 308 727 354 Adjungit
738 319 847 342 tamen
860 317 973 351 quarta
984 306 1122 340 Cartha-

233 415 415 461 pupillorum
437 423 495 447 non
513 409 732 454 perseipsum,
752 409 879 453 sedper
901 406 1120 445 Archi-Presby-

801 674 1283 743 CANON
1358 672 1527 740 IVA

338 798 340 801 ⁸
390 802 452 850 Ui
486 797 588 848 vere
626 802 669 847 δε
706 797 863 847 fincere
899 796 1152 859 singularem
1189 794 1401 844 secstantur
1436 796 1589 854 vitam,
1626 808 1925 861 competenter
1941 793 2075 841 hono-

424 885 596 921 rentur,
634 870 856 937 Qoniam
892 867 998 917 vero
1035 865 1217 932 quidam
1253 883 1423 917 utentes
1475 865 1628 913 habitu
1679 865 1955 923 monachali,
1993 867 2076 910 Ec-

242 941 471 991 clefiastica
520 941 723 1001 negotia,
757 940 994 1005 civiliaque
1045 937 1304 996 conturbat,
1342 940 1661 984 circumeuntes
1698 933 1992 986 indifferenter
2008 951 2077 981 ur-

240 1011 338 1071 bes,
375 1028 454 1060 nec
492 1027 580 1061 non
615 1013 658 1057 δε
694 1009 950 1060 monasteria
996 1007 1073 1056 fibi
1123 1007 1342 1055 instituere
1391 1022 1634 1055 tentantes:
1687 1007 1852 1074 placuit
1909 1005 2076 1052 nullum

240 1080 422 1148 quidem
458 1078 638 1147 usquam
674 1078 910 1139 aedificare,
947 1094 1022 1128 aut
1057 1077 1316 1125 constituere
1352 1075 1692 1136 monasterium,
1716 1074 2077 1125 veloratoriido-

240 1170 361 1201 mum
381 1188 394 1214 ,
430 1166 584 1219 praeter
618 1148 928 1202 conscientiam
965 1150 1162 1198 civitatis
1179 1145 1409 1214 Episcopi.
1446 1148 1691 1196 Monachos
1706 1146 1813 1196 vero
1834 1164 1910 1213 per
1924 1163 2076 1193 unam-

246 1239 471 1288 quamque
506 1222 734 1272 civitatem
770 1236 846 1270 aut
882 1223 1104 1283 regionem
1141 1216 1349 1282 subje&os
1397 1214 1476 1264 effe
1513 1215 1757 1288 Episcopo,
1804 1221 1846 1264 δε
1881 1218 2076 1281 quietem

243 1291 450 1354 diligere,
486 1294 529 1343 &
565 1292 758 1343 intentos
794 1288 875 1339 effe
912 1286 1222 1343 tantummodo
1274 1289 1439 1354 jejunio
1485 1291 1527 1336 &
1575 1288 1792 1346 orationi,
1841 1287 1887 1333 in
1936 1287 2075 1348 locis,

242 1361 404 1429 quibus
438 1363 801 1414 renunciaverunt
837 1359 1014 1420 saeculo,
1051 1374 1376 1429 permanentes,
1413 1375 1492 1405 nec
1508 1356 1815 1417 Ecclefiasticis
1851 1355 1956 1406 vero
1996 1374 2076 1404 nec

241 1430 512 1485 saecularibus
550 1432 737 1493 negotiis
773 1434 1126 1489 communicent,
1163 1429 1235 1481 vel
1270 1431 1315 1477 in
1351 1429 1503 1494 aliquo
1553 1427 1635 1476 fint
1671 1426 1837 1477 molesti
1849 1463 1863 1486 ‚
1900 1429 2078 1493 propria

242 1501 501 1555 monasteria
537 1500 804 1551 deserentes:
843 1501 919 1550 nisi
957 1501 1070 1551 forte
1115 1500 1183 1548 his
1217 1500 1493 1566 praecipiatur
1527 1512 1704 1565 propter
1750 1514 1859 1564 opus
1896 1495 2079 1545 necessa-

242 1575 356 1621 rium
395 1572 452 1626 ab
488 1571 706 1640 Episcopo
741 1575 936 1622 civitatis
959 1609 970 1619 .
1009 1572 1194 1623 Nullum
1231 1569 1337 1621 vero
1374 1571 1564 1635 recipere
1601 1571 1645 1615 in
1682 1566 1947 1617 monasteriis
1996 1566 2078 1616 ser-

234 1659 376 1702 vum,
413 1658 462 1693 ut
498 1641 550 1691 fit
586 1660 685 1690 cum
721 1644 783 1690 eis
820 1642 1023 1691 monachi
1058 1641 1270 1699 obtentu,
1306 1655 1457 1706 praeter
1474 1637 1535 1690 sui
1558 1637 1725 1686 domini
1741 1635 2078 1686 conscientiam.

243 1710 646 1773 Transgredientcm
673 1712 777 1760 vero
815 1712 925 1761 hanc
961 1711 1257 1760 definitionem
1294 1710 1509 1768 nostram,
1544 1710 1969 1757 excommunicatum
1993 1706 2078 1757 esse

240 1780 535 1841 decernimus,
574 1798 626 1829 ne
663 1797 821 1830 nomen
858 1783 946 1830 Dei
983 1781 1300 1848 blasphemetur
1321 1817 1332 1828 .
1369 1786 1683 1830 Verumtamen
1698 1777 1961 1846 Episcopum
1976 1795 2080 1827 con-

242 1854 363 1902 venit
399 1853 622 1916 civitatiS,
659 1867 982 1923 competentem
1019 1851 1373 1903 monasteriorum
1410 1849 1735 1922 providentiam
1771 1867 1943 1914 gerere.

465 2025 545 2072 SC
559 2027 604 2074 H
616 2027 662 2072 O
676 2027 712 2075 L
730 2028 805 2073 10
818 2027 868 2075 N
884 2061 895 2075 ι
1194 2025 1360 2059 cinensern
1375 2049 1382 2055 .
1421 2028 1524 2056 Omnis
1547 2025 1673 2057 traditio
1703 2025 1852 2068 religionis
1879 2026 2016 2056 novitate
2046 2033 2082 2056 ac
2101 2025 2183 2065 Epist.
2203 2037 2250 2060 41.

1192 2082 1318 2108 raritate
1336 2081 1418 2118 viget
1429 2075 1571 2115 &floret3
1600 2080 1782 2115 antiquitate
1803 2076 1837 2106 (5·
1852 2072 2052 2114 numerositate
2066 2098 2076 2112 ,

1195 2125 1385 2167 nifidtstric‘lb
1408 2127 1513 2167 ligetur
1534 2126 1569 2156 (θ’
1591 2123 1746 2165 servetur,
1779 2122 1915 2166 frigescit
1950 2134 1985 2154 ac
2005 2124 2080 2155 vile-

357 2169 547 2205 onasticam
566 2170 794 2214 professionem
808 2172 869 2206 effi:
880 2173 1043 2208 coelestem
1054 2172 1131 2207 Phi·
1186 2173 1261 2217 scit.
1291 2174 1410 2207 Gentis
1431 2173 1665 2215 multiplicatio
1689 2172 1807 2208 laetitiae
1833 2173 2075 2217 magnificatio-

321 2228 324 2234 '
381 2218 591 2262 Iosophiarn,
619 2221 718 2254 vitam
733 2222 953 2266 Angelicam‚
969 2234 1131 2257 arcanam·
1193 2235 1267 2257 nem
1288 2224 1485 2267 quandoque
1507 2221 1695 2256 subnervat.
1724 2223 1892 2271 roirca
1920 2235 1986 2256 non
2017 2223 2076 2256 nist

241 2279 302 2314 que
323 2269 529 2304 &Divinam
543 2294 553 2309 ,
579 2271 665 2304 coelo
687 2269 849 2315 delapsam
863 2297 872 2311 ,
912 2274 996 2316 inter
1018 2272 1127 2307 Eccle·
1195 2274 1250 2308 sub
1273 2274 1458 2317 Episcopali
1482 2273 1582 2307 oculo
1609 2273 1643 2307 &
1666 2275 1820 2308 examine
1840 2274 1996 2317 congruit
2008 2284 2079 2306 mo-

240 2319 364 2354 nastica
382 2330 577 2355 ornamenta
606 2320 746 2362 lapidem
767 2322 802 2356 &
834 2321 947 2356 florem
975 2324 1129 2368 pretiosis-
1195 2324 1330 2358 nasteria
1352 2322 1581 2366 multiplicari.

240 2371 382 2411 fimum,
408 2380 492 2403 nova
513 2381 591 2405 curn
612 2370 688 2405 Deo
712 2372 783 2415 post
798 2372 1000 2415 Baptismum
1023 2374 1131 2416 pasta,
1245 2372 1349 2407 Addit
1372 2374 1513 2408 Canon:
1542 2374 1597 2407 Vel
1606 2378 1739 2408 oratorii
1760 2376 1895 2407 domum.
1925 2373 2076 2417 Exponit

242 2419 388 2454 hominis
422 2420 687 2456 immolationem
718 2423 753 2455 in
789 2422 852 2455 Dei
879 2420 1129 2463 holocaustum,
1194 2425 1311 2468 quinta
1343 2424 1496 2467 synodus
1524 2423 1820 2469 Carthaginenfis.
1858 2425 1976 2456 Placuit
1999 2449 2009 2464 ,
2045 2433 2079 2457 ut

241 2470 381 2514 ideoque
400 2471 596 2505 monasteria
631 2472 695 2505 effe
727 2472 801 2507 coeli
829 2472 949 2513 scalas,
978 2473 1131 2507 Ecclefiae
1193 2476 1326 2515 altaria,
1353 2486 1420 2516 quae
1437 2475 1538 2515 passim
1547 2482 1604 2516 per
1624 2487 1709 2517 agros
1723 2484 1776 2507 aut
1804 2481 1894 2518 vias„
1923 2484 2078 2516 tamquam

242 2528 381 2564 portus,
409 2520 475 2554 Dei
506 2520 668 2563 paradisos
690 2546 701 2561 ‚
727 2523 973 2566 animarumque
1011 2523 1127 2557 vivaria
1193 2531 1339 2558 memoriae
1350 2535 1549 2563 mortuorum,
1577 2525 1812 2565 constituuntur,
1841 2524 1990 2566 inquibus
2015 2525 2078 2556 nul-

241 2569 355 2614 paffim
366 2570 474 2605 Sancti
486 2570 595 2605 Patres
606 2572 779 2607 testantur.
809 2573 920 2620 Quare
942 2573 1037 2616 huius
1061 2574 1131 2607 vitae
1192 2577 1254 2608 lum
1266 2584 1368 2616 corpus
1390 2584 1444 2607 aut
1454 2576 1585 2617 reliquiae
1612 2578 1771 2612 Martyrum
1794 2576 1921 2607 conditae
1946 2573 2075 2615 proban-

241 2630 336 2653 veros
356 2618 391 2654 &
412 2620 565 2663 synceros
586 2622 756 2657 seiiatotes
779 2622 897 2656 Canon
912 2624 1029 2657 merito
1042 2635 1127 2657 man·
1192 2633 1242 2658 tur
1254 2649 1265 2664 ,
1291 2625 1329 2657 ab
1341 2624 1496 2667 Episcopis
1510 2649 1520 2664 ,
1542 2630 1593 2666 qui
1603 2623 1710 2666 eisdem
1718 2625 1785 2657 locis
1792 2622 1931 2665 praesunt
1943 2648 1952 2662 ,
1973 2623 2077 2664 fifieri

241 2669 299 2703 'dat
319 2679 544 2715 competenter
567 2667 741 2705 honorari.
768 2672 955 2715 Compescit
969 2673 1046 2707 vero
1057 2685 1131 2714 eos,
1189 2674 1299 2717 potest,
1327 2683 1520 2708 evertantur.
1547 2676 1686 2707 siautem
1699 2675 1732 2706 ob
1759 2675 1903 2706 tumultus
1912 2674 2074 2715 populares

245 2719 302 2762 qui
315 2730 416 2762 nuper
425 2730 501 2754 cum
514 2719 665 2763 Eutyche
686 2721 720 2755 &
735 2722 887 2756 Barsuma
910 2725 1130 2767 conspirantes
1195 2737 1252 2758 non
1257 2724 1366 2766 finitur
1376 2749 1386 2765 ,
1416 2725 1521 2758 Plebes
1533 2735 1635 2757 tomen
1647 2726 1863 2757 admoneantur
1876 2748 1884 2762 ‚
1913 2734 1949 2756 ne
1969 2724 2023 2755 illa
2038 2724 2076 2755 lo-

244 2779 380 2803 omnem
390 2770 595 2805 orientalem
627 2771 803 2807 Ecclesiam
826 2771 987 2808 horrende
1011 2785 1132 2817 pertur-
1195 2787 1229 2807 ea
1243 2774 1459 2817 frequentent,
1488 2784 1523 2807 ut
1533 2780 1584 2816 qui
1595 2774 1669 2808 νεέῖἑ
1675 2774 1819 2818 sapiunt,
1842 2775 1923 2806 nulla
1933 2773 1973 2805 ibi
1978 2771 2080 2815 super-

243 2816 377 2859 barant,
414 2820 447 2854 δε
468 2820 487 2853 ὲ
507 2820 627 2864 quibus
659 2822 809 2866 graviora
845 2835 915 2856 non
938 2824 1004 2858 fine
1031 2824 1128 2858 caufis
1190 2826 1308 2866 stitione
1319 2825 1453 2857 devinc‘li
1475 2834 1652 2858 teneantur.
1679 2828 1725 2857 Et
1737 2827 1855 2856 omnino
1882 2817 2077 2856 nullam'emo-

242 2868 431 2903 metuebat.
458 2870 543 2917 Quis
555 2872 643 2904 enim
659 2873 787 2916 ignoret
811 2871 995 2908 barbaricos
1017 2885 1129 2908 motus
1195 2881 1242 2907 ria
1266 2879 1428 2914 Martyrum
1441 2874 1636 2916 probabiliter
1657 2882 1823 2916 acceptetur
1845 2898 1855 2913 ,
1881 2871 1937 2915 nisi*
1957 2883 2012 2906 aut
2038 2873 2080 2905 ibi

242 2921 261 2956 ὲ
282 2916 452 2953 monachis
473 2918 727 2964 Eutychianistis
753 2922 823 2966 post
847 2922 933 2957 hanc
958 2925 1128 2968 Synodurn
1193 2933 1296 2967 corpus
1321 2950 1331 2964 ,
1357 2934 1408 2957 aut
1443 2927 1554 2968 aliquae
1579 2934 1668 2958 certae
1690 2926 1823 2966 reliquiae
1842 2922 1899 2963 sint
1922 2948 1932 2963 ,
1961 2932 2014 2955 aut
2031 2924 2081 2956 ubi

242 2970 427 3004 concitatos
439 2967 663 3012 Alexandriae‚
690 2972 958 3015 Hierosolymis,
987 2986 1039 3017 per
1062 2986 1131 3008 om-

242 3030 319 3053 nem
343 3018 545 3054 Palaestinam
566 3031 664 3065 atque
679 3020 894 3068 AEgyptum?
922 3024 980 3058 Eis
1003 3036 1133 3068 compe-

242 3069 369 3103 scendis
383 3069 502 3102 Canon
518 3072 601 3105 varia
613 3072 725 3108 statuit
739 3098 746 3107 .

1195 2982 1275 3018 origo
1285 2976 1408 3016 alicujus
1419 2974 1615 3008 habitationis
1633 2999 1642 3014 ‚
1670 2976 1721 3007 vel
1736 2975 1926 3018 poffeffionis,
1953 2975 2006 3006 vel
2010 2971 2082 3015 pas-

1189 3025 1301 3066 sionis,
1322 3025 1484 3067 fideltffima
1508 3031 1624 3068 origine
1647 3026 1798 3059 traditur.
1826 3027 1912 3063 Nam
1939 3035 2005 3065 quae
2026 3032 2080 3065 per

1192 3075 1310 3118 somma
1325 3077 1358 3109 (9⁴
1374 3083 1432 3116 per
1441 3082 1546 3108 inanes
1560 3073 1646 3116 quast
1668 3076 1860 3109 revelationes
1888 3074 2080 3117 quorumlibet

292 3118 429 3159 Primo,
457 3129 493 3155 ut
515 3120 642 3156 nullum
657 3121 809 3167 deinceps
832 3123 888 3158 fiat
913 3136 1038 3159 novum
1065 3136 1134 3159 mo-

243 3169 418 3203 nasterium
441 3169 506 3203 fine
522 3169 654 3205 licentia
676 3172 831 3217 Episcopi
845 3199 853 3207 ,
881 3175 936 3208 Est
953 3176 1109 3218 antiquus
1122 3200 1131 3215 ‚

243 3229 276 3253 at
298 3219 354 3263 qui
369 3218 453 3263 apud
475 3218 662 3254 orientales
686 3221 719 3255 in
732 3223 984 3259 dissuetudinem
997 3224 1131 3264 abierat,

243 3270 383 3303 Canon.
413 3269 548 3304 Etenim
573 3267 633 3304 hac
659 3271 796 3315 Synodo
817 3273 943 3308 dudum
955 3276 1042 3318 prior
1055 3277 1133 3309 San-

243 3320 312 3353 stus
336 3318 542 3363 Augustinus
566 3320 694 3354 nullum
716 3322 750 3355 in
774 3322 887 3358 Africa
898 3324 1132 3360 monasterium

244 3368 438 3407 constituit,
471 3370 528 3404 nili
542 3369 582 3405 de
595 3370 724 3406 licentia
743 3371 979 3416 Episcoporum
993 3399 1000 3406 .
1030 3375 1131 3421 Qod

246 3419 349 3459 ipsum
373 3419 477 3463 rigide
504 3420 708 3454 confirmavit
732 3422 885 3464 Synodus
907 3423 1131 3458 Tridentina.

245 3466 382 3502 Causam
405 3469 517 3503 scribit
540 3470 674 3505 Saneius
695 3471 752 3504 lvo
776 3472 986 3507 Carnotenfis
1004 3474 1135 3515 Episco-

247 3528 305 3560 pus
324 3518 358 3550 in
384 3519 499 3554 litteris
531 3520 572 3555 ad
593 3520 786 3557 Goffredum
815 3521 979 3558 Abbatem
1006 3524 1134 3559 Vindo-

1195 3125 1344 3157 hominum
1368 3125 1473 3166 ubique
1493 3124 1704 3164 constituuntur
1733 3126 1849 3158 Altaria
1862 3149 1872 3164 ,
1898 3125 2014 3156 omnino
2037 3134 2080 3155 re—

1192 3175 1352 3216 probentur
1365 3198 1372 3205 .
1399 3174 1493 3209 Hinc
1508 3175 1548 3208 ad
1572 3185 1731 3208 novorum
1744 3177 1940 3209 erestionem
1960 3173 2080 3207 merito

1196 3224 1314 3258 Canon
1327 3224 1462 3267 requirit
1476 3236 1613 3258 examen
1637 3224 1843 3267 acjudiciurn
1868 3223 2078 3265 Episcopale.

1197 3273 1312 3307 Potius
1334 3285 1443 3308 tamen
1469 3285 1553 3307 nova
1572 3275 1825 3313 monasteriola,
1851 3283 1950 3313 quam
1976 3272 2082 3316 super-

1196 3324 1361 3357 stitionem
1372 3324 1477 3357 voluit
1488 3323 1652 3359 cohibere.
1678 3322 1781 3371 Qod
1796 3333 1935 3367 namque
1948 3322 1987 3356 ad
2001 3323 2082 3366 ejus-

1194 3373 1286 3407 modi
1316 3385 1372 3417 per
1398 3375 1572 3409 Orientem
1606 3375 1735 3408 Altaria
1759 3398 1769 3412 ,
1798 3374 1953 3408 Oratoria
1978 3397 1988 3412 ‚
2025 3373 2082 3406 seu

1196 3423 1347 3467 Capellas
1370 3426 1609 3458 consueverunt
1632 3422 1787 3457 monachi
1814 3422 1979 3457 nidificare
2006 3446 2016 3461 ,
2046 3423 2083 3455 li-

1194 3484 1268 3517 quet
1292 3486 1333 3507 ex
1357 3476 1471 3518 quinta
1501 3474 1595 3516 hujus
1620 3475 1747 3517 Synodi
1775 3473 1937 3513 Aetione,
1964 3472 2017 3505 ubi
2029 3472 2083 3505 ad-

1197 3523 1324 3559 versum
1363 3524 1522 3568 quosdam
1561 3523 1743 3559 monachos
1784 3520 2050 3567 Eutychianistas
2073 3547 2086 3563 ,

1946 3573 2032 3606 usur-
