2340 3736
632 125 696 154 DE
733 119 957 167 Quum-A
992 105 1235 150 SYNono
1269 119 1582 155 GENERALI.

207 198 400 247 stinguenda
420 200 494 233 sunt
513 203 659 238 tempora
688 206 698 226 .·
725 191 837 227 Priora
859 214 870 230 ‚
895 189 1011 234 quibus
1031 189 1076 244 ob

207 249 437 287 turbandarum
450 245 662 281 Ecclesiarum
685 241 862 286 periculum
874 241 890 273 a
903 239 1078 274 Theodori

206 299 417 335 damnatione
436 297 545 331 cessari
567 293 782 337 dispensative
804 291 928 325 censuit
948 291 1078 324 Sanstus

208 348 374 393 Cyrillus;
399 346 621 389 &posteriora
636 369 647 385 ‚
669 342 786 387 quibus
808 341 902 374 illum
924 339 1078 373 damnan-

206 399 285 434 dum
295 396 444 435 censuit,
470 393 665 439 quotidiano
679 391 869 427 Nestoriani
892 390 1005 423 veneni
1032 389 1078 422 in-

207 456 374 483 cremento
397 455 559 490 permotus
580 470 586 476 .
613 444 657 478 Et
680 442 759 477 hinc
780 439 900 482 Cyrilli
923 438 964 472 ad
987 438 1082 480 Joan-

208 508 284 532 nem
297 494 485 531 Antiochiae
499 493 692 529 Antistitem
703 490 883 534 Epistolam
897 512 908 528 ,
932 488 950 521 a
961 488 1082 521 Facun-

206 548 251 582 do
272 545 497 590 Hermianenfi
522 545 686 589 Episcopo
706 542 740 575 δε
770 538 891 582 Vigilii
911 537 1082 593 Pontificis

209 596 401 631 Constituto
422 594 586 629 laudatam
608 616 620 632 ,
646 589 797 625 existimo
824 598 893 622 non
919 589 980 622 effe
1005 587 1081 619 fiesti-

207 648 287 680 tiam
311 672 319 679 .
349 645 513 679 Existimo
539 643 660 684 scriprae
687 639 728 673 ad
752 639 902 672 Sanctum
928 636 1081 671 Proclum

209 694 362 740 Epistolae
373 705 508 730 coevam
520 717 532 734 ,
559 693 592 726 &
611 691 653 725 ad
673 689 778 733 priora
798 687 856 722 ista
875 697 1021 731 tempora
1037 698 1083 721 re-

207 743 369 780 ferendam
382 770 389 778 .
1049 784 1056 791 ι

258 795 400 830 Addidit
421 790 618 827 Theodorus
640 786 821 832 Cappadox
842 785 910 820 haec
935 785 1003 820 duo
1024 785 1084 820 dis-

208 844 405 890 pensationis
423 843 457 876 &
484 841 588 875 liberae
610 838 739 883 justitiae
759 847 905 880 tempora
929 837 1029 869 etiarn
1043 834 1083 868 ab

209 894 280 928 aliis
299 893 446 927 Ecclefiae
466 890 615 924 Patribus
633 900 708 933 erga
726 887 806 921 alios
819 887 981 920 Erroneos
992 885 1084 919 fuisse

210 943 349 978 exercita
361 967 368 974 .
396 941 532 976 Etenim
552 940 593 974 de
612 938 820 982 Apollinario
842 935 989 970 Ecclefiae
1002 935 1086 968 Lao-

209 993 344 1028 dicensis
367 992 529 1035 Episcopo
552 989 702 1024 haeretico
724 987 833 1021 scribit
846 985 888 1020 ad
909 984 1086 1019 Ecclesiam

209 1039 458 1077 Antiochenam
480 1041 613 1075 sanstus
636 1036 831 1072 Athanasius
844 1049 854 1069 .·
881 1036 1014 1069 Aderant
1029 1044 1087 1069 no-

210 1092 279 1127 strae
289 1091 424 1136 Synodo
437 1090 669 1127 Alexandrinae
679 1090 713 1122 ὦ·
723 1089 834 1129 aliquot
843 1084 975 1118 monachi
990 1109 1000 1125 ‚
1011 1087 1040 1116 E
1039 1090 1088 1125 pt-

207 1141 284 1185 stopt‘
306 1142 483 1184 Apollinaris
508 1147 542 1173 in
564 1138 615 1172 hoc
634 1136 730 1180 ipsum
753 1136 826 1175 Mtffi
836 1160 843 1167 .
872 1135 939 1168 Eos
959 1134 1088 1188 laudat,

210 1191 301 1236 quod
323 1192 438 1226 cuneta
460 1189 532 1224 istic
551 1189 638 1223 edita
651 1187 864 1222 Ecclefiarum
875 1185 1089 1228 pacificatoria

213 1243 340 1275 decreta
352 1238 530 1284 plenissime
540 1236 783 1281 comprobarint
796 1261 803 1268 .
831 1235 875 1268 Et
903 1245 1015 1275 tamen
1036 1243 1091 1276 po-

211 1290 279 1325 stea
297 1300 373 1325 eum
393 1289 497 1332 ipsum
519 1287 763 1331 Apollinarium
796 1284 914 1327 scripto
936 1283 970 1316 δε
992 1280 1091 1316 verbo

213 1337 376 1374 duriffime
397 1339 566 1372 insectatus
591 1337 636 1371 est
649 1335 737 1370 idem
748 1331 964 1372 Athanasius,
989 1333 1093 1367 excla-

213 1400 308 1424 mans
326 1390 361 1423 in
382 1387 451 1431 ejus
475 1388 649 1432 dogmata:
675 1382 905 1428 ,Quisinfernus
918 1381 971 1424 ista
982 1382 1091 1416 erudia-

215 1440 296 1473 vit?
332 1435 507 1473 Ambobus
533 1437 629 1471 illum
654 1435 762 1469 modis
788 1433 935 1467 tractavit
960 1434 1094 1467 sanetus

216 1488 317 1523 etiam
332 1487 497 1528 Basilius,
521 1485 562 1522 de
585 1486 688 1520 nimia
709 1495 785 1519 cum
797 1483 865 1526 ipso
876 1482 1095 1517 familiaritate

215 1539 278 1572 sese
285 1536 375 1581 apud
396 1537 553 1581 plurimos
563 1546 744 1580 expurgare
755 1533 961 1577 compulsus.
988 1536 1095 1564 Etiam

212 1590 277 1634 ‘Leo
295 1586 409 1630 sanc‘i'ae
432 1592 577 1620 memoriae
599 1588 688 1627 Papa
705 1577 882 1625 antiquioris
894 1580 1096 1624 Roma-<asu-

213 1636 307 1680 scepit
326 1635 492 1677 Eutychen,
519 1638 554 1670 (a
576 1643 675 1668 tamen
697 1633 793 1676 posted
813 1634 1039 1671 condemnavit,
1064 1631 1097 1663 (θ’

218 1685 490 1720 anathemattzavtt
502 1695 657 1727 tamquam
668 1683 856 1717 baereticum.
883 1680 1010 1716 Eodem
1030 1691 1097 1714 mo-

219 1737 265 1770 do
274 1738 345 1776 jam
371 1744 488 1777 tempus
500 1759 511 1775 ‚
536 1736 614 1777 quod
625 1736 710 1767 circa
730 1730 907 1766 Theodori
918 1730 1097 1766 damnatio-

219 1795 297 1819 nem
309 1783 522 1828 dispensatione
531 1786 688 1827 indigeret,
700 1782 879 1826 praeteriiffe
890 1779 973 1814 dixit
985 1779 1098 1814 Theo-

220 1835 317 1870 dorus
330 1834 511 1878 Cappadox
525 1859 532 1866 .
558 1833 720 1875 Eumjam
733 1830 774 1865 ab
785 1831 877 1864 omni
890 1830 1030 1864 Ecclesia
1043 1854 1053 1869 ‚
1064 1830 1098 1863 ἀ

221 1883 290 1918 istis
301 1884 397 1927 ipsis,
422 1884 479 1928 qui
491 1884 579 1928 prius
592 1883 762 1917 laudarant
781 1905 792 1921 ,
818 1879 966 1914 Patribus
987 1878 1097 1913 haberi

220 1934 330 1980 palam
347 1932 554 1974 haereticum,
581 1932 721 1976 ideoque
743 1929 872 1974 penitus
894 1928 1101 1964 anathemate

220 1983 426 2018 feriendum.
455 1982 650 2027 Exemplum
670 1979 864 2023 Eutychetis
891 1979 931 2013 ad
952 1991 1019 2014 rem
1031 1990 1099 2013 non

223 2031 364 2067 faciebat
385 2047 396 2065 .·
422 2033 507 2066 Eum
523 2031 643 2076 quippe
670 2056 682 2072 ,
716 2030 887 2074 postquam
908 2030 992 2063 male
1015 2031 1100 2063 olere

224 2083 325 2125 coepit
342 2105 354 2122 ,
379 2082 512 2116 Sanitus
533 2082 602 2115 Leo
624 2080 778 2116 Pontifex
801 2089 969 2124 nunquam
989 2079 1102 2114 tolera-

225 2132 274 2166 vit
286 2156 296 2172 ,
320 2130 422 2175 longe
434 2131 545 2166 minus
556 2129 703 2176 probavit
717 2155 724 2164 .

275 2181 460 2225 Praecipuus
477 2181 662 2224 quaestionis
682 2178 787 2215 nodus
798 2188 886 2219 erat,
912 2178 968 2213 An
990 2177 1100 2213 Theo·

225 2231 325 2265 dorus
347 2230 418 2274 post
440 2242 579 2265 mortem
603 2232 704 2275 posset
727 2230 768 2264 ab
782 2231 923 2265 Ecclesia
935 2228 1104 2264 damnari?

226 2281 322 2315 Poffe
344 2280 507 2323 respondit
528 2281 615 2315 idem
636 2279 837 2314 Theodorus
859 2279 1105 2323 Archi-Episco-

227 2341 308 2374 pus,
333 2328 546 2374 probavitque
566 2330 716 2374 exemplo
739 2330 892 2374 origenis
918 2353 928 2368 ‚
954 2340 1050 2373 quem
1071 2329 1103 2362 ὃ(

230 2379 312 2413 olim
333 2390 408 2414 cum
432 2380 486 2413 sua
508 2379 713 2425 AEgyptiaca
731 2379 868 2423 Synodo
891 2378 1103 2422 Theophilus

229 2428 434 2464 Alexandriae
444 2428 630 2464 Patriarcha
640 2454 650 2471 ,
676 2431 709 2463 &
720 2440 822 2472 nuper
834 2430 843 2462 i
849 2428 892 2473 pfi
906 2427 983 2462 huic
997 2429 1100 2472 Syno-

229 2479 274 2513 do
295 2480 459 2522 praesentes
483 2479 634 2522 Episcopi
655 2477 846 2513 damnarant
866 2503 877 2519 ‚
904 2478 938 2511 &
959 2478 1103 2523 Vigilius

230 2528 389 2563 Pontifex
409 2529 633 2563 confirmarat.
661 2527 785 2562 Verum
804 2537 872 2563 erat
885 2529 978 2562 causa
988 2529 1101 2571 dispar:

229 2577 364 2612 Etenim
374 2578 534 2622 Origenes
542 2587 632 2612 extra
643 2602 654 2618 ,
681 2576 880 2612 Theodorus
894 2577 979 2612 intra
991 2578 1099 2612 Eccle-

231 2627 279 2660 fiae
302 2628 572 2661 communionem
592 2627 626 2660 ὅσ
646 2638 759 2671 pacem
780 2627 945 2661 dicebatur
966 2628 1029 2661 esse
1051 2628 1101 2661 de-

231 2677 359 2710 sunstus
372 2700 379 2707 .
407 2677 567 2720 Reposuit
580 2676 656 2711 vero
678 2676 764 2711 idem
786 2676 1101 2720 Archi-Episcopus:

232 2728 328 2769 ,Quod
343 2727 452 2759 dicitur
471 2727 491 2758 ἃ
513 2725 707 2769 quibusdam,
732 2731 802 2769 quia
815 2732 847 2758 in
866 2728 1103 2760 communione&

229 2785 305 2818 pace
325 2774 513 2815 Ecclefiarum
532 2776 686 2818 desanaus
710 2776 749 2816 est
769 2775 932 2809 Theodorus
945 2799 955 2816 ‚
982 2778 1103 2810 menda-

233 2831 308 2858 cium
318 2824 357 2866 est
374 2827 408 2859 (ἓν
419 2827 566 2859 calumnia
576 2832 672 2870 magis
684 2826 830 2860 adversus
844 2824 1018 2866 Ecclefiam.
1048 2826 1102 2859 Ille

234 2880 312 2908 enim
336 2879 368 2907 in
387 2881 638 2910 communicatione
658 2878 692 2909 (5
707 2884 781 2917 pace
795 2874 985 2916 Ecclefiarum
997 2876 1103 2918 defun-

235 2925 296 2957 elus
308 2923 345 2964 est
354 2947 365 2964 ,
391 2931 443 2967 qui
452 2925 537 2969 usque
545 2927 590 2958 ad
596 2933 717 2959 mortem
727 2925 808 2959 reda
819 2924 952 2966 Ecclefiae
966 2927 1103 2970 dogmata

235 2976 269 3008 (3)*
275 2972 438 3017 servavit,
466 2977 500 3008 (st
516 2976 716 3017 praedicavit.
744 2976 836 3019 ,Quod
854 2978 925 3009 vero
938 2975 1100 3009 Theodorus

234 3035 292 3056 non
307 3022 469 3066 servavit,
496 3035 582 3067 neque
597 3025 780 3067 praedtcavit
803 3025 883 3058 reela
899 3024 1022 3067 Ecclefia
1038 3027 1105 3069 dog-

234 3083 334 3111 mata,
359 3082 468 3106 certum
489 3074 527 3114 cst
542 3080 633 3108 etiam
650 3087 687 3108 ex
698 3080 739 3108 eis
748 3074 936 3118 blasphemiis
948 3099 956 3107 .
984 3074 1101 3110 Proba-

234 3123 280 3156 vit
294 3134 335 3155 ex
346 3123 453 3156 Sansti
465 3123 616 3168 Gregorii
628 3124 688 3168 Epi
695 3125 779 3169 scopi
787 3126 822 3159 N
823 3124 927 3168 yffeni
937 3123 978 3158 ad
986 3125 1106 3160 Theo-

234 3171 362 3215 philum
383 3171 587 3207 Alexandriae
603 3172 822 3209 patriarcham
839 3174 974 3216 litteris,
1000 3175 1102 3219 Apol-

235 3221 353 3255 linario
375 3222 533 3266 quosdam
557 3223 704 3257 Ecclefiae
725 3223 905 3258 Catholicae
929 3222 1104 3268 Episcopos

236 3270 277 3307 de
298 3271 489 3306 introdustis
507 3271 633 3307 duobus
654 3273 718 3307 Dei
730 3273 805 3307 filiis
816 3276 964 3319 arguenti
978 3276 1104 3318 respon-

237 3319 404 3355 dentibus:
416 3323 544 3355 Nullum
556 3322 593 3363 est
604 3321 742 3365 eiusmodi
753 3325 857 3367 dogma
868 3324 955 3365 apud
963 3323 1107 3365 Christia-

238 3380 314 3411 nos,
338 3382 390 3405 nec
411 3372 612 3414 pradicatur.
640 3373 767 3407 Haecin
777 3372 994 3409 Theodorum
1007 3375 1105 3416 Mop-

331 3419 430 3460 Cbrist.
445 3425 521 3466 Lupi
533 3426 614 3466 oper.
628 3425 744 3456 TomJI.

1868 128 1956 171 .1.93

1140 189 1319 225 suestenum
1330 186 1421 223 fuisse
1431 188 1472 222 ab
1482 189 1689 232 Apollinario
1699 190 1795 234 dista,
1805 193 1836 226 &
1848 193 1866 228 a
1878 194 2002 239 Grego-

1140 240 1188 274 rio
1211 239 1362 280 Nysseno
1380 239 1526 281 responsa
1544 243 1646 276 asserir
1657 241 1856 277 Theodorus
1877 244 2001 287 Cappa-

1140 288 1206 324 dox
1219 314 1230 330 ‚
1255 287 1401 331 adeoque
1411 287 1570 323 adfirmari
1583 291 1599 323 a
1611 292 1774 337 Gregorio
1784 292 2002 327 Theodorum

1142 350 1209 374 non
1222 339 1334 373 vixisse
1356 340 1390 373 in
1413 339 1626 373 Ecclesiatum
1636 341 1787 385 dogmate
1802 343 1835 376 &
1849 353 1924 386 pace
1936 366 1946 382 ,
1967 342 2002 375 ὅ(

1143 389 1276 432 proinde
1299 401 1359 423 nec
1370 388 1432 423 esse
1442 387 1628 423 defunaum
1638 413 1646 421 .
1673 390 1843 426 Ecclesiam
1856 389 2005 425 Catholi-

1142 440 1367 482 cam‚qu0usq;
1380 438 1552 472 Theodori
1563 440 1726 473 memoriae
1738 440 1771 473 &
1782 442 1907 476 nomini
1917 451 2008 475 com-

1144 490 1230 522 nicet
1242 514 1251 528 ,
1277 489 1322 523 ait
1340 486 1459 522 eisdem
1479 488 1783 532 Apollinaristarum
1807 491 2006 525 criminatio·

1143 538 1297 572 munibus
1314 549 1443 574 manere
1452 538 1630 573 obnoxiam
1650 563 1661 579 ‚
1679 548 1774 581 atque
1784 540 1864 573 adeo
1876 554 1928 583 per
1939 541 2006 584 ejus

1144 588 1331 631 synodalem
1353 587 1596 622 damnationem
1615 598 1708 633 rogat
1720 588 1852 622 tandem
1863 590 1987 626 liberari
1999 618 2006 625 .

1192 637 1316 672 Verum
1336 639 1426 672 enim
1450 639 1525 673 vero
1545 647 1773 684 argumentum
1797 637 1859 672 hoc
1880 650 1946 674 erat
1967 652 2009 675 ex

1141 685 1264 731 duplici
1287 688 1392 731 capite
1416 687 1597 722 infirmum.
1625 688 1738 722 Primo
1756 710 1768 727 ,
1792 698 1861 726 non
1885 689 2012 724 constat

1144 735 1344 780 Apollinarii
1354 738 1594 772 accusationem
1604 738 1638 773 in
1652 735 1870 773 Theodorum
1891 741 2016 781 proces-

1145 788 1229 821 fisse.
1255 786 1350 821 Patet
1371 798 1412 821 ex
1433 787 1506 830 ipsis
1529 787 1631 822 verbis
1647 789 1753 822 Sancti
1765 788 1918 833 Gregorii
1930 790 2016 832 Nys-

1146 837 1212 871 seni
1226 849 1233 869 ε
1261 836 1369 880 Nescio
1379 838 1399 868 a
1408 847 1464 878 quo
1474 838 1534 871 tale
1545 838 1696 871 audierint
1707 863 1719 879 ,
1746 840 1780 871 (θ’
1798 840 1841 871 ad
1853 851 1942 881 quam
1949 850 2018 884 per-

1141 885 1247 930 sonam
1262 887 1445 921 reluc‘lantur
1458 912 1465 919 .
1490 888 1638 921 Nondum
1658 893 1737 922 enlm
1746 896 1867 932 cognovi
1876 901 1955 932 eum,
1966 895 2019 934 qui

1147 938 1220 969 talia
1233 938 1312 978 loqui
1323 936 1408 981 ausus
1423 937 1479 977 est.
1506 937 1659 979 Deinde,
1685 939 1788 982 potest
1799 939 1872 983 quis
1893 941 1911 975 a
1934 942 2021 975 reiro

1148 986 1294 1020 Ecclesiae
1313 987 1466 1031 dogmate
1475 985 1587 1022 devius
1597 989 1682 1021 mori
1695 989 1730 1021 in
1741 988 1807 1031 ejus
1820 1000 1897 1033 pace
1911 1003 1919 1023 :
1946 992 2021 1026 Nec

1148 1036 1236 1070 enim
1258 1037 1386 1079 quivis,
1413 1035 1465 1071 sed
1487 1036 1572 1072 solus
1598 1038 1746 1081 pertinax
1768 1050 1856 1073 error
1877 1040 2020 1075 Ecclefia

1148 1085 1282 1128 expellit
1296 1111 1303 1118 .
1331 1086 1401 1121 Eta
1413 1087 1524 1121 multis
1543 1085 1662 1122 dicitur
1683 1087 1885 1123 Theodorus
1897 1091 2022 1125 senfiffe

1151 1136 1273 1169 testum
1285 1160 1295 1175 ‚
1321 1136 1354 1169 &
1373 1135 1504 1170 liberius
1516 1136 1686 1172 dumtaxat
1698 1138 1790 1173 fuisse
1800 1139 1945 1174 locutus.

1200 1184 1276 1219 Post
1296 1184 1360 1218 haec
1382 1185 1550 1219 Diodorus
1562 1187 1708 1221 Ecclefiae
1721 1188 2025 1234 Constantinopoli-

1152 1244 1234 1269 tanae
1260 1233 1548 1269 Archi-Diaconus
1573 1236 1607 1268 δε
1634 1237 1848 1273 Notariorum
1872 1239 2026 1276 Primice-

1155 1285 1218 1319 rius
1239 1285 1306 1328 legi
1324 1284 1499 1328 postulavit
1519 1285 1691 1328 Synodum
1710 1286 2025 1332 Mopsuestiensem,

1154 1333 1294 1377 superius
1315 1334 1540 1378 explanatam,
1566 1347 1637 1379 quae
1659 1336 1900 1373 demonstrabat
1909 1337 2024 1374 Theo-

1154 1383 1270 1418 dorum
1281 1385 1374 1419 fuiffe
1386 1385 1454 1427 post
1465 1394 1604 1420 mortem
1617 1387 1739 1420 erasum
1751 1385 1770 1420 ὲ
1787 1388 1881 1423 sacris
1893 1389 2028 1433 propriae

1158 1434 1302 1468 Ecclefiae
1324 1434 1442 1468 tabulis
1454 1459 1464 1474 ‚
1491 1436 1602 1469 locum
1613 1434 1684 1468 istic
1696 1436 1816 1471 ceffisse
1826 1438 1945 1473 Sansto
1959 1439 2029 1483 Cy-

1155 1483 1230 1517 rillo
1243 1508 1253 1524 ,
1279 1495 1374 1525 atque
1395 1483 1440 1518 ita
1461 1485 1479 1518 a
1500 1485 1628 1536 propria
1647 1484 1788 1520 Ecclesia
1808 1498 1863 1522 aut
1893 1490 2030 1532 propriae

1156 1532 1336 1567 Provinciae
1345 1533 1683 1577 Synododamnatum
1696 1560 1703 1567 .
1723 1535 1807 1570 Eam
1821 1537 1902 1582 legit
1913 1537 2029 1573 Theo-

1157 1582 1252 1617 dulus
1284 1583 1432 1618 Ecclefiae
1458 1583 1832 1628 Constantinopolitanae
1858 1587 2032 1622 Diaconus

1159 1643 1255 1676 atque
1276 1632 1434 1667 Notarius
1445 1657 1455 1673 ‚
1481 1634 1514 1667 &
1526 1633 1566 1667 ad
1578 1633 1692 1668 lenam
1704 1635 1810 1670 nostra
1821 1637 1973 1680 Synodus
1984 1637 2032 1671 est

1159 1682 1373 1716 interlocuta:
1401 1684 1546 1725 Sufficiunt
1565 1686 1682 1725 quidem
1694 1709 1704 1724 ,
1729 1697 1798 1727 quae
1810 1687 1891 1719 dida
1911 1689 1945 1721 (ν
1961 1695 2033 1729 pto·

1160 1732 1233 1765 bata
1238 1731 1330 1774 sunt,
1358 1732 1579 1774 Ecclesiasticam
1600 1736 1792 1769 traditionem
1812 1736 2033 1778 demonstrare,

1160 1784 1192 1815 eo
1212 1784 1290 1824 quod
1309 1791 1419 1824 oportet
1429 1783 1575 1817 haereticos
1590 1786 1624 1818 (9·
1631 1783 1694 1826 pqsl
1705 1795 1825 1819 mortem
1835 1786 2034 1820 anathemati-

1161 1838 1226 1864 zari
1235 1858 1243 1864 .
1271 1836 1315 1865 Et
1326 1834 1440 1875 reliqua
1453 1839 1550 1866 omm‘a
1559 1856 1569 1871 ‚
1594 1845 1661 1876 quae
1671 1844 1750 1875 mota
1755 1834 1829 1877 sunt
1843 1860 1854 1877 ,
1880 1835 2033 1876 ostendunt

1161 1884 1404 1923 quemadmodum
1441 1895 1478 1916 ex
1511 1884 1640 1925 prolixis
1668 1885 1842 1926 temporibus
1867 1885 2040 1921 Theodorus.

1162 1929 1370 1973 Mopsuestenus
1378 1940 1500 1974 propter
1511 1937 1604 1973 impia
1608 1931 1667 1975 sua
1678 1932 1836 1976 conscripta
1846 1937 1881 1969 (9*
1886 1935 1948 1977 post
1959 1947 2036 1968 mor-

1163 1990 1221 2013 tem
1238 1984 1258 2014 ᾶ
1281 1981 1434 2016 Catholiea
1453 1982 1575 2024 Ecclefia
1586 1982 1692 2022 ejec‘Jm
1704 1982 1757 2023 est.
1787 1986 1850 2019 sed
1857 1986 1895 2020 de
1904 1984 1952 2020 bis
1972 1990 2036 2029 qui-

1164 2031 1232 2064 dem
1236 2033 1325 2074 paulo
1329 2031 1394 2074 post
1399 2031 1585 2075 sententiam
1600 2031 1813 2074 manifestemus
1829 2060 1837 2068 .
1890 2067 1895 2071 ,
2008 2030 2021 2042 “

1165 2316 1425 2362 Examinatur
1458 2312 1573 2379 causti
1618 2312 1837 2364 Theodoreti
1872 2318 2037 2383 Cyrenfis

1343 2387 1379 2430 in
1413 2383 1630 2448 Eufratefia
1665 2390 1869 2434 Provincia

1498 2452 1675 2521 Epfswpi
1685 2490 1698 2502 ·

1253 2629 1363 2664 Xinde
1380 2628 1531 2673 Synodus
1548 2628 1689 2674 adgressa
1702 2628 1748 2665 est
1761 2629 1936 2667 secundum
1949 2633 2036 2677 capi·

1270 2680 1411 2724 pitulum
1421 2702 1431 2718 ‚
1441 2681 1568 2714 causam
1578 2678 1785 2715 Theodoreti
1799 2682 1948 2725 Cyrenfis
1961 2682 2039 2726 Epi-

1165 2729 1273 2772 scopi,
1299 2730 1355 2772 qui
1377 2729 1496 2772 Joanni
1508 2741 1634 2774 magnae
1648 2729 1835 2765 Antiochiae
1847 2733 2011 2776 Episcopo
2026 2757 2037 2773 ,

1165 2779 1222 2812 suo
1246 2778 1436 2813 Patriarchae
1450 2804 1462 2820 ,
1491 2778 1607 2823 Ephesi
1628 2780 1777 2815 adversus
1799 2792 1907 2816 veram
1934 2784 2040 2825 Syno-

1164 2829 1243 2862 dum
1265 2826 1436 2863 adhaeserat
1455 2853 1466 2870 ,
1493 2829 1612 2863 faverat
1637 2830 1792 2865 Nestorio
1815 2855 1827 2870 ‚
1861 2829 2039 2866 duodecim

1165 2878 1271 2913 Sansti
1293 2878 1413 2921 Cyrilli
1425 2879 1567 2922 capitula
1583 2881 1735 2914 acerrime
1751 2881 1956 2925 impugnarat
1969 2906 1980 2922 ,
2006 2882 2041 2916 δε

1165 2927 1310 2971 quaedam
1347 2928 1494 2971 scripfiffe
1531 2939 1627 2970 atque
1662 2930 1760 2974 egisse
1786 2930 1955 2965 dicebatur
1980 2943 2040 2975 pro

1165 2975 1349 3012 Theodoro
1362 3003 1370 3010 .
1397 2978 1494 3013 Certe
1506 2979 1758 3014 Ecclefiasticam
1772 2980 1862 3014 suam
1873 2980 2042 3016 historiam

1164 3027 1274 3061 clausit
1297 3026 1473 3062 Theodori
1494 3027 1666 3068 laudibus,
1692 3029 1804 3064 dicens
1826 3030 1962 3075 triginta
1985 3032 2041 3065 sex

1166 3078 1259 3111 annis
1280 3076 1320 3110 ab
1340 3077 1399 3112 illo
1424 3078 1550 3121 gestum
1572 3078 1804 3121 Episcopatum
1819 3101 1830 3118 ‚
1852 3089 2036 3125 pugnatum

1167 3126 1332 3171 insigniter
1351 3138 1390 3161 ac
1410 3126 1569 3170 frudiuose
1592 3126 1760 3162 adversum
1784 3128 1924 3164 Arianos
1937 3155 1947 3171 ‚
1976 3130 2041 3162 Eu·

1169 3178 1318 3211 nomium
1330 3199 1340 3215 ‚
1366 3184 1461 3220 atque
1474 3175 1717 3220 Apollinarium
1729 3200 1741 3217 ,
1764 3178 1799 3211 δε
1824 3179 1936 3213 [ειῃὲὶίς
1947 3177 2040 3212 Chri-

1168 3227 1206 3260 sti
1227 3224 1342 3260 ovibus
1365 3226 1524 3268 optimam
1543 3223 1676 3260 herbam
1697 3227 1948 3271 suppeditatam.
1978 3227 2040 3261 Hi-

1168 3276 1296 3309 storiam
1319 3276 1408 3308 suam
1429 3275 1471 3309 ab
1492 3274 1565 3310 Arii
1588 3276 1676 3310 rabie
1694 3277 1881 3311 inchoatam
1894 3277 1981 3310 finiri
1992 3278 2039 3310 ait

1168 3334 1201 3359 tn
1213 3333 1304 3359 morte
1316 3323 1463 3358 hommum
1469 3324 1736 3368 probatisfimorum‚
1747 3326 1888 3359 Theodori
1906 3337 1940 3359 ac
1949 3324 2039 3360 Theo-

1169 3377 1230 3409 doti
1254 3399 1266 3417 ,
1290 3373 1480 3410 patriarchae
1500 3375 1723 3411 Antiocheni.
1750 3376 1830 3411 Fuit
1848 3377 1876 3411 is
1894 3376 2037 3410 Domini

1585 3425 1612 3457 B
1643 3424 1664 3458 b
1884 3436 1989 3461 annus
