2340 3736
699 82 785 126 An
821 76 1169 126 Epnesmun
1204 74 1670 126 LATROC‘INIUM.

266 178 318 204 tur
341 174 472 210 anima,
500 171 552 212 qui
565 166 783 211 judicabantur
796 193 808 210 ,
835 169 932 212 &qui
953 167 1023 209 juffi
1048 165 1153 211 siamus

254 221 374 259 “synodi
386 218 558 264 exspeffare
570 217 773 262 sententiam.
800 220 938 262 Caligine
958 219 1086 261 repletus
1107 220 1154 252 di-

269 275 322 304 xi:
348 271 435 314 ,Quia
455 280 506 313 ego
526 281 584 302 non
606 271 738 304 recordor
756 268 805 303 his
827 269 931 303 verbis
950 268 1003 309 ista
1028 269 1132 311 dixisse
1144 292 1152 300 .

267 322 329 354 Scio
345 320 466 363 quidem
486 318 614 362 dixisse,
639 319 788 367 QJOD
814 320 852 354 81
880 317 1036 353 UNAM
1071 318 1155 352 NA-

267 367 460 404 TURAM
513 369 654 405 DlCAS
715 368 980 405 ABSOLUTE
1031 367 1155 403 POST

266 417 655 456 ADUNATIONEM
676 445 687 461 ‚
713 417 1064 454 CONFUSIONEM
1092 418 1155 452 DI-

265 468 338 503 Cis
364 467 434 502 ET
460 468 784 505 COMMIXTION
791 467 878 507 EM,
895 467 927 510 fi
946 470 1018 501 vero
1029 469 1156 501 addide-

264 523 333 558 ris,
367 516 707 554 INCARNATAM
727 544 739 560 ‚
774 520 809 552 6
844 518 1026 551 intellexeris
1056 519 1155 559 juxta

266 570 400 602 Beatum
425 572 585 611 cyrillum,
611 572 713 604 eadem
734 566 880 611 nobiscum
901 570 996 601 dicis.
1024 568 1157 609 Manife-

264 617 350 660 stum
371 623 471 660 enlm,
497 626 570 663 quia
580 620 667 654 aliud
674 618 711 660 est
722 622 881 651 Divinitas
891 620 976 660 ejus,
1003 618 1090 651 aliud
1100 618 1153 651 bu-

267 674 426 703 manitas.-
450 672 495 702 Et
507 675 559 712 qui
575 671 664 711 prius
683 667 957 710 reprehenderunt,
977 667 1077 710 postea
1102 677 1152 710 ap·

263 718 471 762 probaverunt
482 730 530 752 me
550 719 603 759 ssa
621 719 743 761 dixtffe.
772 718 816 752 Et
841 719 1008 753 Dioscoro
1028 719 1133 762 ipsum
1145 744 1155 758 ,

267 769 319 803 uti
340 767 835 811 &AEthericumSmyrnensem
849 793 860 808 ‚
884 768 926 803 ad
937 768 1100 803 mendacii
1121 770 1156 803 &

268 818 540 863 praevaricationis
574 830 686 862 poenas
720 818 899 861 postulanti
925 819 1086 862 reposuit:
1124 821 1156 852 51'

268 870 356 911 apud
379 867 528 912 Paganos
545 870 666 909 judices
676 868 853 912 habuiffem‚
878 876 1051 909 martyrium
1070 867 1153 911 sussi-

270 918 405 962 nuiffem.
433 921 557 952 Etenim
567 921 653 961 apud
662 920 943 961 Constantinopolim
966 917 1073 959 ostendi
1080 917 1156 960 fidu-

269 974 349 1002 ciam
359 979 472 1000 meam.
501 971 633 1002 APatre
641 979 761 1010 autem,
789 971 842 1003 seu
863 970 882 1003 ὸ,
904 968 1059 1012 superiori
1079 969 1155 1011 Epi-

269 1019 372 1061 scopo
387 1041 398 1056 ,
422 1023 472 1060 qui
478 1020 658 1060 judicatur,
684 1022 736 1054 seu
748 1020 788 1052 ad
802 1020 914 1063 iniqua
933 1020 1084 1064 cogitur,
1104 1022 1157 1060 ju-

263 1068 320 1110 stis
343 1079 402 1101 non
423 1074 538 1110 utitur,
565 1071 619 1103 seu
638 1070 695 1104 vix
717 1070 812 1114 possit
828 1070 1030 1104 recalcitrare
1054 1071 1155 1102 Filius

269 1123 349 1152 enim
371 1121 460 1152 Patri
470 1119 648 1161 etiamjusta
667 1121 767 1154 dicens
789 1126 933 1154 moriatur
949 1145 956 1152 .
982 1120 1062 1153 Haec
1088 1131 1155 1152 ver-

269 1168 311 1203 ba
329 1193 341 1209 ‚
368 1170 504 1212 ,Quijuffi
518 1168 623 1213 sumus
643 1172 748 1210 synodi
768 1170 939 1214 exspectare
954 1169 1156 1212 sententiam,

268 1217 447 1253 ostendunt
461 1230 531 1253 non
553 1220 657 1254 solum
681 1222 834 1256 SanCtum
857 1221 1071 1259 Flavianum,
1099 1219 1151 1252 sed

267 1269 430 1303 &omnes
439 1268 505 1311 ejus
516 1270 833 1314 SynodiEpiscopos
855 1270 946 1304 fuisse
957 1270 997 1303 ab
1011 1269 1076 1302 hoc
1094 1269 1155 1302 La-

267 1318 414 1352 trocinio
425 1319 459 1351 in
473 1330 601 1353 reorum
614 1321 667 1354 seu
692 1321 916 1355 accusantium
937 1319 1088 1353 ordinem
1110 1318 1155 1352 ob

269 1367 469 1412 Eutychetis
477 1369 730 1413 appellationem
744 1371 888 1414 rejectos.

320 1418 423 1453 Tunc
457 1419 539 1453 item
565 1421 684 1455 fastum
709 1421 780 1461 est,
807 1418 896 1464 quod
921 1418 961 1453 ad
982 1418 1155 1461 Synodum

269 1466 571 1504 Chalcedonensem
594 1470 680 1505 dixit
700 1469 905 1506 Theodorus
924 1470 1009 1513 apud
1030 1469 1157 1503 Isauros

270 1518 452 1563 Episcopus
488 1519 817 1564 Claudiopolitanus:
856 1519 1008 1564 Dioscorus
1021 1545 1030 1558 ,
1051 1522 1082 1563 J
1085 1531 1153 1552 uve-

271 1570 374 1608 nalis,
411 1571 446 1604 (ff
468 1576 640 1613 quicumque
655 1577 798 1613 primitus
816 1571 850 1604 in
873 1571 980 1605 Sansti
1009 1571 1154 1604 Flaviani

270 1618 522 1653 damnationem
546 1618 805 1663 subscripserunt,
842 1621 950 1663 quibus
967 1628 1155 1663 praeceperat

271 1671 414 1702 Dominus
427 1666 507 1703 orbis
518 1679 608 1703 terrae
621 1696 631 1712 ‚
650 1670 723 1713 ficut
745 1671 937 1710 orthodoxis,
959 1672 1097 1713 judicare
1121 1671 1158 1703 de

266 1719 351 1763 fide,
377 1722 558 1753 meditantes
568 1723 653 1762 apud
668 1720 841 1764 semetipsos
851 1719 949 1764 dolosa
959 1719 1091 1762 confilia‚
1104 1732 1156 1753 nos

263 1767 435 1811 fimpliciter
440 1768 582 1812 sedentes
597 1772 831 1804 introduxerunt
841 1795 852 1812 ,
875 1782 931 1813 quo
943 1785 948 1798 -·
956 1772 1015 1803 vodo
1027 1770 1158 1804 homines

262 1819 383 1861 judices
403 1824 575 1862 ignorantes
597 1818 737 1863 causam.
780 1823 825 1865 ῌι
861 1820 1014 1863 legebatur
1038 1822 1159 1863 quidem

270 1866 506 1912 Adorumseries
518 1894 529 1909 ,
556 1870 786 1904 &laudabatur
807 1870 902 1904 beatae
914 1877 1061 1904 memoriae
1083 1872 1157 1904 Fla-

267 1924 400 1952 vianus.
427 1920 505 1955 Cum
516 1921 691 1954 laudaretur
700 1930 820 1961 autem,
845 1932 898 1953 nos
912 1919 1079 1954 tacebamus
1093 1945 1103 1961 ,
1120 1918 1156 1961 fi-

266 1978 317 2004 cat
331 1968 496 2013 benegesto
507 1982 574 2011 quae
586 1969 752 2013 aHasunt.
781 1969 847 2010 Post
870 1970 933 2004 baec
955 1974 1026 2005 vero
1053 1978 1085 2004 ut
1105 1982 1157 2003 nos

267 2028 457 2053 exterrerent
470 2044 479 2058 ,
516 2021 762 2054 exclamaverunt
784 2022 823 2054 de
849 2026 950 2054 vicina
977 2019 1157 2061 Nestoriana

268 2066 375 2108 baerefi
380 2068 565 2109 infamantes
578 2082 648 2102 nos:
678 2070 730 2103 ΙΝ
758 2071 870 2105 DUO
896 2070 1152 2105 SEPARATE

269 2117 382 2156 Eos,
407 2118 499 2164 QJI
523 2119 724 2154 DICUNT
747 2119 1159 2154 DUASNATURAS.

267 2166 495 2202 DIVIDI'I'E
515 2193 525 2209 ,
562 2169 880 2203 INTERFlClTE
903 2193 914 2209 ,
959 2170 1157 2204 EllClTE.

267 2221 306 2251 Ut
315 2225 423 2250 terrore
434 2219 623 2259 Nestorianae
646 2218 791 2261 haereseos
805 2244 816 2260 ‚
845 2231 903 2252 non
920 2219 993 2261 ficut
1012 2219 1160 2255 Catholici

255 2268 465 2309 *Judicaremur
477 2293 486 2308 ,
495 2268 554 2312 sed
564 2279 598 2302 ut
608 2270 741 2303 baerettci
755 2272 983 2302 damnaremur.
1012 2274 1057 2303 Et
1070 2269 1159 2313 unus-

265 2316 386 2364 quisque
398 2319 561 2352 verebatur
572 2345 582 2360 ,
609 2331 646 2352 ne
660 2328 693 2352 ut
703 2319 860 2353 haereticus
874 2321 1006 2360 dejec‘ius
1016 2323 1159 2362 perderet

266 2379 339 2410 quos
350 2368 582 2409 baptizaverat.
611 2372 656 2401 Et
667 2381 724 2402 non
737 2377 763 2403 ei
770 2368 865 2412 solum
886 2380 952 2403 erat
972 2371 1157 2412 periculum,

263 2416 321 2461 sed
328 2417 498 2460 baptizatis
513 2420 611 2453 etiam
626 2442 636 2458 ‚
664 2418 752 2453 &his
764 2427 815 2461 qui
837 2427 869 2453 in
894 2419 1009 2460 Christo
1027 2422 1157 2454 credide-

268 2478 356 2501 rant.
386 2472 431 2500 Et
442 2481 499 2501 non
511 2476 637 2510 oportuit
646 2471 766 2512 quidem
781 2482 833 2503 nos
843 2480 913 2503 tunc
934 2480 1047 2504 tacere.
1076 2473 1158 2505 Om-

269 2529 328 2552 nes
352 2529 459 2552 tamen
471 2530 511 2552 ex
525 2519 676 2552 Dioscori
689 2531 777 2553 metu
789 2531 980 2560 tacuerunt,
1004 2531 1101 2563 atque
1113 2524 1156 2555 ita

267 2567 412 2601 &fidem
430 2567 654 2602 orthodoxam
677 2568 712 2602 ὃς
736 2570 896 2612 propriam
921 2572 1153 2605 conscientiam

266 2617 344 2651 sunt
370 2617 447 2651 faede
471 2619 687 2660 praevaricati.
717 2619 868 2663 Episcopi
880 2617 1055 2654 Theodori
1079 2622 1157 2655 civi-

267 2675 317 2700 tas
328 2665 458 2701 adfidue
470 2666 523 2701 hic
537 2679 672 2702 vocatur
683 2668 914 2711 Claudiopolis
926 2670 1050 2704 lsauriae
1062 2684 1072 2704 :
1096 2672 1156 2705 Di-

266 2716 446 2761 stinguitur
464 2718 579 2751 contra
602 2718 767 2762 Bythiniae
790 2718 1060 2764 Claudiopolim,
1086 2733 1156 2765 pro-

266 2767 383 2800 vinciae
393 2767 596 2802 Honoriadis
609 2779 743 2803 matrem
757 2794 765 2802 .

315 2816 422 2851 Sancti
459 2818 609 2853 Flaviani
638 2818 838 2861 Synodum‚
864 2819 913 2853 uti
938 2818 978 2853 de
1008 2820 1154 2856 Nestorii

1205 2467 1208 2486 Ι

1202 2838 1205 2874 3
1221 2822 1386 2862 constituti,
1414 2822 1600 2864 necessarium
1612 2819 1711 2864 visum
1724 2821 1759 2856 es}
1770 2819 1940 2863 sancqorum
1961 2823 1996 2855 Θ
2015 2822 2115 2858 catho-

1936 96 2036 144 237

1218 165 1431 201 damnatione
1440 165 1580 209 dignum
1593 190 1600 198 .
1628 167 1672 200 Et
1685 166 1752 209 post
1766 165 1843 202 lecta
1860 168 1985 204 rursum
2000 171 2103 215 Euty⁴

1217 217 1315 252 ches:
1343 216 1487 249 Pervidet
1499 214 1594 254 vestra
1616 220 1814 256 Reverentia,
1841 225 1913 261 quia
1932 221 2103 254 releeiorum

1217 267 1292 301 aelio
1301 266 1423 307 ostendit
1434 264 1522 305 Gesta
1528 271 1631 306 priora
1642 268 1693 309 effe
1697 266 1819 310 falsata
1828 293 1835 300 .
1863 269 2015 303 Habemus
2029 273 2103 305 verb

1217 319 1341 352 &nunc
1356 314 1568 359 professionem
1590 321 1651 348 viri
1666 317 1826 351 laudabilis
1838 342 1849 357 ,
1884 325 1986 362 magni
2009 322 2105 354 Silen-

1218 372 1322 408 tiarii,
1343 366 1464 409 fallam
1480 363 1537 409 fieb
1547 370 1613 397 viro
1635 365 1919 411 magnificentissimo
1939 369 2105 412 Magistro,

1221 420 1256 453 Cb·
1264 417 1444 460 postulamus
1455 416 1532 449 hanc
1553 416 1659 458 relegi.
1688 416 1849 459 Reposuit
1869 420 2003 454 Sanetus
2030 419 2106 454 Fla.

1219 469 1356 503 vianus:
1384 465 1477 510 Falsa
1499 465 1556 510 esi.
1594 464 1700 514 Qod
1732 477 1872 510 namque
1904 469 2105 504 silentiarius

1219 519 1273 552 ille
1288 517 1350 552 hac
1372 518 1408 551 in
1426 517 1522 551 causa
1545 513 1714 560 insigniter
1734 515 1834 549 fuerit
1853 520 2031 559 mentitus,
2056 520 2105 555 est

1219 569 1312 612 supra
1323 568 1491 602 ostensum
1502 591 1509 599 .
1537 566 1580 599 Et
1591 564 1669 598 hinc
1681 563 1800 608 justum
1812 565 1953 608 judicem
1974 570 2109 615 fingens

1218 620 1398 653 Dioscorus
1420 618 1466 652 est
1479 615 1713 651 interlocutus:
1739 617 1771 648 Si
1781 617 1856 657 quid
1876 621 1933 650 Dei
1949 620 2108 661 amantiffi.

1219 681 1287 701 mus
1301 667 1464 711 Episcopus
1477 668 1649 701 Flavianus
1657 663 1785 709 scitficae
1795 671 1926 708 opinioni
1935 678 2105 711 congruum,

1220 717 1379 762 inscriptis
1390 720 1470 751 dicat
1483 743 1489 750 .
1517 715 1573 749 Ad
1585 728 1655 760 quae
1665 717 1841 751 Flavianus
1853 741 1860 749 .
1886 718 2106 759 Occlufistimiht

1222 780 1335 803 omnem
1348 768 1462 808 Justam
1481 768 1702 810 allegationem.
1739 766 1905 811 Negatam
1932 767 1990 801 fibi
2008 770 2108 812 usque

1221 818 1285 853 huc
1317 818 1474 862 loquendi
1494 817 1624 860 copiam
1649 816 1801 850 flebiliter
1822 817 1954 860 questus
1965 817 2011 852 est
2024 842 2034 858 ‚
2072 819 2108 853 &

1220 868 1346 904 addidit
1360 883 1370 902 :
1407 869 1542 903 Secunda
1564 867 1640 900 Atia
1657 866 1736 900 nibil
1754 866 1868 900 babent
1880 866 1999 910 falsum
2012 893 2019 899 .
2047 869 2109 901 Scit

1222 924 1352 953 Domnus
1370 918 1527 959 Thalassius
1541 941 1552 958 ‚
1577 918 1611 950 <5
1633 919 1765 950 Domnus
1785 916 1931 960 Eusebius
1944 941 1956 958 ,
1982 916 2112 952 Metro-

1220 970 1322 1013 polira
1336 969 1551 1012 Ancyranus.
1580 968 1667 1001 Nam
1681 968 1714 1001 ὅ(
1726 965 1781 1001 hic
1801 967 1980 1001 conventui
2001 967 2112 1003 adfue-

1220 1032 1283 1054 rat.
1313 1020 1430 1059 Dicit,
1459 1017 1692 1061 Aeiasecunda:
1722 1017 1856 1060 Utique
1883 1028 1996 1052 coram
2015 1017 2117 1053 Tha·

1220 1070 1327 1110 laffio,
1359 1069 1526 1109 Eusebio,
1561 1080 1600 1101 ac
1621 1079 1744 1112 magno
1767 1068 1953 1102 Silentiario
1986 1069 2113 1111 revisa,

1220 1122 1358 1154 correcta
1373 1143 1383 1159 ,
1411 1120 1444 1152 in
1458 1130 1581 1152 novum
1594 1119 1747 1162 scriptum
1761 1117 1857 1152 relata
1869 1143 1881 1159 ,
1907 1119 1941 1152 ἀ
1953 1118 2089 1161 probata
2102 1144 2113 1154 .

1222 1170 1258 1204 ln
1272 1168 1377 1213 priora
1398 1170 1491 1202 enim
1512 1168 1671 1202 Actorum
1696 1169 1908 1203 instrumenta
1932 1169 2020 1203 leves
2037 1170 2113 1213 qui·

1219 1219 1295 1253 dam
1319 1219 1429 1252 nescio
1449 1231 1491 1252 ex
1505 1230 1568 1261 qua
1581 1219 1675 1253 causa
1690 1220 1770 1252 naevi
1792 1220 1981 1262 irrepserant
1992 1244 2003 1260 ‚
2023 1219 2113 1253 ideo-

1221 1281 1285 1313 que
1307 1268 1482 1312 posteriora
1504 1268 1675 1302 dumtaxat
1698 1269 1833 1311 produci
1858 1270 2036 1303 Flavianus
2057 1280 2117 1303 vo·

1223 1320 1307 1359 luit,
1331 1319 1366 1352 &
1388 1319 1561 1361 adjunxit:
1591 1322 1640 1351 Me
1668 1318 1741 1351 Atia
1763 1318 1842 1351 nihil
1865 1328 2016 1362 tangunt,
2042 1328 2115 1361 pro-

1220 1379 1290 1412 pter
1302 1372 1414 1401 Deum.
1444 1373 1552 1411 Neque
1564 1375 1643 1401 enim
1672 1369 1759 1401 aliter
1782 1368 1968 1411 glorifhavi,
1994 1378 2048 1401 aut
2065 1367 2114 1412 sa-

1221 1426 1276 1462 pui
1296 1420 1481 1461 aliquando,
1507 1419 1559 1452 vel
1577 1417 1713 1462 sapiam.
1744 1418 1869 1452 Revera
1895 1419 1986 1452 enim
2015 1418 2116 1452 Αᾶο-

1225 1482 1294 1504 rum
1315 1471 1396 1503 vitia
1422 1469 1507 1502 solos
1528 1467 1689 1502 Norarios
1709 1478 1852 1513 tangunt
1866 1493 1876 1509 ‚
1903 1468 2031 1511 Synodi
2059 1480 2116 1503 au-

1224 1532 1291 1554 tem
1314 1517 1478 1552 Praefidem
1503 1519 1568 1552 sola
1592 1518 1627 1552 in
1652 1519 1762 1552 Deum
1787 1519 1889 1559 fides,
1918 1520 1951 1552 in
1966 1518 2059 1562 cujus
2070 1530 2118 1553 re-

1224 1569 1383 1604 <titudine
1405 1570 1539 1602 Sanctus
1563 1568 1741 1612 Episcopus
1759 1569 1929 1611 profitetur
1947 1569 2072 1612 semper
2083 1570 2116 1603 se

1226 1622 1318 1655 fuifle
1341 1619 1567 1654 constantem.
1616 1617 1742 1652 Verum
1763 1630 1800 1651 ea
1827 1621 1939 1652 omnia
1968 1619 2117 1663 neglexit

1226 1672 1407 1706 Dioscorus
1419 1692 1428 1707 ,
1453 1670 1486 1703 &
1501 1668 1641 1712 reposuit
1657 1682 1663 1701 ε
1691 1673 1789 1701 Nemo
1807 1677 1835 1701 te
1849 1667 2004 1710 probibuit
2018 1670 2095 1712 loqui
2107 1694 2116 1701 .

1228 1722 1388 1763 Apertum
1414 1719 1624 1753 mendacium
1654 1718 1820 1762 luvenalis
1844 1719 2121 1761 Hierosolymita-

1228 1782 1312 1810 nus,
1337 1768 1524 1804 Thalassius
1550 1769 1778 1809 Caesareenfis‚
1805 1768 1988 1812 Stephanus
2014 1769 2124 1813 Ephe-

1227 1822 1311 1855 finus
1323 1844 1333 1860 ‚
1359 1821 1392 1854 δε
1405 1819 1567 1854 Eusebius
1578 1820 1777 1864 Ancyranus
1801 1819 1957 1863 Episcopi
1978 1832 2018 1854 ex
2032 1829 2120 1854 metu

1226 1871 1464 1905 confirmarunt
1476 1895 1483 1902 .
1668 1895 1671 1906 ,Α

1277 1920 1513 1964 Subsequentia
1528 1919 1693 1954 latrocinii
1717 1917 1798 1953 Λξίει
1822 1919 1961 1962 synodo
1981 1918 2123 1954 Chalce-

1227 1971 1362 2006 donensi
1394 1970 1500 2004 edixit
1529 1969 1756 2012 Onesiphorus
1788 1970 1965 2004 lconienfis
1989 1970 2124 2013 Episco-

1228 2033 1286 2065 pus
1302 2046 1312 2062 ,
1327 2021 1506 2065 Lycaoniae
1518 2020 1735 2062 Metropolita
1746 2033 1756 2053 .·
1789 2019 1945 2061 Postquam
1955 2020 2029 2053 iec‘ia
2047 2019 2123 2063 sunt

1228 2072 1279 2113 hec
1289 2078 1407 2111 omnia,
1438 2070 1590 2104 videlicet
1604 2068 2017 2112 Constantinopolicoram
2041 2070 2123 2103 San·

1226 2124 1276 2155 cto
1287 2121 1446 2155 Flaviano
1458 2122 1490 2152 in
1506 2118 1716 2161 Eutycheten
1740 2119 1828 2164 gesta
1840 2144 1851 2159 ,
1879 2121 1993 2162 Regula
2015 2119 2122 2163 Ephe-

1226 2172 1287 2205 sini
1300 2171 1447 2205 Concilii
1464 2171 1503 2203 de
1520 2180 1587 2202 non
1601 2167 1753 2202 addendo
1765 2169 1805 2203 ad
1828 2168 2025 2212 Symbolum
2046 2172 2122 2214 lege-

1207 2231 1211 2268 }
1227 2222 1316 2255 batur
1328 2244 1338 2260 ‚
1363 2227 1396 2254 in
1408 2232 1469 2263 qua
1480 2220 1683 2252 continebatur
1694 2221 1805 2252 nullum
1817 2218 1919 2253 debere
1927 2222 1997 2262 jam
2008 2221 2045 2254 de
2055 2220 2120 2263 fide

1226 2282 1348 2315 querere
1357 2272 1478 2313 aliquid
1491 2295 1500 2308 ‚
1526 2281 1618 2312 neque
1629 2268 1808 2312 Episcopum
1822 2295 1832 2310 ,
1845 2281 1937 2313 neque
1948 2272 2123 2311 clericum,

1226 2324 1357 2364 alioquin
1369 2333 1435 2355 eum
1447 2319 1497 2363 effe
1513 2317 1763 2362 condemnatum3
1783 2318 1812 2362 fi
1825 2330 1925 2353 autem
1944 2322 2038 2354 laicus
2059 2320 2119 2362 est,

1226 2382 1260 2406 ut
1277 2378 1544 2405 excommunicatus
1556 2369 1692 2411 existeret
1703 2396 1711 2403 .
1738 2371 1872 2411 Lestus,
1886 2371 2023 2413 inquam
2036 2394 2047 2411 ,
2072 2372 2118 2405 est

1226 2423 1257 2456 ἃ
1271 2420 1421 2466 Ephefini
1435 2420 1582 2455 Concilii
1595 2420 1755 2454 terminus
1766 2445 1776 2460 ‚
1803 2422 1856 2455 seu
1869 2421 1910 2454 de
1922 2421 1987 2456 fide
2000 2421 2119 2456 Decre-

1225 2483 1295 2506 tum
1309 2485 1318 2514 3
1346 2471 1542 2515 Symbolum
1553 2470 1727 2504 Nicaenum
1740 2482 1817 2505 cum
1837 2470 1902 2505 hoc
1912 2471 2119 2507 additamen-

1226 2534 1262 2556 to
1275 2535 1281 2554 :
1308 2525 1382 2555 Huic
1387 2520 1494 2564 sanble
1501 2521 1575 2563 fidei
1588 2532 1686 2554 omnes
1697 2526 1833 2555 convenit
1845 2519 2005 2563 consentire
2018 2546 2024 2554 .
2052 2529 2119 2557 Ha-

1223 2573 1272 2606 bet
1284 2580 1361 2605 enim
1371 2573 1423 2614 pie*
1433 2573 1467 2605 et
1475 2570 1648 2613 [efficienter
1660 2572 1704 2603 ad
1711 2573 1877 2604 utilitatem
1900 2577 1939 2603 iis
1950 2596 1960 2612 ,
1988 2575 2040 2613 qui
2058 2568 2117 2613 sub

1222 2624 1289 2656 coelo
1303 2621 1380 2666 sunt
1428 2624 1581 2664 ,Quoniam
1602 2623 1672 2653 vero
1691 2623 1818 2663 quidam
1834 2619 1974 2661 simulant
1991 2623 2115 2662 quidem

1222 2672 1352 2713 confiteri
1363 2683 1448 2711 eam,
1475 2669 1681 2712 &consentire
1696 2677 1747 2710 ei,
1766 2670 1852 2712 falso
1874 2673 1946 2704 vero
1970 2677 2114 2713 interpre-

1222 2731 1324 2755 tantur
1335 2720 1498 2755 inteliez‘ius
1509 2727 1652 2754 virtutem
1663 2722 1706 2753 ad
1716 2722 1770 2762 id,
1795 2722 1876 2763 quod
1884 2727 1925 2753 eie
1935 2724 2036 2762 placet
2044 2746 2055 2763 ,
2078 2723 2115 2756 6·

1221 2777 1456 2805 circumveniunt
1471 2777 1630 2804 veritatem
1644 2794 1654 2809 ,
1680 2777 1785 2804 erroris
1809 2773 1843 2805 (9⁶
1859 2772 2036 2812 perditionis
2053 2770 2114 2812 filii

265 2866 320 2900 lue
334 2892 343 2907 ,
371 2864 415 2900 ita
427 2867 467 2901 de
482 2868 545 2902 falfi
557 2869 694 2904 crimine
705 2881 853 2914 arguerat
868 2869 1036 2913 Eutyches
1047 2898 1055 2911 ,
1067 2871 1155 2905 ideo·
1202 2877 1205 2920 ᾗ
1221 2874 1339 2906 iicorum
1350 2875 1478 2905 Patrum
1495 2871 1632 2912 proferre
1657 2871 1818 2911 testimonia
1828 2895 1839 2912 ‚
1865 2882 1921 2913 quq
1937 2870 2115 2916 pqffuntsa-

233 2947 235 2949 .
264 2928 330 2959 que
342 2918 412 2960 post
427 2917 526 2960 ipsam
551 2918 665 2953 lessam
683 2922 820 2962 perrexit
841 2921 881 2954 ad
909 2922 1153 2955 Latrociniurn:

265 2971 360 2999 Certa
373 2978 410 3000 ex
426 2968 543 3008 Gestis,
569 2981 636 3010 quae
655 2970 731 3002 ledia
748 2969 821 3012 sunt
833 2995 842 3009 ,
869 2972 1040 3005 adulterata
1056 2970 1152 3015 sunt,

266 3015 379 3060 &sunt
400 3029 466 3061 quae
477 3025 510 3051 in
521 3018 572 3052 boc
590 3026 700 3063 negotio
717 3019 885 3063 ae‘lasunt,
912 3023 947 3055 (π
963 3030 1035 3063 peto
1057 3033 1093 3055 ea
1112 3034 1156 3056 re-

265 3066 394 3110 censeri.
421 3069 532 3115 Qare
543 3069 584 3103 ad
599 3070 761 3113 Iuvenalis
770 3071 1067 3113 Hierosolymitani
1081 3072 1157 3117 Epi-

266 3118 358 3161 scopi
377 3118 492 3159 jussum
519 3119 658 3153 loannes
684 3120 897 3154 Alexandriae
919 3121 1091 3165 Presbyter
1117 3135 1155 3157 ac

267 3167 483 3202 Notaaiorum
516 3168 725 3204 Primicerius
750 3170 828 3215 legit
861 3170 941 3206 Aeta
973 3184 1156 3207 conventus

266 3218 660 3261 Constantinopolitani‚
699 3220 733 3254 in
753 3232 821 3263 quo
845 3219 1030 3256 Thalassius
1054 3223 1156 3257 Caesa-

266 3269 385 3302 reensis
419 3270 504 3312 apud
528 3269 741 3313 Cappadoces
768 3270 1087 3315 Archi-Episcopus,
1124 3275 1156 3307 δ(

269 3318 402 3353 Flavius
426 3319 629 3353 Ariobindus
650 3319 833 3361 Martialis,
859 3322 1057 3356 Officiorum
1084 3323 1158 3357 Ma-

267 3368 366 3411 gister
377 3392 388 3407 ,
415 3370 521 3403 Sancti
537 3370 682 3404 Flaviani
697 3370 858 3404 Notarios
875 3372 908 3404 δε
921 3370 1003 3405 Asta
1016 3372 1153 3414 synoda-

267 3418 315 3452 lia
326 3416 530 3454 discuffetant
542 3444 553 3461 ,
580 3419 731 3464 nihilque
751 3420 821 3455 falfi
843 3431 1044 3464 repererant,
1069 3422 1155 3457 nihil

1221 2922 1358 2964 tisfacere
1373 2948 1382 2963 ‚
1407 2923 1654 2964 quemadmodum
1664 2934 1728 2954 eam
1742 2922 1962 2967 intellexerint,
1988 2923 2022 2956 (9⁶
2039 2931 2112 2965 pre-

1221 2975 1321 3006 dicare
1332 2972 1407 3014 confi
1402 2971 1431 3013 fi
1431 2971 1494 3014 fint
1505 2998 1513 3011 ,
1539 2973 1684 3013 quatenus
1705 2973 1740 3005 (ν’
1751 2970 1938 3016 manifestum
1943 2970 1983 3012 fit
1993 2996 2004 3013 ,
2030 2973 2112 3014 quod

1219 3035 1317 3057 omnes
1330 3023 1439 3056 reliam
1461 3024 1495 3061 <st
1506 3022 1724 3054 immaculatam
1738 3021 1834 3063 fidem
1854 3020 1998 3055 babentes
2013 3021 2053 3063 fic
2075 3024 2111 3056 (⁴5

1223 3075 1402 3117 intelligant,
1413 3073 1448 3105 (a
1458 3078 1690 3112 interpretemur
1700 3096 1710 3112 ,
1727 3073 1925 3114 &predicent
1941 3083 2026 3105 eam.
2047 3073 2110 3106 Le-

1220 3126 1268 3158 ‹sta
1285 3124 1364 3156 item
1378 3124 1451 3155 sunt
1465 3122 1550 3154 varia
1562 3122 1746 3155 sanctorum
1758 3122 1893 3156 Parrum
1917 3121 2011 3162 loca,
2037 3132 2110 3164 qua

1200 3202 1203 3207 .
1220 3184 1278 3217 pro
1290 3174 1375 3206 resto
1394 3171 1521 3204 Nicaeni
1536 3171 1685 3213 Symboli
1698 3171 1848 3208 adversus
1857 3172 2046 3206 Nestorium
2059 3172 2110 3205 in-

1200 3249 1203 3263 ,
1219 3223 1349 3257 ῑεΙΙεέὶιι
1359 3221 1419 3255 fibi
1433 3222 1498 3267 legi
1509 3221 1596 3264 juffit
1608 3223 1695 3258 sexta
1709 3222 1809 3258 Aetio
1831 3221 1978 3256 Concilii
2001 3220 2111 3267 Epho-

1222 3274 1366 3357 fimLcch
1389 3324 1463 3356 sunt
1484 3322 1516 3356 &
1536 3321 1706 3367 Iudaicum
1727 3320 1922 3365 Symbolum
1935 3345 1947 3362 ,
1973 3320 2111 3356 laudata

1219 3372 1357 3416 Synodo
1368 3373 1386 3407 ὲ
1397 3371 1547 3408 Charifio
1560 3372 1849 3417 philadelphiensis
1869 3371 1903 3407 in
1916 3371 2024 3416 Lydia
2048 3372 2111 3407 Ec-

1219 3424 1318 3458 clefiae
1343 3421 1540 3467 Presbytero
1566 3422 1742 3464 oblatum.
1768 3421 1940 3467 synodalia
1964 3421 2112 3507 nimio&

1993 3484 2027 3517 11³
