2340 3736
629 69 712 112 AD
748 65 1033 125 SYNopuM
1069 62 1665 106 CHA'LC'EDONENSEM.

243 165 278 191 ut
288 169 365 191 curn
378 155 577 201 Apostolicis
591 154 723 198 Legatis
740 154 772 187 ὃ(
786 151 948 186 Anatolio
966 149 1124 184 Constan-

242 209 468 252 tinopolitano
481 206 575 250 pauci
588 205 722 248 quidam
738 202 889 247 Episcopi
911 201 1067 236 douiores
1088 212 1128 235 ex

241 260 334 292 omni
347 256 473 292 dioecesi
485 255 714 294 convenirent,
741 253 970 287 definitionem
996 251 1129 285 revisuri

242 320 281 342 ac
303 307 444 341 limaturi
465 330 472 337 .
500 305 546 339 Et
568 316 610 338 ex
633 303 762 338 dioecefi
783 301 948 337 Orientali
968 312 1132 335 convene-

242 367 317 391 runt
339 356 508 390 Maximus
529 352 715 389 Patriarcha
752 351 1003 391 Antiochenus‚
1040 351 1130 394 Juve-

243 407 325 441 nalis
349 404 674 448 Hierosolymitanus
689 429 700 444 ,
736 401 936 437 Theodorus
962 400 1129 434 Tarsensis

242 458 277 490 in
289 457 391 500 prima
402 455 546 495 Cilicia,
573 454 682 498 Cyrus
694 451 858 487 Anazarbi
883 451 919 484 in
944 450 1064 484 Cilicia
1088 450 1128 483 se-

241 506 372 545 cunda,
402 505 642 540 Constantinus
668 502 842 537 Bostrensis
864 500 899 533 in
923 499 1070 540 Arabia,
1094 499 1128 532 &

241 554 441 591 Theodorus
465 554 775 598 Claudiopolitanus
796 551 830 584 in
856 551 974 584 Isauria
998 550 1125 593 Episco-

188 628 191 632 ι
241 616 320 650 pus3
345 617 386 640 ex
395 605 537 640 Pontica
548 602 736 637 Thalassius
749 601 953 634 caesareensis
972 600 1004 633 in
1020 600 1124 643 prima

242 656 472 700 Cappadocia,
497 655 532 689 δε
558 652 715 687 Eusebius
739 650 937 693 Ancyranus
961 651 995 683 in
1022 650 1125 693 prima

243 706 375 740 Galatia
400 717 415 746 ;
449 716 491 739 ex
525 703 646 737 Asiana
672 701 842 744 Diogenes
877 700 1066 743 Cyzicenus
1091 699 1124 734 in

241 756 483 799 Hellesponto,
519 751 676 786 Leontius
705 750 934 795 Magnesianus
969 751 1002 783 in
1027 750 1125 789 Asia,

241 805 427 840 Florentius
439 801 643 839 Sardensisin
656 800 763 843 Lydia
775 825 785 840 ,
810 800 845 833 δε
867 800 1025 844 Eusebius
1054 800 1125 834 Do-

241 853 438 899 rylaeenfisin
449 850 595 896 Phrygia
607 851 758 892 salutari;
785 862 825 884 ex
849 847 1012 883 Thracica
1026 849 1125 883 Fran-

240 905 318 940 cion
332 902 657 946 philippopolitanus
676 901 711 934 in
722 899 868 935 Thracia
879 925 890 941 ‚
917 898 1122 933 Sebastianus

240 954 363 988 ibidem
373 951 601 992 Berrhaeensis,
626 950 807 984 &Basilius
829 951 864 983 in
886 949 1122 983 Haemimontis

238 1003 414 1038 Provincia
434 1001 768 1046 Trajanopolitanus3
795 1011 835 1033 ex
857 999 993 1041 Illyrico
1017 999 1126 1047 Qin-

238 1053 328 1087 tillus
349 1052 569 1087 Heracleensis
591 1053 624 1085 in
649 1050 871 1090 Macedonia,
910 1049 1025 1083 Zozon
1053 1047 1128 1082 Phi-

238 1103 392 1147 lippensis
406 1103 441 1137 in*
452 1102 653 1136 Macedonia
665 1102 790 1145 prima,
815 1100 850 1135 dc
864 1100 998 1133 Atticus
1020 1100 1055 1132 in
1079 1109 1128 1132 ve-

238 1155 297 1187 teri
312 1154 412 1197 Epiro
433 1152 611 1196 Episcopus
632 1150 906 1195 Nicopolitanus.
936 1149 987 1183 Hi
1013 1148 1127 1183 defini-

237 1203 367 1238 tionem
392 1204 576 1246 poliverunt
590 1227 597 1234 .
625 1200 735 1236 Voces
747 1224 758 1240 ,
792 1212 828 1234 ex
846 1199 958 1232 duabus
980 1204 1098 1232 naturis
1111 1223 1122 1239 ‚

236 1253 352 1296 utpote
375 1253 449 1285 licet
475 1250 700 1291 orthodoxas,
727 1250 840 1284 multis
864 1250 1034 1293 Episcopis
1058 1259 1126 1292 gra-

238 1303 392 1340 tiffimas,
426 1302 459 1335 &
479 1300 630 1335 adversus
665 1300 856 1334 Nestorium
891 1298 1100 1332 validissimas
1116 1323 1126 1338 ,

238 1353 315 1396 quia
326 1362 436 1386 tamen
459 1350 500 1384 ab
521 1348 706 1393 Eutychete
726 1349 762 1382 ἅτ
785 1349 950 1382 Dioscoro
973 1348 1125 1388 usitatas,

237 1411 485 1446 expunxerunt,
510 1398 771 1443 addideruntque
791 1397 943 1432 disertam
965 1397 1128 1441 profeffio-

238 1462 317 1487 nem
329 1452 467 1486 duarum
478 1451 543 1485 sine
554 1449 745 1484 confusione
755 1449 788 1482 &
799 1448 1015 1482 conversione
1035 1458 1128 1482 natu-

240 1513 344 1536 rarum
357 1526 367 1540 ,
392 1501 483 1545 juxta
493 1500 573 1535 duas
585 1500 691 1533 Saniti
706 1498 827 1542 Cyrilli
838 1498 961 1533 litteras
970 1522 980 1537 ,
1001 1498 1035 1532 δε
1047 1498 1128 1542 dog-

239 1553 393 1586 maticam
417 1550 599 1595 Epistolam
621 1549 728 1582 Sancti
753 1548 892 1582 Leonis.
920 1549 1125 1591 ExpunCiam

238 1601 332 1635 fuisse
354 1612 491 1642 vocem,
518 1603 571 1633 Ex
594 1598 709 1631 duabus
732 1604 848 1631 naturis
864 1623 875 1638 ‚
900 1598 934 1631 ὃ(
956 1595 1063 1638 hanc,
1090 1602 1126 1630 In

237 1650 354 1684 duabus
393 1657 531 1691 naturis,
559 1649 719 1682 suffeffihm
732 1671 742 1686 ,
779 1648 870 1691 supra
907 1647 1005 1682 nobis
1041 1646 1126 1682 dixit

240 1700 402 1735 Leontius
414 1700 636 1744 Byzantinus.
662 1696 765 1746 Qod
777 1698 882 1743 ipsum
900 1698 935 1732 in
948 1697 1129 1741 collatione

238 1750 612 1794 constantinopolitana
643 1759 720 1782 cum
749 1748 929 1782 Severianis
956 1748 1126 1791 Episcopis

237 1801 372 1834 testatur
403 1800 571 1843 Hypatius
592 1797 891 1840 Archi-Episcopus
926 1797 1125 1840 Ephefinus,

243 1849 401 1893 additque
412 1849 561 1883 eamdem
573 1849 719 1883 causam:
745 1846 917 1889 Satisfadlio
938 1849 1030 1880 Beati
1054 1849 1126 1881 Fla-

235 1904 349 1940 viani,
374 1910 466 1932 manu
494 1900 559 1940 ejus
590 1896 760 1941 perscripta
778 1920 789 1936 ,
826 1896 893 1931 EX>
917 1895 1125 1932 DUABUS

239 1949 392 1992 confitetur
404 1953 563 1981 Dominum
577 1947 704 1987 nostrum
713 1952 743 1992 J
747 1946 826 1990 esum
836 1946 985 1987 christum
998 1972 1008 1987 ‚
1036 1948 1070 1982 s&
1079 1955 1123 1980 ta-

239 2011 309 2033 men
335 1999 398 2032 EX
423 1996 625 2032 DUABUS
646 2004 673 2031 el
696 1998 805 2031 dicenti
824 1997 860 2030 N
865 1997 1050 2032 ATURIS
1070 2009 1126 2030 non

237 2054 371 2091 pepercit
392 2048 484 2080 bonus
507 2048 556 2080 ille
579 2046 747 2089 Dioscorus.
776 2050 939 2089 Propterea
958 2052 1059 2089 itaque
1084 2058 1130 2080 co··

235 2095 378 2142 gnoscens
387 2095 523 2138 sanc‘lum
534 2095 766 2138 chalcedonense
787 2097 970 2136 Concilium,
994 2103 1064 2139 quta
1084 2104 1128 2130 m-

241 2147 289 2180 hil
298 2153 343 2180 na
357 2154 466 2180 recreat
477 2158 522 2180 eos
536 2170 548 2187 ,
572 2151 698 2189 quIcum
722 2145 848 2184 Eutyche
871 2145 1066 2189 adversantur
1084 2158 1127 2179 or-

239 2196 380 2229 :hodoxae
392 2198 523 2230 duarum
532 2206 708 2230 naturarum
730 2196 909 2238 eonfeffioni‚
936 2195 992 2238 m'fi
1007 2195 1128 2240 confusa

241 2249 277 2280 o·
285 2252 445 2279 commixta
456 2271 466 2286 ,
493 2247 528 2280 <tt
538 2250 720 2291 imaginaria
729 2247 781 2280 vel
790 2246 960 2280 Mantcbaea
968 2252 1055 2279 unius
1075 2257 1126 2280 na-

238 2305 316 2328 turae
337 2296 463 2338 confefflo
475 2320 486 2336 ,
514 2297 747 2338 explanari-vam
770 2297 869 2338 potius
900 2307 997 2330 vocem
1012 2305 1127 2339 praepo-

235 2345 321 2389 suit,
357 2355 392 2379 ut
422 2345 474 2378 1N
513 2345 724 2381 DUABUS
759 2344 984 2381 NATURls
1000 2370 1011 2387 ,
1036 2357 1128 2380 unam

233 2394 391 2438 personam
403 2397 437 2430 θ
446 2405 537 2428 unam
543 2394 752 2438 subsistentiam
762 2395 949 2437 confiteretur
959 2421 967 2428 .
996 2396 1106 2432 Voces
1116 2422 1126 2438 ‚

239 2448 297 2478 Ex
308 2445 427 2479 duabus
439 2451 555 2479 naturis
567 2468 578 2484 ,
601 2444 684 2479 adeo
696 2445 770 2479 sunt
782 2443 978 2480 orthodoxae
989 2471 1000 2487 ‚
1027 2455 1063 2481 ut
1074 2458 1126 2481 eas

235 2496 275 2528 in
287 2495 349 2527 suae
372 2493 520 2528 adversus
543 2493 721 2536 Eutychen
743 2494 873 2538 Synodi
905 2495 945 2530 ad
966 2494 1127 2531 Theodo-

238 2545 319 2577 sium
332 2543 518 2587 Augustum
531 2542 706 2577 Relatione
720 2544 842 2578 usitarit
851 2567 862 2583 ‚
886 2545 920 2578 ἀ
942 2557 1042 2580 manu
1054 2556 1123 2590 pro-

238 2596 309 2637 pria
321 2592 536 2636 subscripserit
548 2592 647 2626 etiam
658 2593 791 2627 Sanetus
802 2592 974 2628 Flavianus
983 2620 991 2627 .
1028 2597 1122 2644 Qia

240 2654 350 2677 tamen
361 2642 441 2685 ipsas
463 2643 498 2675 in
511 2642 559 2675 sui
572 2641 692 2676 'erroris
713 2641 855 2686 palmare
874 2643 1123 2680 fundamentum

240 2692 666 2735 adsumpfit&Di0scoxus‚
693 2693 727 2725 ἀ
747 2693 823 2735 quia
849 2691 1041 2737 dogmatico
1065 2695 1123 2729 suo

240 2753 335 2777 tomo
345 2742 478 2777 sanstus
501 2741 571 2775 Leo
593 2752 662 2775 non
690 2741 886 2782 inseruerat,
913 2742 1020 2777 nostra
1042 2744 1122 2778 item

235 2790 395 2835 Synodus
406 2791 515 2825 noluit
526 2791 694 2834 expreffim
707 2792 743 2825 in
757 2792 811 2827 sua
819 2792 1016 2827 definitione
1027 2805 1124 2829 cano-

234 2844 364 2878 nizare.
392 2839 506 2876 Aliam
515 2843 645 2875 causam
660 2841 793 2876 adducit
817 2842 920 2876 dictus
940 2842 1099 2878 Leontius
1112 2859 1122 2878 .-

237 2894 334 2936 ‚Quod
341 2902 403 2926 vox
417 2890 472 2931 ista
482 2890 655 2933 imperfella
669 2891 733 2935 efflet
743 2915 754 2932 ,
780 2893 895 2926 nullam
911 2892 1120 2934 refutationem

236 2942 352 2976 habens
373 2942 546 2987 dogmatum
565 2940 703 2979 Eutychi:
726 2964 736 2979 ‚
756 2939 815 2984 sed
831 2943 868 2974 id
881 2940 974 2984 solum
1003 2945 1121 2985 comple-

235 2993 317 3026 Hem
329 2995 407 3035 quod
429 2989 561 3033 utrisque
576 2991 741 3032 probatur.
777 2992 887 3032 Dico,
923 2992 1118 3036 Expresstm.

233 3043 341 3076 Fuiffe
355 3043 444 3077 enim
470 3039 630 3083 implicite
652 3040 878 3075 canonizatam
897 3042 931 3076 dc
951 3043 1119 3086 Hypatius

233 3092 413 3126 testatur&
426 3089 607 3126 Leontius.
636 3090 680 3125 Et
691 3090 805 3133 probat
827 3090 881 3125 ille
895 3104 906 3124 :
932 3095 1026 3126 Beati
1046 3096 1117 3127 Fla-

232 3142 440 3176 an'amredlam
456 3143 552 3185 fidem
574 3139 743 3173 collaudans
763 3141 916 3183 synodus
938 3141 1118 3178 Chalcedo-

233 3192 339 3225 nensis
352 3216 363 3232 ,
388 3198 506 3232 omnia,
531 3201 602 3233 quae
611 3187 650 3221 ab
660 3200 692 3222 eo
702 3188 886 3233 dinastus,
910 3194 1114 3234 confirmavit.

233 3240 605 3284 Expresseconfirmavit
617 3238 846 3283 dogmaticum
868 3241 976 3275 Sansti
994 3242 1116 3277 Leonis

232 3300 383 3332 tomum,
420 3290 561 3334 ideoque
581 3291 616 3324 δε
638 3289 751 3323 omnia
775 3290 883 3324 Sancti
907 3291 1056 3325 Flaviani
1078 3293 1113 3326 in

232 3339 411 3383 Eutychen
433 3339 603 3384 synodalia
634 3338 738 3379 dista,
779 3338 893 3382 utpote
915 3351 984 3384 quae
1006 3351 1114 3376 tomus

232 3389 289 3424 ille
298 3391 528 3424 confirmabat.
558 3391 669 3438 Qare
679 3389 800 3424 Latina
809 3387 954 3433 quaedam
970 3390 1004 3425 δι
1025 3391 1110 3426 Grae-

332 3439 436 3481 christ.
447 3443 525 3484 Lupi
535 3444 620 3484 oper.
632 3442 750 3473 Toer.

1916 76 2008 126 273

1192 161 1229 184 ca
1251 149 1410 193 praesentis
1431 148 1634 186 definitionis
1653 151 1845 196 exemplaria
1857 176 1869 194 ,
1882 167 1884 171 ·
1896 147 2051 190 habentk
2064 178 2077 198 ,

1192 204 1245 233 Ex
1257 198 1370 232 duabus
1397 204 1534 239 naturis,
1559 211 1683 235 certum
1695 201 1741 236 est
1764 203 1827 236 esse
1847 205 1957 238 vitiata
1971 229 1978 236 .
2006 205 2074 239 Na·

1193 262 1262 285 tum
1283 249 1328 284 est
1352 249 1469 283 vitium
1486 260 1529 282 ex
1552 257 1642 284 textu
1664 251 1802 286 Graeco:
1830 253 1882 285 Ex
1901 254 2074 289 vicinitate

1193 300 1475 344 praepositionum,
1498 299 1560 339 ³⁰⁴,
1585 300 1641 338 δε,
1668 300 1714 332 ἕ’.
1741 301 1883 336 Addidit
1904 302 2073 346 Hypatius

1191 350 1387 390 &causam‚
1411 361 1453 384 ex
1477 359 1540 393 qua
1562 348 1670 383 Sancti
1695 350 1816 394 Cyrilli
1842 351 1883 386 ad
1909 351 2073 389 Acacium

1192 400 1439 435 Melitinensem
1451 425 1462 440 ‚
1487 398 1529 434 ad
1549 398 1763 434 Valerianum
1783 401 2009 441 Iconiensem,
2028 403 2073 439 ad

1191 450 1375 485 Successum
1396 450 1712 483 Dio—Caesareensem
1724 449 1921 496 Episcopum
1934 476 1946 493 ,
1971 461 2072 496 atque

1190 500 1231 535 ad
1255 500 1432 545 Eulogium
1468 498 1699 542 Presbyterum
1735 498 2072 546 Constantinopolita-

1191 561 1269 584 num
1279 549 1320 584 de
1330 551 1425 584 causa
1437 548 1635 584 Nestoriana
1657 549 1780 583 litteras
1798 551 1939 586 noluerit
1951 555 2070 587 confir-

1189 611 1275 634 mare
1310 600 1464 643 Synodus
1504 600 1656 643 praesens;
1683 599 1788 647 Qod
1816 611 1931 644 nempe
1957 614 2069 643 voces,

1187 654 1254 683 Una
1279 659 1392 683 natura
1419 653 1476 683 Del
1502 650 1591 683 Verbi
1605 654 1785 690 incarnata,
1812 649 1969 691 vocibus,
1992 655 2069 686 Duae

1188 708 1305 734 naturae
1318 724 1328 739 ‚
1354 699 1540 743 praeferant,
1567 700 1599 733 ὃς
1613 711 1680 732 non
1694 699 1771 733 solis
1793 697 2045 742 Eutychianistis
2058 727 2068 742 ‚

1187 749 1239 783 sed
1249 750 1281 784 δε
1296 749 1443 783 Eustatio
1457 749 1627 793 Berytensi
1642 749 1808 793 Episcopo
1822 749 2023 793 praebuissent
2036 753 2070 784 in

1189 799 1354 844 Ephesino
1374 799 1548 833 latrocinio
1574 799 1780 834 occasionem
1805 797 1935 834 labendi
1969 799 2003 834 δε
2027 801 2073 834 fo-

1188 858 1315 885 menta.
1343 850 1409 883 Eas
1423 859 1527 893 neque
1537 848 1761 889 damnandas,
1788 860 1894 893 neque
1914 859 1951 884 ut
1974 850 2072 893 syno-

1188 900 1283 940 dica,
1311 899 1344 933 id
1354 900 1400 934 est
1417 924 1428 940 ‚
1454 900 1501 934 uti
1515 899 1532 932 ὲ
1545 900 1686 944 generali
1709 899 1847 943 Synodo
1869 900 1905 933 in
1925 899 2002 934 fidei
2025 911 2073 933 re-

1187 950 1298 994 gulam
1317 951 1506 994 provestas,
1533 947 1772 994 suscipiendas,
1798 948 1850 983 sed
1876 948 2073 993 dispensato-

1188 1000 1233 1034 rie
1244 999 1415 1035 dumtaxat
1427 999 1612 1035 tolerandas
1622 1001 1668 1034 ait
1680 1000 1869 1044 Hypatius,
1891 998 1981 1043 quod
2003 1001 2073 1043 sup-

1190 1050 1359 1093 positionis
1369 1061 1424 1085 aut
1437 1050 1618 1084 falsationis
1639 1050 1821 1095 suspicione
1842 1049 2010 1088 laborent,
2036 1051 2072 1084 &

1189 1098 1382 1143 adversentur
1387 1098 1527 1143 sinodico
1539 1100 1626 1134 reblae
1644 1099 1718 1142 fidei
1727 1102 1827 1140 cyrilli
1846 1099 1989 1142 Epistolis
2001 1125 2012 1141 ,
2038 1106 2071 1133 in

1186 1149 1292 1191 quibus
1303 1151 1432 1182 duarum
1444 1159 1622 1184 naturarum
1643 1153 1746 1193 aperte*
1770 1152 1904 1185 decrevit
1925 1148 2074 1194 confestio-

1188 1211 1273 1233 nem.
1306 1199 1379 1235 Ubi
1414 1200 1567 1234 existimo
1586 1200 1776 1244 Hypatium
1799 1200 1862 1234 labi
1885 1224 1893 1232 .
1930 1200 2075 1235 Falsatas

1189 1250 1278 1283 enim
1303 1260 1361 1284 aut
1380 1250 1555 1292 suppositas
1578 1249 1740 1293 Epistolas
1762 1251 1829 1285 fine
1854 1249 2073 1286 fundamento

1191 1300 1377 1342 suspicatur.
1409 1299 1453 1334 Et
1463 1298 1558 1333 hasce
1582 1300 1835 1343 propositiones,
1862 1303 2009 1333 Dominus
2033 1300 2073 1341 eff

1188 1359 1249 1381 una
1259 1358 1372 1382 natura
1384 1352 1439 1382 Det
1454 1348 1544 1382 Verbi
1555 1354 1713 1382 incarnata
1726 1374 1736 1390 ,
1748 1351 1782 1384 &
1797 1353 1941 1383 Dominus
1953 1349 1990 1389 est
2003 1351 2073 1382 duae

1189 1408 1332 1439 naturae,
1353 1410 1421 1432 non
1433 1396 1590 1432 adversari
1600 1397 1741 1434 invicem
1751 1399 1796 1433 est
1807 1400 1865 1432 suo
1884 1398 2077 1433 locoosten-

1189 1450 1257 1483 sum
1271 1474 1279 1482 .
1309 1449 1484 1483 ostensum
1498 1448 1576 1482 item
1587 1448 1632 1482 est
1645 1473 1657 1490 ‚
1681 1460 1740 1484 cur
1762 1448 1916 1493 Synodus
1938 1450 2075 1483 canoni-

1188 1500 1253 1533 zari
1280 1498 1425 1532 noluerit
1468 1498 1650 1542 Epistulam
1687 1498 1866 1534 duodecim
1902 1498 2074 1543 Capitulo-

1191 1560 1282 1583 rum.

1238 1600 1348 1634 Etiam
1360 1599 1618 1641 utiNicaenum‚
1643 1599 1689 1634 ita
1713 1599 1748 1635 δε
1770 1599 2074 1643 Constantinopoli-

1189 1659 1303 1684 tanum
1313 1649 1511 1693 Symbolum
1524 1674 1535 1690 ,
1560 1648 1686 1695 integre
1696 1648 1918 1684 sibiinsertum
1939 1651 2072 1684 canoni·

1189 1709 1241 1733 zat
1261 1698 1414 1734 definitio
1429 1723 1440 1739 ‚
1464 1699 1605 1734 addens:
1644 1701 1789 1742 Suffieret
1808 1700 1927 1742 quidem
1949 1701 1995 1733 ad
2007 1701 2072 1742 ple-

1190 1762 1260 1782 nam
1276 1755 1466 1794 cognitionem
1485 1751 1520 1784 o·
1544 1749 1793 1792 confirmattonem
1809 1755 1935 1792 pietatis
1955 1749 2007 1782 boc
2022 1748 2076 1790 fir-

1184 1805 1272 1842 piens
1288 1798 1458 1843 &salutare
1470 1803 1593 1833 Dtvtnae
1599 1806 1708 1844 gratiae
1719 1801 1901 1842 Symbolum3
1928 1800 1964 1832 de
1976 1802 2071 1832 Patre

1188 1850 1406 1884 enim&Ftlio
1427 1851 1462 1884 (τ
1483 1852 1598 1892 Spiritu
1614 1848 1717 1893 sanHo
1735 1850 1944 1893 perfedlionem
1968 1849 2049 1883 docet
2061 1874 2072 1890 ‚

1189 1911 1224 1933 ac
1241 1904 1360 1933 Domini
1378 1898 1464 1940 nostri
1482 1899 1753 1934 inhumanationem
1758 1898 1886 1942 fideliter
1900 1904 2069 1941 accipienti-

1189 1949 1243 1984 bus
1254 1974 1265 1990 ,
1291 1950 1345 1983 seu
1356 1949 1396 1984 ad
1408 1948 1502 1984 devia
1513 1949 1646 1983 errantis
1658 1951 1717 1985 suae
1731 1949 1850 1984 mentis
1864 1947 2073 1993 phantasma-

1190 2010 1222 2035 ta
1244 2010 1313 2034 non
1332 1999 1628 2044 detorquentibus,
1654 1998 1868 2043 repraes'entat.
1895 1999 1944 2034 Ita
1969 1998 2078 2044 loqui-

1190 2059 1243 2084 tur
1255 2061 1295 2084 ex
1309 2049 1485 2084 Sardicensi
1506 2051 1672 2091 Decreto,
1699 2060 1830 2085 vetante
1848 2048 2014 2084 conscribi
2038 2050 2075 2083 fi-

1190 2100 1267 2135 dem
1279 2110 1336 2135 aut
1353 2099 1582 2135 definitionem
1593 2099 1692 2133 aliam
1703 2099 1719 2133 a
1731 2100 1865 2134 Nicaena
1875 2118 1896 2130 ,ν
1911 2096 2017 2133 Addit
2041 2099 2075 2133 se

1189 2151 1207 2186 a
1227 2150 1322 2184 novis
1346 2161 1511 2185 novorum
1539 2148 1761 2184 haereticorum
1783 2149 1818 2183 in
1843 2146 2071 2183 Christianum

1189 2200 1311 2246 dogma
1328 2197 1502 2235 insultibus
1524 2200 1680 2244 compelli
1703 2198 1744 2234 ad
1764 2198 1907 2243 quaedam
1929 2198 2073 2234 lucidius

1192 2251 1225 2284 ὅ(
1263 2250 1384 2294 largius
1417 2249 1628 2294 exponenda.
1665 2249 1830 2293 Exponit.-
1867 2248 1911 2282 Et
1937 2246 2072 2283 tandem

1193 2298 1391 2344 Ephesinutn
1401 2300 1577 2335 Canonem
1586 2298 1627 2334 de
1639 2299 1729 2334 nulla
1740 2299 1781 2334 ad
1802 2297 1998 2343 Symbolum
2021 2298 2074 2333 vel

1191 2349 1308 2384 vocula
1318 2349 1468 2384 addenda
1479 2351 1619 2384 innovat
1629 2375 1640 2391 ,
1667 2346 1734 2384 haec
1747 2348 1841 2384 verba
1852 2371 1863 2388 ‚
1882 2350 2008 2391 sapiens
2021 2347 2074 2381 boc

1191 2401 1226 2435 (5
1231 2399 1365 2444 salutare
1374 2402 1500 2434 Divina
1505 2405 1617 2444 gratia
1627 2400 1783 2438 symbolum
1791 2424 1804 2440 ,
1828 2397 1968 2432 omnino
1978 2397 2075 2433 intel-

1190 2450 1297 2495 ligens
1311 2448 1353 2484 de
1364 2449 1738 2493 Constantinopolitano
1748 2473 1756 2482 .
1783 2449 1831 2483 lta
1842 2449 1950 2492 ipsum
1962 2448 2072 2483 adver-

1187 2500 1240 2534 sus
1253 2497 1519 2543 Eutychianistas
1528 2499 1702 2534 canonizat
1714 2524 1725 2540 ,
1751 2510 1787 2533 ac
1798 2497 1998 2541 Ephesinum
2009 2498 2073 2533 Ca-

1190 2560 1310 2585 nonem
1320 2548 1360 2583 de
1370 2550 1460 2593 ipso,
1486 2559 1555 2584 non
1567 2548 1687 2582 desolo
1699 2547 1838 2583 Nicaeno
1860 2547 2001 2582 declarat
2022 2548 2071 2582 in-

1186 2598 1401 2645 telligendum
1411 2623 1418 2630 .
1446 2599 1490 2632 Et
1501 2596 1569 2632 haec
1581 2596 1626 2632 est
1640 2598 1744 2638 ratio,
1769 2607 1826 2631 cur
1838 2596 1984 2641 pluribus
1993 2598 2071 2641 Epi-

1187 2650 1311 2693 scopis,
1338 2658 1451 2683 vocem
1472 2650 1606 2690 Deipara
1627 2645 1789 2690 Symbolo
1811 2646 1982 2682 adversum
2004 2648 2071 2682 Ne·

1185 2699 1341 2733 storianos
1363 2697 1460 2732 inseri
1482 2695 1721 2741 postulantibus
1747 2696 1993 2738 instantissime,
2018 2709 2069 2732 ac-

1184 2748 1346 2793 quiescere
1367 2747 1509 2782 noluerit
1523 2747 1631 2782 nostra
1642 2745 1814 2790 Synodus,
1839 2748 1980 2782 inserens
2004 2748 2066 2782 suae

1184 2798 1352 2833 dumtaxat
1363 2796 1569 2833 definitioni.
1594 2796 1731 2832 Inserere
1744 2795 1884 2832 omnino
1894 2808 2042 2843 potuerat
2055 2812 2067 2832 .-

1184 2847 1473 2883 Atinnovatuma
1493 2848 1527 2883 se
1547 2847 1720 2884 Canonem
1745 2847 1853 2882 noluit
1874 2848 1925 2882 vel
1941 2849 1977 2883 in
2003 2849 2069 2893 spe-

1182 2898 1267 2932 ciem
1278 2898 1389 2933 laedere
1403 2923 1410 2930 .
1432 2897 1476 2932 Et
1486 2895 1552 2933 huc
1562 2899 1677 2942 spestat
1688 2898 1789 2943 longa
1801 2898 1857 2932 illa
1868 2897 1900 2931 in
1914 2897 2069 2942 prospho-

1185 2949 1292 2984 netico
1302 2948 1342 2983 ad
1354 2949 1564 2983 Marcianum
1576 2948 1765 2994 Augustum
1789 2949 1936 2983 sermone
1957 2948 2068 2993 apolo-

1181 2998 1233 3042 gia
1244 3023 1255 3039 ‚
1281 2998 1474 3042 amplissime
1485 2999 1642 3042 exemplis
1651 2997 1825 3033 ostendens
1838 3022 1849 3038 ,
1864 2999 1986 3042 semper
1995 3009 2066 3032 non

1181 3048 1286 3082 solum
1309 3047 1515 3093 generalibus
1535 3059 1591 3082 aut
1613 3046 1867 3092 provincialibus
1899 3048 2066 3092 Synodis,

1178 3108 1234 3132 aut
1260 3098 1418 3131 Romanae
1432 3097 1579 3131 Ecclesiae
1600 3096 1835 3138 Pontificibus,
1861 3096 1915 3133 sed
1937 3098 1972 3131 δε
1993 3099 2065 3131 aliis

1178 3146 1356 3191 quibusque
1378 3147 1550 3189 Episcopis
1572 3147 1698 3182 licuisse
1720 3146 1940 3183 Christianam
1963 3147 2065 3181 fidem

1178 3195 1348 3231 adversum
1384 3194 1545 3230 haereticas
1580 3197 1755 3232 verborum
1794 3198 1957 3232 novitates
1983 3197 2059 3230 aliis

1177 3257 1275 3288 quam
1309 3245 1459 3288 Symboli
1495 3246 1631 3281 vocibus
1652 3246 1836 3288 elucidare,
1872 3246 2065 3281 concedere-

1177 3307 1261 3340 que,
1287 3294 1362 3328 licet
1386 3307 1456 3330 non
1475 3306 1598 3331 novum
1620 3297 1656 3330 in
1678 3297 1749 3331 dies
1770 3295 1988 3339 Symbolum,
2015 3306 2064 3331 ta-

1177 3356 1251 3380 men
1268 3355 1371 3379 novas
1394 3344 1543 3389 quotidie
1568 3346 1646 3381 fidei
1671 3345 1897 3381 definitiones.
1924 3345 2064 3390 Elegan-

1176 3395 1328 3430 tisfimam
1352 3395 1541 3441 apologiam
1563 3397 1681 3440 infigni
1703 3395 1903 3441 compendio
1928 3394 2063 3430 exhibet

1573 3446 1614 3481 M
1655 3455 1690 3480 m
1741 3457 1763 3484 2
1976 3446 2012 3480 in
