2340 3736
685 116 750 146 ne
787 96 1011 162 Qumra
1047 93 1284 144 SYNono
1317 103 1636 146 G'ENERALI.

249 187 300 221 liae
325 213 336 229 ‚
361 186 480 222 Africae
505 211 515 227 ,
546 194 584 219 ac
604 183 727 227 lllyrici
765 183 941 227 Episcopos
965 206 976 222 ‚
999 193 1112 217 omnes

248 238 419 280 spectantes
449 236 490 270 ad
526 233 773 268 Occidentalem
811 234 985 270 Ecclesiam
1024 256 1036 273 ‚
1062 233 1114 267 seu

247 285 505 321 Patriarchatum
529 284 721 318 Romanum
746 309 752 315 .
790 285 842 317 Ex
862 295 929 327 quo
949 282 1033 316 lucet
1055 293 1113 316 nu-

246 347 337 380 peros
347 333 522 379 Epiphanii
545 332 734 368 Patriarchae
754 332 1112 376 Constantinopolitani

244 385 286 420 ad
318 384 535 419 invadendam
571 384 791 428 Illyricianam
831 382 979 417 dioecefin
1016 393 1112 416 cona·

243 445 294 469 tus
312 435 330 469 a
349 434 521 469 Bonifacio
558 433 698 468 secundo
722 433 884 466 Pontifice
906 431 997 465 fuisse
1023 431 1117 474 plene

241 485 387 525 retusoS,
412 485 446 519 ὃς
474 483 675 518 exsufflatos.
701 483 822 530 Qales
842 481 919 515 vero
929 482 1030 515 effent
1043 481 1115 520 isti,

241 534 362 568 Africae
382 534 549 577 praesertim
572 533 747 578 Episcopi,
773 529 864 575 supra
890 531 1073 564 audivimus
1092 531 1110 565 a

241 583 330 617 Cleri
350 584 455 618 Italici
476 584 591 618 litteris
614 607 627 623 ‚
649 582 684 615 &
713 581 854 616 omnino
876 579 999 623 optime
1020 590 1113 614 norat

240 632 404 678 Vigilius,
429 641 524 676 atque
544 633 589 667 ita
610 628 726 666 merito
751 630 859 664 noluit
878 630 913 664 in
939 630 1110 673 Synodum

238 684 442 718 consentire.

288 733 493 780 Qapropter
502 731 603 765 altero
623 729 698 771 die,
725 732 865 774 septimo
876 732 990 765 menfis
1000 730 1086 765 Maii
1098 755 1109 771 ,

238 783 279 818 ad
298 784 391 816 illum
414 781 609 825 Justinianus
628 780 794 824 Augustus
810 781 929 825 legavit
941 780 1108 814 Liberium

237 833 407 877 patricium
418 855 430 870 ,
456 830 589 864 Petrum
599 831 770 873 patricium
782 831 816 865 δε
837 831 1027 875 magistrum
1040 832 1109 864 offi-

237 884 365 916 ciorum
388 905 399 921 ‚
424 879 600 914 Patricium
623 880 793 923 patricium
816 905 827 921 ,
854 880 1109 914 Constantinum

237 932 437 982 Qaestorem
458 929 535 963 sacti
557 929 674 964 Palatii
692 954 704 970 ,
733 930 934 964 Bellisarium
956 954 966 969 ‚
992 928 1108 963 Cethe-

236 981 327 1025 gium
337 1005 349 1021 ,
375 980 568 1020 Rusticum,
593 980 631 1014 &
648 991 727 1016 curn
750 979 813 1014 illis
828 981 933 1014 varios
943 980 1108 1023 Metropo-

234 1031 308 1063 litas
330 1042 368 1064 ac
380 1030 602 1064 Provinciales
613 1030 790 1073 Epist—opos
802 1054 813 1070 ,
840 1042 881 1064 ex
893 1030 947 1064 sua
961 1028 1108 1074 Augusta

207 1093 208 1103 ¹
234 1091 322 1122 parte
344 1079 601 1123 supplicaturos,
625 1090 659 1113 ut
678 1086 847 1114 conveniret
868 1079 908 1113 ad
920 1078 1088 1123 Synodum
1101 1102 1111 1117 ‚

234 1133 269 1163 (2¹
291 1130 431 1162 tranant
443 1131 480 1163 de
503 1130 597 1163 trihus
610 1131 746 1172 capitulis
760 1154 771 1170 ,
796 1130 845 1162 his
863 1136 914 1173 qui
925 1131 1028 1163 volunt
1036 1128 1111 1170 fidu-

233 1185 309 1212 ciam
330 1204 342 1219 ,
368 1178 402 1212 id
423 1180 466 1213 est
488 1202 499 1217 ‚
525 1181 654 1222 plenam
678 1178 858 1214 libertatem
880 1203 891 1219 ‚
929 1178 1108 1212 habentibus

234 1230 473 1268 contradicendi,
487 1239 532 1261 -ut
544 1237 598 1269 per
608 1240 787 1262 communem
806 1226 970 1272 confi’nsum
981 1233 1109 1261 omnium

229 1276 319 1319 finem
333 1276 490 1321 susciperet
508 1277 598 1319 causa
623 1284 716 1313 trium
741 1280 944 1320 Capitulorum
957 1303 964 1309 .
992 1277 1108 1311 Eidem

231 1323 377 1362 calendis
399 1327 484 1360 Maii
506 1327 611 1370 ipsum
633 1338 710 1360 curn
720 1327 839 1361 eisdem
851 1327 996 1370 precibus
1008 1328 1110 1362 acces·

230 1378 358 1418 serant3
385 1375 493 1410 verum
511 1375 669 1413 Pontifex
690 1377 831 1421 perstitit
849 1377 1048 1419 immobilis,
1074 1380 1108 1412 (θ’

226 1429 370 1469 plurimis
379 1428 416 1461 de
426 1426 477 1460 boc
487 1433 573 1459 motis
580 1426 742 1469 postulavit
755 1429 893 1460 inducias
903 1434 1031 1469 accipere
1045 1450 1055 1466 ‚
1074 1438 1108 1461 ut

225 1475 307 1519 solus
331 1474 522 1518 respondeat.
550 1472 657 1518 Norat
667 1477 804 1520 qualiter
814 1477 880 1520 jam
899 1477 917 1510 a
930 1477 1109 1520 Iustiniano

230 1528 383 1560 trastatus
407 1528 532 1567 suerat,
559 1527 592 1560 &
616 1527 753 1570 qualiter
763 1528 844 1561 foret
857 1527 892 1560 in
905 1527 1040 1569 Synodo
1051 1538 1108 1561 tra-

232 1570 385 1610 &andu'sl
414 1576 457 1609 Et
477 1576 518 1609 ad
542 1575 636 1610 illum
656 1576 797 1621 Legati:
824 1577 907 1609 solus
930 1578 1046 1619 quidem
1055 1575 1109 1620 sae-

228 1627 300 1667 pius
321 1624 484 1668 inscriptis
496 1626 691 1666 condemnasti
712 1626 766 1666 ista
775 1631 838 1658 tria
849 1628 980 1667 capitula
993 1650 1003 1665 ‚
1021 1627 1109 1668 pnffi-

234 1687 303 1708 mus
326 1683 423 1708 autem
445 1679 589 1708 Dominus
615 1682 649 1708 in
669 1680 813 1709 communi
835 1677 903 1709 vult
923 1679 964 1710 Te
973 1679 1033 1709 una
1043 1688 1108 1709 cum

232 1724 303 1757 aliis
313 1731 465 1757 convenire
476 1749 487 1764 ,
513 1727 547 1758 (τ
551 1724 592 1766 fic
601 1727 639 1758 de
649 1724 697 1758 his
702 1727 853 1766 judicium
859 1724 925 1766 fieri
935 1751 942 1757 .
970 1729 1014 1758 De
1024 1728 1106 1759 indu-

228 1778 285 1805 ciis
306 1777 377 1807 vero
399 1775 434 1807 6*
450 1782 508 1815 per
529 1772 586 1806 alio
593 1787 609 1807 s
614 1773 746 1818 suggeffit
758 1785 809 1807 tua
821 1777 1107 1816 Beatitudopitffimo

229 1825 356 1856 Domino
369 1847 380 1863 ,
405 1825 439 1857 Θ
457 1821 608 1865 respondit
629 1826 694 1864 ejus
716 1824 880 1865 Majestas,
906 1826 986 1866 quod
1002 1824 1032 1866 fi
1042 1831 1106 1868 qui-

227 1873 298 1905 dem
309 1874 508 1907 'conveniatis
524 1885 587 1906 cum
598 1873 762 1914 beatiffimis
775 1874 964 1906 Patriarcbis
976 1898 987 1914 ,
1013 1876 1047 1908 <5
1061 1887 1105 1909 re-

229 1921 403 1966 Bgioli'ffimis
423 1921 574 1965 Episcopls
584 1947 594 1963 ,
620 1922 782 1965 secundum
806 1924 885 1966 quod
901 1930 978 1957 inter
991 1936 1044 1958 vos
1058 1932 1104 1958 vi-

229 1969 298 2015 sum
319 1973 377 2012 est,
402 1972 537 2005 debentes
559 1973 689 2006 tratiare
710 1975 744 2007 (9⁹
766 1980 952 2006 communiter
962 1975 998 2007 dc
1010 1974 1103 2008 tribus

232 2023 373 2062 capitulis
385 2021 535 2064 disponere
545 2044 555 2059 ,
574 2023 692 2063 praebeo
705 2035 763 2056 non
779 2022 872 2066 solum
884 2033 1015 2066 quantas
1029 2037 1104 2058 nunc

230 2071 329 2102 dicitis
342 2072 476 2103 inducias
494 2095 504 2110 ,
527 2070 682 2114 sedetiam
693 2073 832 2115 longiores
846 2086 855 2115 ·‚
875 2073 922 2113 fin
944 2084 1042 2107 autem
1050 2083 1104 2116 per

226 2118 414 2163 semetipsum
434 2129 488 2153 tua
499 2122 664 2154 Beatitudo
674 2122 742 2154 vult
746 2120 834 2164 suam
852 2123 1038 2163 manifestare
1055 2136 1104 2157 vo·

228 2170 377 2202 luntatem
388 2191 397 2207 ‚
424 2171 526 2214 necesse
549 2170 586 2211 est
599 2183 651 2204 nos
666 2177 757 2204 etiam
768 2172 806 2203 ab
819 2172 867 2204 his
879 2198 889 2213 ‚
916 2177 966 2214 qui
981 2182 1102 2215 propter

230 2218 283 2251 boc
302 2225 400 2252 vocati
417 2218 491 2262 sunt
515 2220 700 2264 religiofifflmi
722 2223 912 2262 Sacerdotes,
938 2224 1102 2256 &tantum

229 2276 348 2310 tempus
361 2268 407 2301 bic
415 2276 584 2302 commorati
596 2270 666 2313 sunt
679 2294 689 2309 ‚
709 2268 843 2314 Jjnodice*
862 2274 894 2304 di
907 2283 966 2305 cere
978 2297 988 2312 ‚
1015 2285 1103 2314 quam

229 2319 267 2350 de
287 2316 335 2350 bis
346 2318 466 2351 ,habent
476 2321 675 2353 voluntatem.
707 2325 775 2353 Nos
787 2329 884 2354 autem
896 2333 952 2354 non
958 2323 1101 2365 poffumus

229 2370 287 2400 Dei·
307 2367 462 2408 Ecclesiam
474 2371 594 2402 ulterius
607 2376 638 2401 in
653 2379 742 2402 tanta
762 2370 918 2411 confufione
927 2373 1100 2414 relinquere,

229 2419 361 2450 maxime
379 2417 526 2451 haerett'cis
547 2420 797 2452 calumniantibus
822 2422 886 2460 eius
909 2423 1075 2455 sacerdotes
1089 2447 1099 2462 ,

228 2476 382 2509 tamquam
404 2467 531 2507 Nestorii
548 2467 702 2510 sequaces:
730 2469 862 2512 Utique
884 2470 929 2503 ob
943 2472 1002 2504 tria
1014 2473 1097 2516 capi-

227 2516 295 2549 tula
318 2516 459 2550 necdum
483 2517 607 2550 abillis
628 2518 779 2552 damnata
807 2543 813 2550 .
854 2519 977 2553 Verum
998 2523 1096 2556 etiam

228 2574 308 2598 tunc
321 2565 467 2610 Vigilius
478 2566 611 2607 perstitit
625 2591 634 2606 ‚
661 2569 695 2601 (θ’
706 2574 810 2600 iterum
816 2569 945 2611 promifit
956 2569 1035 2613 solus
1044 2572 1093 2613 fa-

197 2635 199 2637 -
226 2625 312 2652 cere,
338 2616 371 2648 &⁶
393 2614 594 2658 transmittere
599 2617 718 2657 pitffimo
728 2621 881 2659 Principi.
910 2620 1094 2655 Etmetito:

229 2664 364 2696 Etenim
383 2675 456 2698 ante
475 2677 609 2699 omnem
631 2667 866 2709 Episcoporum
876 2678 1073 2703 conventum
1085 2697 1093 2711 ,

224 2723 298 2747 ante
313 2714 504 2748 invocatum
517 2716 669 2758 Spiritum
687 2717 826 2750 sanctum
840 2742 849 2757 ‚
875 2718 939 2760 jam
952 2719 969 2750 a
983 2719 1094 2753 Theo-

225 2764 308 2796 doro
329 2763 542 2811 Cappadocia?
561 2763 842 2809 Archi-Episcopo
864 2768 1032 2802 instructus
1043 2769 1093 2812 Ju-

224 2812 383 2847 stinianus
404 2823 498 2848 norat
518 2813 596 2858 quid
617 2817 692 2848 eliet
720 2815 754 2847 in
774 2812 910 2858 Synodo
933 2818 1090 2859 facturus,

225 2862 363 2905 ideoque
375 2863 472 2898 talem
483 2874 682 2898 conventuri
694 2865 839 2910 Vigilius
849 2866 1047 2901 aversabatur
1057 2895 1064 2901 .

272 2912 420 2947 Secunda
440 2913 539 2957 igitur
559 2914 705 2948 Collatio
729 2941 739 2956 ,
775 2916 856 2949 fasta
880 2918 996 2950 octavo
1014 2918 1090 2952 Idus

223 2961 352 3004 Majas,
378 2962 499 2996 audivit
523 2961 616 2997 hasce
636 2965 713 2997 duas
724 2964 764 2998 ad
782 2964 946 3009 Vigilium
959 2967 1090 3011 legatio-

222 3023 298 3051 nes,
325 3012 358 3045 &
376 3012 590 3055 gloriofiffimi
608 3012 731 3055 Judices
749 3015 974 3050 concluserunt
989 3031 995 3049 :
1022 3022 1089 3050 Nos

222 3060 294 3101 hoc,
319 3064 398 3103 quod
411 3062 477 3102 juffi
490 3061 594 3105 sumus
606 3064 751 3105 apiiffimo
762 3067 963 3107 Imperatore,
984 3069 1083 3109 imple-

223 3116 346 3151 vimus,
373 3112 406 3144 &
428 3116 504 3143 imus
520 3113 564 3144 aa'
574 3111 693 3155 sacrum
702 3116 765 3154 ejus
776 3115 929 3147 Palatium
940 3140 951 3155 ,
977 3122 1008 3148 in
1020 3119 1085 3158 ejus

219 3158 387 3202 obsequium
393 3159 580 3204 permansuri
591 3186 598 3194 .
626 3166 683 3195 Vos
700 3172 800 3196 autem
811 3166 867 3197 Dei
879 3171 1012 3199 timorem
1017 3174 1087 3209 prae

218 3211 306 3242 oculis
330 3210 470 3243 habentes
482 3235 492 3251 ,
518 3213 633 3244 celerem
650 3213 740 3254 finem
759 3212 854 3256 causae
874 3220 1019 3257 imponere
1040 3217 1086 3248 di-

215 3263 371 3302 gnamini,
396 3266 616 3294 convenientem
628 3260 696 3300 his,
721 3265 819 3304 quaeti
835 3262 949 3306 sanblis
959 3274 1085 3308 quatuor

220 3310 357 3342 Concilns
368 3311 405 3343 de
416 3322 477 3343 una
497 3312 653 3353 eademque
660 3311 722 3353 fide
739 3313 863 3354 definita
871 3312 945 3356 sunt
956 3339 964 3347 .
989 3314 1087 3349 Man-

221 3356 300 3390 dant
309 3358 496 3403 Episcopis‚
521 3371 557 3395 ut
568 3360 632 3393 fine
646 3361 776 3405 Vigilio
789 3386 800 3402 ‚
825 3362 905 3395 citra
924 3364 1085 3399 rationem

222 3405 400 3452 refragante
413 3433 423 3448 ‚
449 3411 568 3444 faciant
582 3410 750 3453 Synodum
763 3434 774 3450 ‚
798 3411 977 3457 finiantque
986 3413 1086 3449 trium

317 3455 420 3498 christ.
431 3462 506 3502 Lupi
516 3464 598 3503 oper.
611 3463 686 3495 Tom.
700 3464 737 3492 IL

1886 121 1903 150 1
1918 105 1941 151 8
1955 120 1974 164 5

1180 182 1396 227 capitulorum
1417 181 1507 215 litem
1519 205 1530 222 ,
1557 184 1666 218 verum
1686 181 1904 225 conformiter:
1917 186 1956 222 ad
1967 199 2043 231 qua-

1179 243 1252 267 tuor
1264 232 1382 277 priores
1391 231 1555 277 generales
1566 233 1736 276 synodos,
1761 238 1929 279 praesertim
1947 237 2044 274 Chat-

1179 283 1392 317 cedonensem
1403 307 1421 315 ‚2
1439 281 1667 326 Capitulorum
1688 286 1816 328 patroni
1833 286 2043 325 adfirmabant

1179 333 1235 366 illa
1247 332 1380 376 probata
1389 330 1755 376 per-Chalcedonensem
1765 335 1934 379 Synodum
1944 360 1955 375 ‚
1980 338 2044 372 fine

1177 383 1244 425 ejus
1265 382 1384 426 injuria
1404 382 1561 416 retraetari
1582 392 1651 416 non
1673 386 1759 425 poffe
1778 410 1788 425 ,
1813 385 1913 430 longe
1933 385 2042 421 minus

1176 431 1324 466 damnari
1334 457 1345 473 ,
1370 432 1404 466 &
1416 432 1434 466 a
1446 431 1631 466 Theodoto
1648 430 1841 475 Cappadoce
1850 437 2043 470 circumscri-

1176 490 1266 526 ptum
1289 481 1473 526 Principem
1493 482 1696 526 degenerasse
1716 482 1752 516 in
1763 485 1966 520 manifestum
1975 485 2042 528 ejus

1177 532 1450 575 praevaricatorem
1461 558 1468 565 .
1496 530 1678 566 Adversum
1694 531 1771 565 istos
1783 534 1910 568 voluere
1921 536 2042 580 glorio-

1175 584 1195 615 sl
1217 582 1345 626 Judices
1355 584 1483 616 causam
1493 593 1533 616 ex
1545 579 1801 616 Chalcedonenfi
1816 583 1949 624 Synodo
1960 585 2041 626 judi-

1174 631 1248 672 cari,
1260 631 1516 675 addideruntque
1527 631 1744 675 Iustinianum
1755 631 1816 665 esse
1828 631 1978 674 ejusdem,
1991 637 2040 669 uti

1174 681 1208 714 ἀ
1217 680 1352 715 aliarum
1364 682 1461 715 trium
1470 705 1482 722 ,
1507 681 1729 717 zelofiffimum
1739 680 1907 716 custodem
1919 704 1930 720 ‚
1950 693 2042 725 utpo-

1173 741 1204 764 te
1226 731 1282 773 qui
1302 741 1417 764 omnes
1439 740 1577 772 quatuor
1600 731 1695 766 sacris
1717 731 1863 766 Ecclefiae-
1878 731 2042 777 dyptichis

1173 781 1267 814 inseri
1292 781 1325 814 δε
1347 779 1506 823 praedicari
1527 780 1627 820 fecit,
1653 783 1734 823 quod
1742 790 1811 815 ante
1827 787 1980 824 imperium
1992 784 2043 813 Dt-

1173 836 1284 863 vinitas
1301 836 1328 863 ei
1339 832 1443 863 datum
1454 836 1485 862 in
1493 828 1601 871 sanc‘la
1611 834 1641 863 E
1644 829 1738 872 cclefia
1748 843 1803 863 non
1811 831 1992 872 procedebat.

1220 880 1298 915 Post
1319 891 1432 914 eorum
1454 881 1611 924 egressum
1635 879 1738 913 Graeci
1760 880 1912 924 Episcopi
1923 880 2043 924 judica-

1173 941 1248 964 runt
1256 930 1474 964 obediendum
1488 929 1630 973 Principi
1643 954 1654 970 ,
1678 930 1859 968 faciendam
1871 930 2044 974 Synodum

1171 980 1238 1014 fine
1249 979 1410 1014 Pontifice
1422 1004 1432 1019 ,
1457 978 1664 1014 advocandos
1686 990 1794 1017 tamen
1817 981 1873 1024 ipsi
1886 979 2043 1014 adhaeren-

1173 1039 1220 1063 tes
1245 1030 1389 1063 Romani
1412 1028 1650 1070 patriarchatus
1681 1031 1856 1074 Episcopos
1878 1055 1889 1070 ,
1925 1030 2046 1065 Prima-

1169 1080 1249 1112 fium
1261 1090 1301 1112 ex
1317 1078 1480 1113 Africanae
1492 1078 1664 1113 dioeceseos
1676 1080 1848 1114 Provincia
1861 1081 2043 1123 Byzacena,

1172 1128 1382 1163 Sabinianum
1396 1151 1407 1167 ‚
1432 1128 1613 1171 projectum
1626 1152 1637 1167 ‚
1659 1130 1693 1162 &
1705 1129 1845 1171 Paulum
1856 1142 1898 1164 ex
1916 1130 2042 1164 dioecefi

1171 1177 1356 1221 illyriciana
1372 1203 1380 1210 .
1405 1179 1507 1212 Fuere
1529 1179 1657 1213 invitati
1679 1191 1733 1223 per
1745 1179 1966 1214 Theodorum
1977 1181 2043 1223 Ly-

1171 1229 1277 1261 miron
1300 1253 1311 1270 ,
1337 1227 1532 1261 Anatolium
1558 1228 1672 1270 Cymae
1693 1253 1704 1269 ,
1731 1230 1765 1263 &
1792 1230 2043 1274 Diogenianum

1173 1277 1372 1322 Episcopum
1393 1277 1668 1321 Zozopolitanum
1693 1303 1703 1318 ,
1729 1290 1789 1312 nec
1810 1290 1879 1313 non
1903 1278 2044 1313 Ammo-

1173 1328 1265 1361 nium
1290 1353 1301 1369 ,
1338 1327 1470 1361 Petrum
1499 1351 1509 1367 ,
1544 1328 1578 1361 ὃ(
1604 1327 1822 1370 Theodorum
1849 1353 1862 1368 ,
1897 1329 2043 1363 Ecclefiae

1173 1377 1547 1420 Constantinopolitanae
1558 1376 1766 1420 Presbyteros
1777 1390 1813 1411 ac
1828 1378 2021 1412 Defensores
2032 1391 2041 1420 ;

1172 1427 1282 1461 verum
1305 1426 1476 1461 Primafius
1509 1427 1689 1470 Episcopus
1719 1427 1980 1462 Adrumentinus
2000 1440 2044 1461 re·

1172 1477 1322 1520 spondit:
1349 1479 1438 1519 Papa
1461 1488 1517 1509 non
1533 1474 1701 1519 praesente,
1727 1489 1785 1510 non
1799 1483 1900 1511 venio.
1928 1477 1973 1511 Et
1988 1478 2042 1511 sa-

1171 1526 1325 1561 binianus
1349 1527 1529 1570 Episcopus
1550 1527 1757 1569 Zyparenus':
1786 1531 1892 1561 Venire
1910 1539 1968 1560 non
1974 1526 2043 1570 pos-

1166 1576 1256 1620 sum,
1281 1579 1313 1610 eo
1335 1578 1415 1619 quod
1431 1575 1536 1618 preest«)
1561 1587 1616 1608 non
1637 1576 1674 1614 est
1686 1575 1947 1620 Archi-Episcopus
1960 1589 2042 1610 meus

1171 1629 1345 1665 Benenatus
1359 1651 1365 1657 .
1395 1627 1437 1660 Et
1461 1625 1623 1667 projeetus
1635 1627 1814 1670 Episcopus
1826 1620 2019 1661 Naizitanu's'
2033 1641 2041 1660 :

1171 1674 1449 1719 Archi-Episcopum
1473 1678 1660 1708 Benenatum
1681 1678 1807 1718 acced03
1834 1679 1868 1711 Θ
1889 1677 1933 1708 ad
1953 1688 2040 1717 eum,

1170 1728 1221 1760 seu
1231 1726 1321 1769 juxta
1332 1738 1407 1760 eum
1419 1749 1431 1765 ,
1456 1724 1631 1768 respondeo.
1662 1726 1787 1760 Eodem
1800 1726 1901 1760 modo
1915 1727 2040 1770 respon-

1168 1775 1216 1810 dit
1238 1775 1355 1810 Paulus
1376 1776 1553 1818 Episcopus
1574 1776 1716 1810 secundae
1739 1777 1924 1820 Justinianae
1948 1799 1956 1808 .
1994 1777 2041 1810 Et

1169 1826 1320 1868 Synodus
1343 1827 1381 1859 ad
1395 1826 1452 1859 ista
1465 1825 1522 1859 fibi
1537 1825 1652 1859 relata:
1680 1830 1725 1859 De
1739 1825 2041 1869 Primafiosecundum

1169 1875 1389 1918 Ecclefiasticam
1412 1877 1601 1908 traditionem
1626 1884 1783 1918 opportuno
1816 1884 1941 1918 tempore
1973 1888 2040 1918 quae

1167 1934 1276 1967 oportet
1305 1924 1521 1968 disponantur;
1547 1926 1711 1958 Sabiniano
1723 1935 1840 1967 autem,
1867 1927 1901 1959 (⁴2⁶
1923 1927 2016 1958 Paulo
2029 1950 2040 1965 ‚

1168 1977 1202 2009 Θ·
1228 1976 1376 2016 Projec‘io,
1404 1975 1643 2014 reverendiffimis
1656 1974 1831 2018 Epiftopis,
1857 1974 1971 2015 licebit,
1992 1974 2040 2019 se-

1168 2026 1293 2058 cundum
1305 2026 1383 2068 quod
1387 2031 1552 2067 petierunt,
1562 2027 1608 2057 ad
1616 2028 1800 2059 Benenatum
1810 2025 2038 2069 religiosr'ffimum

1168 2074 1346 2118 Episcopum
1358 2077 1490 2108 accedere
1500 2099 1511 2116 ‚
1538 2081 1587 2117 qui
1597 2081 1787 2108 communicat
1797 2075 1880 2108 nobis
1893 2099 1903 2114 ,
1930 2076 1965 2108 (θ’
1974 2086 2038 2108 con-

1161 2124 1258 2168 sentit
1272 2125 1320 2157 his
1331 2150 1342 2165 ,
1368 2136 1434 2166 quae
1457 2124 1496 2156 ab
1517 2124 1573 2157 hac
1583 2125 1688 2163 synodo
1697 2134 1824 2168 aguntur
1837 2149 1847 2164 ,
1866 2123 1939 2165 ficut
1950 2123 2037 2165 oflen-

1166 2176 1243 2207 dunt
1253 2185 1287 2207 ea
1298 2200 1308 2215 ,
1334 2172 1639 2217 quaesaepiusscripfit
1651 2176 1684 2208 ἤτ’
1690 2174 1766 2216 fecit
1778 2187 1784 2206 ;
1812 2178 1858 2206 Et
1872 2175 1953 2216 quod
1962 2173 2037 2206 Pbo-

1165 2236 1237 2264 cas‚
1264 2223 1472 2268 religiofiffimus
1487 2223 1650 2266 Episcopus
1663 2249 1672 2263 ,
1693 2221 1749 2267 sub
1770 2225 1834 2264 ejus
1845 2222 1956 2264 dioecefi
1970 2234 2035 2257 con-

1157 2274 1279 2314 stitutus
1295 2298 1305 2314 ,
1326 2273 1434 2315 praesto
1456 2272 1492 2313 est
1517 2272 1581 2306 huic
1598 2272 1702 2316 sanilo
1727 2276 1852 2307 Concilio
1872 2297 1882 2312 ‚
1908 2275 2034 2307 &vices

1162 2326 1224 2365 ejus
1239 2330 1302 2367 agit
1314 2348 1321 2354 .
1333 2326 1378 2355 Et
1391 2322 1453 2355 haec
1463 2324 1581 2365 quidem
1586 2323 1625 2364 sic
1636 2325 1824 2357 ordinentur.
1842 2327 2033 2366 Incongruum

1162 2383 1258 2406 autem
1279 2373 1481 2406 Sacerdotibus
1500 2373 1550 2416 effe
1567 2381 1708 2415 putantes
1717 2372 1888 2415 protrahere
1898 2375 2033 2406 dandum

1161 2426 1181 2456 ἃ
1204 2423 1286 2455 nobis
1311 2420 1479 2465 responsum
1503 2421 1736 2463 Christianiffimo
1748 2428 1942 2465 Imperatori,
1969 2425 2031 2456 Deo

1152 2475 1296 2513 juvante,
1303 2472 1408 2514 futuro
1418 2473 1467 2505 die
1477 2478 1682 2506 convenientes
1694 2474 1761 2516 quae
1773 2481 1883 2514 oportet
1893 2484 2014 2516 agemus
2021 2499 2028 2505 .

1161 2521 1289 2556 Phocas
1302 2522 1357 2556 ille
1367 2532 1433 2555 erat
1451 2521 1629 2566 Episcopus
1641 2523 1802 2556 Staliensss
1813 2547 1820 2553 .

1209 2572 1310 2606 Tunc
1318 2572 1396 2606 item
1404 2573 1523 2605 fastum
1534 2572 1677 2615 effiquod
1694 2572 1727 2605 in
1740 2573 1797 2605 suo
1807 2571 1847 2605 de
1857 2571 1959 2606 tribus
1971 2572 2033 2606 Ca-

1159 2621 1267 2665 pitulis
1291 2622 1482 2656 Constitmo
1503 2620 1611 2655 scribit
1636 2621 1781 2665 Vigilius
1802 2620 1958 2656 Pontifex
1989 2623 2030 2656 ad

1158 2671 1341 2714 Principem
1353 2671 1569 2713 Justinianum
1582 2684 1588 2704 :
1617 2672 1665 2704 Ad
1666 2671 1786 2713 fratres
1798 2672 1831 2704 (δ’
1841 2669 2031 2714 Coepiscopos

1156 2720 1261 2760 nostros
1275 2744 1285 2760 ,
1310 2719 1417 2763 quibus
1448 2719 1582 2761 similiter
1602 2722 1640 2754 de
1671 2723 1774 2754 eadem
1795 2720 1883 2764 causa
1904 2719 2030 2764 Respon-

1150 2769 1217 2813 sum
1227 2782 1279 2803 vos
1286 2766 1425 2813 flagitare
1445 2770 1581 2810 dixistis,
1601 2770 1701 2812 filium
1729 2771 1850 2811 nostrum
1872 2771 2030 2805 Romanas

1155 2819 1302 2853 Ecclefiae
1315 2819 1526 2853 Cardinalem
1537 2824 1701 2854 Diaconum
1722 2821 1876 2864 Pelagium
1898 2832 1962 2854 cum
1980 2820 2031 2854 bu-

1145 2869 1278 2913 jusmodi
1289 2871 1431 2902 mandato
1442 2871 1602 2904 direximus
1612 2895 1622 2911 ,
1649 2872 1775 2904 dicentes
1788 2884 1798 2903 :
1824 2875 1863 2903 Ut
1875 2876 1946 2913 quia
1967 2882 2031 2905 con-

1144 2919 1265 2958 stitutus
1275 2921 1452 2952 collationis
1457 2919 1611 2961 faciendae
1622 2922 1725 2953 modus
1734 2920 1841 2962 fuerat
1847 2920 2032 2965 praetermis-

1145 2969 1171 3012 s
1164 2982 1198 3002 us
1210 2993 1221 3009 ,
1240 2967 1350 3012 'saltem
1361 2975 1471 3013 viginti
1481 2971 1545 3003 dies
1549 2978 1604 3011 pro
1614 2970 1700 3010 nostri
1709 2975 1834 3012 corporis
1850 2971 2030 3004 imbecillita-

1150 3029 1178 3051 te
1189 3044 1199 3059 ,
1224 3031 1314 3061 quam
1325 3028 1431 3051 norunt
1441 3044 1451 3058 ,
1471 3018 1593 3059 nostrum
1604 3020 1740 3052 deberent
1750 3019 1905 3062 definitum
1918 3022 1953 3054 de
1973 3028 2028 3054 tri-

1151 3069 1203 3101 bus
1215 3070 1375 3110 Capitulis«
1382 3067 1522 3110 sustinere
1535 3067 1711 3111 Responsum
1721 3094 1732 3110 ‚
1757 3076 1911 3113 antiquum
1931 3072 1966 3104 ὁ*
1983 3083 2028 3104 re·

1143 3119 1278 3161 gularem
1289 3117 1473 3157 custodientes
1487 3119 1616 3150 ordinem
1629 3142 1638 3157 ‚
1666 3127 1699 3151 ut
1712 3127 1780 3152 ante
1790 3119 1884 3160 nostra
1898 3144 1908 3160 ,
1933 3121 1969 3153 id
1977 3119 2027 3159 est,

1149 3168 1231 3201 sedis
1244 3166 1431 3207 Apostolicae,
1454 3172 1498 3199 cui
1516 3175 1573 3209 per
1594 3171 1650 3200 Dei
1666 3174 1799 3212 gratiam
1815 3168 2001 3211 praefidemus
2012 3193 2026 3209 ‚

1147 3217 1411 3259 promulgationem
1415 3214 1575 3259 sententtae
1594 3219 1757 3261 quidquam
1773 3218 1907 3261 proferre
1932 3225 2026 3251 tenta-

1151 3276 1218 3301 rent
1228 3291 1239 3306 ,
1263 3267 1341 3298 unde
1345 3263 1482 3308 scandali
1492 3264 1593 3310 rursus
1605 3290 1616 3306 ,
1640 3278 1706 3310 quae
1716 3259 1923 3314 Epitafuerat
1934 3292 1945 3309 ,
1966 3273 2025 3301 ori·-

1148 3323 1176 3350 ri
1182 3316 1269 3359 posset
1280 3313 1396 3357 occafio.
1424 3315 1852 3354 Praetermitticonstitutum
1874 3317 2027 3352 collatio-

1151 3367 1200 3400 nis
1222 3364 1376 3399 faciendae
1398 3365 1535 3400 modum
1556 3368 1708 3400 veraciter
1717 3365 1763 3400 est
1786 3366 1916 3411 questus
1938 3365 2026 3401 Pon·

1151 3416 1254 3451 tifex:
1282 3415 1463 3451 Eamenim
1486 3416 1521 3451 in
1543 3416 1688 3459 scriptis,
1713 3415 1747 3451 &
1767 3417 1786 3453 a
1802 3417 1870 3462 pari
1888 3417 2024 3458 Latino-

1596 3466 1628 3500 A
1653 3476 1671 3499 a
1903 3475 1976 3502 rum
