2340 3736
85 1662 250 1701 *mbas-57

90 2641 193 2675 Hares.
204 2652 249 2682 73.

90 2689 168 2715 01⁶.

539 112 610 158 Dr.
645 120 825 154 voelssus
860 108 1144 163 SuasTAN11A‚
1171 107 1413 169 Essemus,
1449 113 1769 172 P1÷1<s0NA‚&c.
1918 131 2005 177 341

1211 189 1319 226 habita
1329 202 1439 226 coram
1452 190 1644 235 Imperatore
1657 196 1839 239 Iustiniano
1853 197 1936 232 inter
1958 195 2081 232 Ortho-

1211 239 1318 289 {sonos
1327 265 1339 282 ‚
1359 253 1396 277 ac
1403 242 1590 277 severianos
1602 246 1779 289 Episcopos
1791 246 1956 282 Collatio.
1977 248 2081 296 Qod

1212 291 1377 326 Severiani
1390 303 1427 326 ac
1437 302 1550 327 omnes
1560 292 1814 337 Eutychianistae
1835 299 2080 339 pertinacissime

1212 342 1373 377 voluerint
1393 341 1580 377 Usiamsss&
1599 343 1796 387 Hypostasin
1822 346 1886 380 esse
1917 357 2018 380 unum
2041 352 2098 389 acj‘

1212 391 1300 431 idem
1322 416 1334 432 ‚
1361 391 1407 426 est
1428 393 1521 436 supra
1540 391 1791 429 demonstratum
1816 414 1823 431 r
1850 395 1953 443 Igitur
1974 397 2082 430 adver-

1211 442 1281 490 sum
1302 441 1385 476 istud
1406 442 1549 486 ipsorum
1571 437 1777 485 Principium
1791 445 1882 480 dixit·
1897 446 1933 482 in-
1952 444 2082 481 laudata

1210 493 1390 532 collatione
1423 492 1598 536 'Hypatius
1615 527 1617 530 Α
1630 492 1843 530 Orthodoxus
1855 527 1857 530 ⁴
1869 494 2082 539 Ephesiorum

1210 542 1509 587 Archifflpiscopus
1532 556 1543 577 .-
1569 542 1709 586 Antiqui
1727 542 1915 585 Patres‚>&
1941 545 2097 584 maxime,

1210 589 1358 642 {Romani
1389 594 1490 636 ‚pro
1519 592 1692 627 substantia
1714 617 1724 633 ,
1760 594 1793 627 &
1822 594 1980 631 butu-ram
2002 619 2012 634 ‚
2047 596 2082 630 &

1209 642 1446 692 subsistentiam
1470 644 1703 687 nuncupabant
1721 668 1729 676 .
1758 642 1959 678 Unde'flcut
1981 657 2082 679 unam

1210 693 1371 728 Naturam
1382 718 1393 734 ‚
1419 694 1464 728 ira
1476 693 1863 730 &unamsubfistentiam
1872 694 1996 734 ‘Sanctae
2007 696 2084 729 Tri-

1213 743 1324 777 nitatis
1340 742 1511 777 dicebant.
1539 742 1763 778 Orientalibus
1786 741 1860 776 vero
1882 736 2003 776 Sanctis
2025 744 2085 777 Pa-

1211 792 1311 828 tribus
1331 804 1388 836 pro
1408 793 1550 827 Persona
1580 792 1826 836 suscipientibus
1852 791 2059 826 substantiam
2073 818 2084 834 ,

1213 843 1334 877 &sicut
1353 853 1415 876 tres
1435 841 1611 882 Personas,
1638 842 1724 876 ita&
1744 842 1934 875 substantias
1956 842 1989 875 in
2008 843 2084 875 San-

1212 894 1259 926 &a
1273 893 1439 927 Trinitate
1449 892 1632 927 dicentibus
1647 916 1657 931 ,
1682 902 1737 935 per
1748 892 1851 925 multa
1870 901 2015 934 tempora
2025 891 2086 925 dis-

1214 943 1328 976 fidium
1341 944 1461 977 sanstum
1471 943 1610 976 estinter
1636 941 1867 975 Orientales&
1891 936 2086 976 Occidenta-

1214 993 1256 1026 les
1266 994 1394 1027 Sanstas
1403 993 1560 1026 Ecclesias
1572 1016 1578 1024 .
1606 991 1829 1027 Orientalibus
1849 990 1980 1034 quidem
1991 991 2087 1024 Occi-

1212 1041 1356 1076 dentales
1390 1041 1606 1076 Sabellianam
1629 1042 1742 1075 stiram
1780 1040 1952 1075 defendere
1989 1041 2087 1083 suspi-

1213 1091 1382 1134 cantibus,
1408 1091 1482 1136 quia
1495 1102 1594 1125 unam
1605 1090 1756 1125 dicebant
1770 1089 1804 1124 in
1817 1090 1983 1124 Trinitate
1996 1090 2089 1123 subsi-

1214 1141 1385 1189 aerariam„
1411 1142 1538 1198 Qccide
1561 1141 1680 1195 nqlibus
1703 1141 1779 1175 vero
1790 1141 1976 1175 Orientales
1994 1138 2088 1173 Aria-

1206 1188 1515 1236 ha'm'seesa'msequi
1548 1191 1740 1232 βαυκίδας,
1759 1184 1806 1231 ἐς)
1820 1188 1907 1233 quod
1919 1199 1981 1223 tres
1996 1188 2089 1222 subsi-

1212 1240 1343 1275 stentias
1356 1243 1389 1274 in
1401 1253 1463 1275 tres
1486 1241 1620 1275 alterius
1632 1240 1812 1274 substantiae
1826 1239 1875 1273 vel
1888 1250 2004 1273 naturae
2014 1238 2089 1272 Per-

1214 1291 1306 1324 sonas
1335 1293 1515 1333 proferrent
1539 1291 1716 1325 secundum
1752 1290 1970 1324 imitationem
1994 1288 2086 1322 Arii.

1213 1339 1324 1386 Qam
1335 1339 1523 1374 divisionem
1533 1341 1626 1374 Deus
1635 1341 1742 1374 univit
1754 1350 1808 1383 per
1819 1341 1968 1377 Sandium
1981 1337 2086 1372 Atha·

1215 1388 1336 1422 nafium
1348 1413 1355 1420 .
1383 1389 1567 1432 Utriusque
1577 1390 1665 1423 enim
1679 1389 1797 1433 linguae
1808 1389 1924 1431 peritus
1938 1389 2087 1430 utrasque

1214 1438 1323 1472 Partes
1343 1449 1398 1482 per
1424 1439 1487 1471 Dei
1510 1439 1648 1482 gratiam
1670 1438 1710 1471 ad
1730 1437 1942 1471 concordiam
1961 1448 2089 1470 revoca-

1214 1488 1262 1521 vit
1272 1513 1282 1528 ,
1307 1488 1340 1522 &
1351 1486 1392 1521 ab
1403 1498 1442 1521 eo
1453 1499 1597 1530 tempore
1607 1488 1707 1531 usque
1718 1487 1756 1520 ad
1771 1484 1964 1520 hodiernum
1976 1487 2060 1520 diem
2075 1510 2088 1525 ,

1213 1539 1244 1572 &
1258 1537 1344 1581 apud
1365 1548 1448 1577 nos,
1474 1537 1601 1580 &apud
1615 1537 1805 1575 Romanos,
1830 1536 1910 1570 sicut
1934 1547 1999 1569 una
2020 1535 2089 1569 subt

1213 1588 1329 1622 stantia
1352 1588 1386 1622 δε
1398 1599 1463 1621 una
1477 1587 1603 1621 Natura
1615 1588 1649 1620 in
1660 1586 1828 1620 Trinitate
1839 1585 2006 1629 suscipitur
2018 1610 2029 1626 ‚
2054 1586 2088 1619 &

1213 1638 1292 1671 ficut
1313 1648 1377 1671 tres
1397 1636 1556 1671 Personas
1577 1637 1611 1670 in
1632 1637 1746 1671 Saneta
1761 1636 1930 1669 Trinitate
1952 1636 2088 1669 confite-

1212 1698 1304 1727 mur,
1330 1687 1375 1721 ita
1398 1687 1505 1721 &tres
1512 1686 1706 1731 suBfistenrias
1713 1686 1928 1729 glorificamus.
1954 1686 2085 1718 Graecus

1212 1737 1343 1771 Textus
1366 1737 1459 1780 periit
1483 1762 1494 1778 ,
1520 1746 1575 1771 aut
1599 1737 1676 1771 latet
1700 1761 1710 1776 ,
1738 1735 1856 1769 Latina
1883 1743 1992 1768 autem
2018 1733 2086 1768 haec

1211 1787 1380 1821 translatio
1394 1798 1461 1821 non
1476 1787 1519 1821 est
1532 1796 1679 1820 accurata
1689 1810 1696 1817 .
1724 1784 1857 1819 Etenim
1879 1783 2088 1818 substantiam

1211 1838 1298 1870 male
1318 1836 1493 1870 confundit
1517 1848 1593 1870 cum
1618 1835 1820 1870 subsistentia
1844 1859 1850 1866 .
1878 1835 1970 1867 Errat
1995 1834 2087 1877 quod

1211 1886 1325 1920 Latini
1347 1897 1515 1930 nunquam
1540 1886 1702 1919 voluerint
1726 1886 1760 1918 in
1785 1885 1896 1918 Sansta
1916 1884 2087 1917 Trinitate

1211 1936 1276 1969 dici
1289 1936 1420 1968 unicam
1442 1934 1689 1968 subsistentiam.
1718 1936 1901 1968 Durntaxat
1914 1933 2088 1966 voluerunt

1210 1985 1421 2019 diciunicam
1439 1984 1669 2018 substantiam.
1698 1983 1741 2018 Et
1756 1983 1823 2016 haec
1833 1984 1877 2016 est
1901 1983 2089 2016 nostraelin-

1209 2046 1281 2081 guae
1302 2035 1414 2077 inopia
1430 2058 1441 2074 ,
1465 2045 1507 2068 ex
1530 2046 1592 2076 qua
1612 2031 1748 2075 majores
1771 2032 1869 2065 nostri
1893 2034 2087 2066 censuerunt:

1211 2083 1440 2122 substantiam,
1466 2095 1503 2117 ac
1523 2082 1718 2125 Hypostasin
1740 2083 1803 2116 esse
1827 2082 1953 2125 penitus
1975 2081 2061 2115 idem
2076 2106 2084 2114 .

1212 2134 1340 2176 insuper
1362 2144 1428 2167 vox
1446 2156 1457 2172 ‚
1482 2131 1662 2174 Suhfistentia
1685 2157 1696 2172 ‚
1723 2141 1804 2166 tunc
1831 2131 1970 2165 necdum
1995 2142 2086 2166 erat:

1213 2183 1363 2226 Ejusdem
1383 2182 1452 2216 litis
1463 2183 1614 2217 meminit
1637 2181 1853 2216 &Facundus
1865 2181 2085 2215 Hermianen-

1210 2234 1245 2267 sis
1268 2233 1450 2276 Episcopus
1482 2245 1489 2265 ε
1517 2234 1684 2274 Aliquando
1717 2237 1749 2266 in
1785 2235 1901 2265 Divina
1939 2234 2086 2265 Trinitate

1210 2282 1354 2318 Catholici
1380 2284 1502 2324 quidam
1538 2290 1597 2315 tres
1640 2280 1806 2325 Hypostases
1840 2287 1966 2323 accipere
1991 2284 2087 2314 nolue-

1207 2341 1277 2366 runt
1297 2358 1307 2373 ‚
1343 2338 1484 2374 quamvis
1509 2342 1568 2365 tres
1612 2330 1757 2374 Personas
1794 2337 1957 2373 acceperint
1981 2343 1990 2372 3
2018 2336 2087 2365 Nec

1206 2384 1243 2415 id
1274 2394 1304 2416 eo
1325 2381 1398 2426 sunt
1418 2385 1438 2415 ἃ
1463 2387 1543 2416 Viris
1567 2380 1753 2424 sapientibus
1782 2381 1910 2414 baeretici
1932 2382 2061 2421 judicati
2075 2406 2083 2413 .

1206 2435 1355 2475 ,Quoniam
1379 2437 1517 2475 comperti
1537 2430 1611 2474 fiant
1635 2442 1694 2463 non
1720 2436 1752 2463 in
1776 2442 1810 2465 re
1832 2455 1842 2469 ‚
1869 2442 1935 2473 quae
1960 2431 2007 2463 illo
2033 2443 2085 2464 no-

1205 2489 1281 2515 mine
1309 2481 1551 2524 significabatur,
1568 2480 1627 2524 sed
1640 2486 1739 2522 potius
1761 2485 1793 2513 in
1816 2479 1879 2522 ipso
1902 2486 2014 2514 nomine
2026 2493 2083 2523 quo

1201 2531 1445 2575 significabatur,
1468 2530 1593 2572 offendi.
1622 2529 1778 2563 Notanda
1792 2531 1866 2562 sunt
1880 2528 1994 2563 verba.-
2022 2531 2083 2562 Ali-

331 195 576 232 Notati-darunt
586 193 698 227 verba:
729 193 865 227 Auilores
882 189 1019 233 fuimus,
1044 201 1081 224 ne
1091 202 1151 223 am·
1175 196 1178 200 ’

277 246 363 287 plius
386 253 418 280 in
436 239 597 281 Nic-annm
610 240 819 286 ''Confefflonem
844 248 1044 284 inquirerent.
1071 240 1155 275 Hoc
1176 241 1179 285 ᾗ

279 295 326 328 est
351 306 388 331 ut
408 302 521 331 neutra
532 302 601 339 pars
619 293 849 335 laudatas3³ex
863 290 980 337 quibus
999 300 1072 324 nata
1085 292 1151 326 fue-
1175 287 1178 307 ⁵

279 354 329 379 rat
340 345 410 381 Ιππ-
424 343 614 388 disceptatio
626 368 636 384 ,
662 344 790 388 Synodi
801 351 916 384 voca,
943 353 980 375 ex
990 341 1053 375 alia
1063 345 1152 382 Hypo-

272 392 347 436 stast
362 394 414 427 vel
429 393 513 436 Usta,
537 394 747 438 scrupulosius
769 402 825 429 aut
836 392 988 429 curiosius
1010 391 1151 433 inquire·
1175 389 1177 427 ἶ

278 451 350 478 rent
369 454 378 485 3
406 453 441 477 ut
461 455 534 480 eam
555 444 798 490 inquisitionem
817 442 1038 487 permitterent
1050 440 1155 475 -alteri,
1175 453 1178 481 1

278 492 437 534 synodo,
464 504 521 529 aut
542 490 1088 530 primoribus1⁴3.*colesioe'l’atribus.>
1108 490 1152 524 Et
1176 492 1178 495 “

276 539 310 575 hi
331 554 448 579 omnes
470 544 646 588 postmodo
665 539 879 581 censuerunt}
901 541 992 576 aliud
1015 540 1158 585 istic—per:
1176 561 1180 585 3

277 592 420 635 Unam,
446 591 535 628 aliud
546 594 687 639 intelligi
708 604 764 637 per
776 592 974 639 Hypostafin
989 617 998 625 .
1024 591 1160 628 Notati-*2-

275 641 316 676 da
340 644 414 678 sunt
431 642 548 679 &haec
574 642 689 677 verba:
716 644 834 678 Alienus
847 668 859 683 ,
885 646 1065 687 Peregrinus
1080 667 1091 683 ‚
1115 654 1152 676 ac

274 690 402 736 diversae
426 692 551 736 essentiae
578 692 724 735 Personas
749 717 760 734 ,
783 695 845 728 διο.
873 693 925 727 Ex
950 693 1021 737 ipsis
1041 692 1128 727 lucet
1141 717 1151 732 ,

274 742 364 784 quod
387 741 506 779 Ariani
528 743 622 778 istam
643 742 903 786 propositionem
926 744 970 776 ita
990 743 1152 786 intellige·

274 800 362 824 rent.
390 791 478 827 Tres
494 792 634 827 Divinas
656 791 812 827 Personas
833 792 1064 837 comparabant
1084 791 1152 825 Au-

273 851 332 880 ro,
358 839 530 885 Argeum,
554 840 653 875 AEri.
682 841 771 888 Qia
783 854 901 886 nempe
911 842 1033 876 Filium
1045 841 1152 881 Patre,

272 888 430 931 Spiritum
443 891 593 926 Sanctum
607 891 871 935 blasphemabant
883 891 969 926 Filio
980 892 1151 925 minorem.

271 938 353 973 Hoc
374 938 475 985 igitur
495 941 539 975 est
556 939 816 976 Alexandrinum
830 966 840 983 ‚
866 941 976 984 juneto
989 941 1153 977 Occiden-

270 994 329 1029 (ε’,
355 988 465 1024 deissa
486 991 662 1035 quaestione
673 991 851 1026 Decretum
867 1017 876 1025 .
903 992 946 1025 Et
960 992 995 1025 in
1006 990 1150 1034 Synoda·

270 1037 482 1075 libuslitteris
491 1041 623 1075 Sanctus
635 1038 830 1075 Athanasius
842 1040 922 1076 serio
934 1040 1153 1075 hortaturAn-

272 1088 462 1125 tiochenarn
483 1090 658 1126 Ecclefiam
671 1115 682 1132 ,
708 1102 744 1127 ut
768 1091 872 1135 ipsum
892 1091 1045 1126 admittat
1058 1114 1070 1131 ,
1095 1091 1151 1124 ob·

271 1139 401 1182 servet,
426 1151 522 1182 atque
544 1141 588 1174 ita
615 1141 746 1200 seipsam
761 1146 870 1202 »pff‘iqt
899 1178 903 1183 ,
930 1141 1028 1185 plena
1054 1150 1178 1183 pace,3.

272 1188 398 1223 Verum
421 1191 504 1225 solus
517 1183 877 1231 Pauliansebedbvm„
919 1191 974 1227 inc'
996 1187 1151 1237 eumffdiu
1174 1222 1181 1226 .

269 1237 378 1273 adhuc
400 1240 473 1282 post
496 1251 564 1275 non
586 1241 647 1275 soli
668 1242 782 1277 Ariani
805 1266 818 1283 ,
843 1242 896 1277 sed
917 1242 952 1277 ὅς
973 1239 1151 1275 orthodoxi

270 1287 470 1332 Campenses
493 1292 647 1325 Sanstum
669 1293 919 1336 Hieronymum
945 1314 956 1330 ‚
980 1289 1151 1323 hominem

269 1337 465 1374 Romanum
482 1339 534 1382 seu
546 1339 725 1379 Latinum,
749 1339 898 1384 adeoque
919 1340 953 1373 &
965 1338 1046 1372 alios
1056 1337 1153 1372 Occi-

270 1387 418 1423 dentales
433 1388 734 1433 volueruntcogere
747 1389 788 1423 ad
807 1388 1041 1423 Profeffionem
1052 1387 1150 1421 trium

269 1437 523 1482 Hypostaseon.
550 1439 602 1473 Ex
625 1437 676 1472 his
696 1438 859 1482 intelliges
882 1438 990 1472 Sancti
1015 1436 1151 1480 Sulpicii

269 1488 377 1522 Severi
397 1488 521 1523 adserta
544 1489 585 1523 de
595 1488 788 1523 Seleucienfi
813 1487 970 1531 Synodo.
997 1485 1150 1521 Affirmat

270 1537 421 1573 Sanctum
433 1539 600 1573 Hilarium
612 1538 843 1573 Pistaviensem
858 1537 1055 1581 Episcopum
1079 1537 1151 1571 fuis²

267 1586 300 1622 vse
312 1588 486 1622 invitatum
503 1613 514 1629 ,
537 1588 695 1622 acceffiffe
709 1611 720 1628 ‚
746 1587 838 1622 fuisse
850 1597 1025 1629 exceptum
1047 1584 1151 1620 hono-

268 1636 383 1677 rifice.
409 1647 509 1682 atque
532 1638 754 1682 prosequitur:
782 1640 917 1671 Primum
942 1635 1093 1680 quaesitum
1113 1635 1151 1676 est

266 1686 308 1719 ab
334 1689 449 1722 Hilario
465 1711 476 1727 ,
501 1699 570 1730 quae
589 1690 654 1731 esset
676 1688 826 1723 Gallorum
847 1687 924 1730 fides
949 1700 956 1719 ι
984 1688 1069 1729 ,Quia
1087 1695 1152 1719 tum

268 1741 393 1770 Arianis
410 1743 527 1782 gravia
547 1737 742 1782 vulgantibus
763 1739 800 1771 de
825 1737 908 1770 nobis
932 1760 944 1776 ,
963 1734 1090 1779 suspeffl
1109 1736 1149 1767 ab

265 1787 472 1820 orientalibus
494 1787 677 1821 habebamur
698 1811 709 1826 ‚
734 1791 904 1826 tryonimam
936 1786 1069 1818 Solitaru
1091 1788 1150 1818 Dei

267 1838 410 1869 Unionem
429 1835 591 1878 secundum
608 1836 763 1869 sabellium
783 1836 894 1869 credidi
915 1847 948 1868 e.
977 1837 1037 1868 Sed
1063 1843 1151 1876 expo·

260 1883 320 1928 fita
325 1882 348 1927 s
345 1896 385 1918 ua
400 1884 463 1927 fide
472 1909 483 1926 ,
502 1886 599 1925 juxta
621 1897 656 1919 ea
668 1897 735 1927 quae
748 1889 864 1918 Nicaeae
875 1887 894 1916 ἃ
909 1884 1050 1917 Patribus
1062 1892 1148 1917 erant

265 1932 429 1977 conftripta
452 1957 463 1973 ‚
489 1933 729 1968 occidentalibus
745 1933 900 1975 perhibuit
923 1933 1124 1973 Testimonium
1138 1957 1146 1965 .

266 1983 317 2017 'zea
327 1982 466 2027 absolutIs
477 1989 606 2017 omnium
623 1989 733 2016 animis
754 1988 836 2016 intra
847 1981 1054 2024 conscientiam
1065 1986 1148 2016 Com-

267 2037 429 2073 munionis,
438 2043 488 2066 nec
500 2044 558 2066 non
568 2038 600 2066 in
614 2032 784 2076 societatem
794 2042 927 2074 receptus
938 2031 975 2072 est
986 2056 996 2072 ,
1012 2033 1148 2066 Concilio·

265 2093 322 2126 que
342 2080 471 2126 adscitus
490 2107 497 2114 .
527 2082 757 2116 Accusationis
774 2083 1025 2116 fundamentum
1057 2092 1147 2116 erant

265 2143 364 2166 voces
373 2155 383 2171 ,
408 2132 494 2166 Tres
506 2132 717 2176 Hypostase3‚
728 2143 805 2176 quas
818 2132 991 2166 Gallicana
1004 2131 1147 2165 Ecclesia

265 2192 341 2217 cum
353 2180 426 2215 aliis
438 2181 563 2215 Latinis
578 2181 778 2217 aversabatur
791 2206 797 2212 .
827 2182 883 2215 An
897 2181 914 2215 a
927 2181 1003 2215 solis
1015 2181 1148 2215 Arianis

265 2232 452 2277 processerit
472 2231 656 2270 calumnia,
677 2243 745 2266 non
759 2229 853 2274 plane
873 2230 1017 2265 constat.
1043 2230 1148 2277 Qid-

265 2279 346 2325 quid
365 2282 402 2314 fit
416 2281 564 2316 Hilarius
585 2279 782 2316 hauddubie
801 2280 940 2318 adduxit
955 2279 1151 2313 Alexandri-

265 2341 348 2366 num
358 2332 535 2366 Decretum
548 2356 560 2373 ‚
581 2342 678 2376 atque
699 2331 746 2366 ita
765 2329 950 2374 composuit
965 2331 1147 2364 Adversan-

264 2381 350 2415 tium
362 2379 505 2415 Animos
515 2405 522 2414 .

318 2429 500 2463 Postmodo
521 2439 631 2463 tamen
651 2430 760 2465 omnis
781 2430 903 2465 Oriens
929 2429 1089 2473 acquievit
1110 2430 1144 2473 ὃς

269 2478 397 2513 admisit
420 2478 648 2512 sanetiffimum
667 2480 864 2513 Decretum.
897 2479 1006 2513 Etiam
1026 2479 1145 2512 Antio-

266 2528 373 2562 chena
394 2526 533 2561 Ecclesia
547 2549 555 2559 .
580 2527 788 2571 Nempepost
811 2528 961 2567 Paulini,
988 2528 1143 2573 Evagrii,

266 2576 419 2616 Meletii,
444 2589 481 2611 ac
493 2577 677 2621 E'vagriide
695 2576 918 2622 patriarchatu
937 2579 1141 2612 contenden—

265 2628 351 2662 tium
361 2636 499 2661 mortem
514 2650 524 2666 ,
551 2628 584 2661 &
596 2627 636 2660 ab
644 2628 744 2661 unico
754 2627 860 2661 Sancti
874 2626 1053 2661 Alexandri
1070 2629 1142 2671 Epi-

267 2680 401 2719 scopatu
426 2687 536 2720 pacata
556 2677 689 2710 omnia¹
716 2676 809 2711 Hinc
828 2679 863 2710 in
885 2676 1026 2712 Panario
1045 2688 1142 2722 gene·

267 2727 375 2760 raliter
402 2726 510 2760 scribit
529 2728 663 2761 Sanstus
694 2724 898 2770 Epiphanius
922 2739 928 2759 :
968 2731 1019 2759 Ne
1054 2738 1139 2769 quem

266 2774 455 2818 Hypfflaseon
489 2778 647 2819 appellatio
680 2776 835 2817 perturbet
871 2800 879 2808 .
913 2776 957 2810 ob
992 2778 1029 2809 id
1060 2783 1140 2810 enim

265 2825 428 2869 &postases
466 2826 505 2858 ab
543 2825 747 2860 Orientalibus
770 2824 950 2869 usurpantur
972 2850 982 2866 ‚
1007 2835 1041 2858 ut
1066 2829 1139 2860 Per-

260 2875 402 2920 sonarum
422 2882 621 2918 proprietates
648 2875 801 2916 existentes
836 2877 870 2909 <⁴5
889 2875 1068 2918 subsistentes
1089 2877 1136 2910 de-

264 2927 396 2959 clarent.
426 2925 571 2969 Exponit
585 2927 701 2960 restam
713 2926 855 2968 ipsorum
880 2926 1001 2965 fidem,
1027 2926 1138 2969 &per-

263 2977 333 3020 git:
354 2974 530 3018 siibfistentis
549 2976 582 3008 ὁ·
605 2974 753 3015 existentis
765 2978 869 3008 Patris
887 3000 897 3015 ‚
921 2987 956 3008 ac
982 2977 1078 3014 Filii,
1102 2987 1138 3008 ac

263 3029 389 3067 spiritus
423 3025 523 3058 saniir·
543 3030 743 3067 proprietates
771 3028 875 3058 merito
900 3027 1061 3059 Orientales
1085 3037 1136 3058 no-

262 3081 379 3108 minant
393 3073 601 3118 subsistentium
623 3073 816 3117 Personarum
842 3074 1005 3117 Hypistases
1026 3099 1034 3107 .
1062 3079 1134 3108 Non

261 3134 294 3157 ut
321 3134 380 3158 tres
416 3125 485 3157 illas
522 3122 687 3166 Hypostases
721 3125 823 3158 dicant
860 3130 922 3157 tria
956 3128 1110 3167 Principia
1123 3149 1133 3164 ‚

1205 2642 1318 2674 nempe
1328 2627 1475 2664 Facundi
1487 2640 1634 2673 ternpore
1644 2628 1753 2663 omnis
1773 2629 1872 2662 etiarn
1884 2628 2001 2663 Latina
2017 2631 2080 2664 Ec-

1201 2681 1293 2715 clesia
1315 2680 1414 2714 libere
1435 2680 1644 2723 profitebatur
1663 2689 1727 2713 tres
1751 2678 1972 2722 Hypostases.
1999 2679 2082 2714 Ete-

1203 2732 1270 2763 nim
1284 2730 1428 2773 Majores
1447 2729 1546 2763 nostri
1566 2728 1698 2763 tandem
1719 2727 1917 2762 induxerunt
1940 2740 2054 2763 vocem
2067 2751 2079 2767 ‚

1199 2779 1394 2821 Subfistentia.
1422 2780 1523 2813 Tunc
1549 2778 1700 2812 viderunt
1718 2778 1808 2812 aliud
1831 2778 1893 2812 effe
1913 2780 2078 2822 Hyposta-

1201 2831 1246 2863 sm
1259 2854 1269 2869 ‚
1289 2829 1378 2863 aliud
1391 2829 1603 2863 substantiam
1617 2854 1626 2861 .
1652 2828 1796 2863 Priorem
1808 2827 1927 2872 linguae.
1938 2829 2077 2863 suaeino-

1199 2881 1283 2922 piam
1293 2888 1498 2924 agnoverunt
1509 2904 1516 2911 .
1544 2878 1675 2913 Exinde
1684 2887 1850 2922 coeperunt
1858 2879 1963 2913 dicere
1974 2888 2076 2913 unam

1199 2931 1378 2968 Naturam,
1406 2929 1607 2969 Effentiam‚
1632 2938 1727 2972 atque
1750 2928 1867 2963 Usiam
1884 2952 1894 2968 ‚
1921 2939 1982 2963 tres
1999 2929 2076 2963 vero

1199 2980 1356 3014 Personas
1366 3004 1377 3019 ‚
1388 2977 1597 3012 subsistentias
1607 3003 1618 3020 ‚
1629 2989 1723 3021 atque
1733 2978 1932 3021 Hypostases
1943 3004 1950 3011 .
1972 2978 2075 3012 Exin-

1196 3030 1235 3062 de
1246 3029 1425 3072 plenissima
1449 3028 1533 3062 circa
1544 3027 1608 3062 hoc
1619 3038 1715 3072 caput
1739 3027 1893 3061 fuitunio
1914 3028 1998 3062 inter
2009 3039 2074 3061 am-

1197 3079 1252 3113 bas
1275 3077 1431 3112 Ecclesias
1450 3104 1457 3111 .
1492 3077 1641 3120 Tempus
1663 3080 1800 3122 ignoro.
1831 3078 1902 3113 Nec
1926 3088 2011 3120 opus
2028 3077 2073 3111 est

1196 3129 1356 3170 inquirere
1382 3152 1389 3159 .
1417 3127 1470 3161 Ex
1491 3126 1543 3160 his
1565 3128 1652 3162 vides
1678 3128 1765 3162 hanc
1788 3126 2074 3170 propositionem,

261 3183 314 3207 aut
349 3183 409 3208 tres
444 3176 520 3207 Deos
557 3198 564 3207 ·
600 3178 687 3207 Nam
727 3185 774 3207 eos
821 3174 1017 3208 Anathemate
1051 3176 1131 3207 dam·
1194 3181 1285 3211 Pater
1304 3179 1338 3210 ex
1361 3179 1461 3210 Filius
1484 3179 1518 3211 ὠ·
1532 3179 1660 3219 spiritus
1685 3178 1808 3211 sandius
1827 3175 1901 3219 sunt
1925 3186 1988 3209 tres
2014 3179 2073 3215 Hy-

263 3233 361 3263 nant,
385 3229 436 3267 qui
455 3232 512 3256 tres
524 3226 599 3256 Deos
625 3221 786 3266 adfirunt.
813 3223 879 3258 Isto
890 3223 989 3268 igitur
1008 3233 1132 3267 tempo·
1189 3225 1314 3270 postafi’s
1333 3250 1348 3267 ,
1370 3226 1388 3260 ὲ
1400 3227 1519 3261 Latina
1531 3227 1672 3262 Ecclesia
1683 3228 1736 3261 cui
1762 3237 1848 3261 nunc
1861 3227 2068 3260 Sacrosaneta

260 3275 400 3307 reetiam
423 3271 633 3307 Antiochena
644 3274 751 3307 omnis
771 3273 911 3308 Ecclesia
923 3273 1128 3316 profitebatur
1193 3278 1237 3312 est
1261 3302 1272 3319 ‚
1298 3276 1476 3321 aliquando
1499 3277 1592 3313 fuiffe
1626 3277 1842 3323 improbatam
1872 3285 1969 3319 atque
1998 3286 2072 3319 pro-

260 3334 322 3358 tres
340 3324 537 3368 Hypostases
558 3348 565 3355 .
593 3322 747 3367 Ejusdem
767 3323 950 3368 quaestionis
978 3323 1128 3358 meminit
1193 3327 1368 3372 scriptam,

1954 3348 2022 3409 His

1203 2582 1323 2624 quando
1352 2589 1411 2613 tres
1439 2578 1603 2624 Hypostases
1632 2586 1761 2621 recipere
1779 2580 1928 2611 noluerunt
1955 2604 1961 2610 .
1988 2580 2081 2625 Quia.
2146 2620 2148 2623 v
