2340 3736
375 158 435 202 54

300 226 372 260 biles
387 225 535 269 Epistolas
552 225 776 270 supplicarunt.
801 223 854 258 Ex
874 234 940 267 quo
961 220 1049 257 rides
1075 225 1176 256 sacras

301 276 342 310 ad
366 277 556 313 Romanum
578 276 775 310 Pontificem
793 274 944 318 juffiones
958 273 1052 307 fuiffe
1074 271 1175 315 juffio-

303 339 357 366 nes
377 327 447 361 solo
461 328 617 367 nomine,
644 324 748 359 revera
765 334 873 358 autem
886 322 1041 366 supplices
1052 332 1173 365 preces.

303 378 415 421 Pergit
432 378 587 411 Hilarus.
615 379 702 418 Papa
722 386 774 408 nos
795 376 924 418 direxit,
952 385 1010 405 non
1033 373 1175 405 dubitans

298 426 331 471 se
351 434 383 461 in
397 428 477 462 nobis
497 426 590 469 adesse
602 450 612 466 ,
639 437 709 469 quos
719 425 868 467 praectpue
878 421 1016 466 cognoscit
1029 447 1039 462 ‚
1058 428 1157 455 omnia
1168 443 1178 459 ,

298 474 370 521 *quae
392 479 435 510 ad
450 477 520 519 fidei
546 475 704 509 Catholicae
730 473 955 518 syme-ritatem,
985 474 1020 506 (τ
1044 484 1112 514 quae
1137 472 1181 503 ad

305 527 503 567 sanc‘liPetri
523 525 644 569 Apostoli
662 532 816 568 pertinent
826 527 1046 561 reverentiam,
1072 532 1178 564 agere.-

306 578 384 611 Hoc
394 577 439 610 est
451 601 462 617 ‚
488 576 625 620 Synodo
636 573 807 620 praesidere.
835 574 879 606 Et
894 572 1072 606 Lucentius
1084 571 1179 604 Escu-

306 629 398 662 lanus
420 627 599 670 Episcopus
613 651 623 667 ‚
648 625 790 669 ejusdem
811 623 917 656 Sant‘ii
938 621 1110 656 Pontificis
1122 621 1180 655 Le-

304 687 420 726 gatos,
444 675 593 712 adversus
614 676 811 710 Dioscorum
831 671 915 707 dixit
942 671 982 706 ad
1008 670 1177 715 synodum

305 725 604 762 chalcedonensem
619 751 627 758 .
646 727 679 768 J
681 726 769 758 udicii
784 722 832 766 sui
855 722 956 765 necesse
979 721 1016 761 est
1027 732 1092 754 eum
1107 722 1179 753 dare

302 783 467 817 rationem,
495 781 563 819 quia
584 777 648 809 cum
665 772 822 817 personam
835 773 996 813 judicandi
1017 783 1073 804 non
1092 769 1178 804 habe-

302 837 346 861 ret
371 852 382 869 ,
402 825 587 871 praesumpfit
618 826 651 858 (ν
672 823 761 868 ausus
782 823 820 864 est
844 824 983 862 synodum
1003 821 1122 863 facere3
1145 819 1177 853 id

300 877 366 918 est,
395 877 530 920 Synodo
550 875 694 920 generali
717 873 894 917 praelidere,
914 871 977 914 fine
1004 871 1179 903 auctoritate

264 942 275 955 ι’
301 929 384 961 Sedis
411 926 596 969 Apostolicae,
623 925 703 968 quod
726 934 878 965 nunquam
896 923 976 954 licuit
990 945 999 960 ,
1026 931 1176 961 nunquam

119 2525 151 2553 1„
164 2531 188 2549 ln
204 2522 276 2550 coffi-

121 2559 257 2590 chalced.

121 2599 207 2644 Epist.
226 2609 270 2638 ις.

294 975 412 1025 fadum
434 977 493 1018 est.
520 976 565 1008 Et
591 974 765 1008 hincinter
776 972 932 1011 crimina,
959 970 1034 1012 obq
1059 969 1179 1003 aedam·

301 1029 395 1062 navit
421 1027 620 1060 Dioscorum
642 1048 653 1064 ‚
679 1021 814 1056 adducit
840 1020 970 1054 laudata
999 1019 1028 1052 C
1054 1019 1175 1053 alcedo>

299 1078 404 1111 nenfis
422 1075 595 1119 Synodus:
634 1072 737 1123 Qod
766 1068 883 1116 Ephesi
910 1073 1078 1109 Primatum
1098 1077 1177 1113 prae·

293 1125 468 1175 ficmpfiffet·

346 1176 528 1209 Dioscorus
538 1173 616 1219 ergo
633 1173 792 1208 violenter
814 1172 927 1206 invasit
950 1170 1078 1216 Synodi
1104 1182 1178 1222 Pfae'

296 1225 487 1266 fidentiam,
514 1225 611 1268 idque
626 1232 680 1266 per
696 1222 772 1267 suas
800 1224 947 1263 divitias,
973 1232 1009 1255 ut
1030 1222 1064 1255 in
1085 1220 1175 1255 libel-

294 1276 334 1314 lis
360 1274 510 1310 adversus
530 1275 624 1308 illurn
644 1274 781 1318 Synodo
806 1272 1065 1306 Chalcedonenfi
1087 1270 1176 1305 exhi-

295 1325 373 1361 bitis
392 1326 529 1361 affirmat
556 1323 715 1358 Eusebius
737 1322 945 1365 Doryleenfis
966 1346 973 1354 .
1011 1321 1175 1356 Fundavit

295 1378 327 1411 se
348 1377 383 1410 in
410 1376 506 1410 sacris
528 1374 700 1409 Divalibus
722 1374 836 1408 litteris
848 1371 1174 1415 peffimeintelleffis‚

294 1425 492 1469 Eutychetis
518 1425 535 1457 a
559 1425 666 1458 Sanffl
689 1423 812 1457 Leonis
844 1421 966 1466 judicio
991 1421 1175 1464 appellatio-

294 1488 359 1515 ne,
386 1487 443 1509 nec
471 1486 539 1509 non
566 1475 644 1508 fuco
682 1474 764 1513 illo,
796 1473 837 1506 de
868 1483 933 1515 quo
960 1470 1171 1505 Haereszarcha

294 1525 464 1568 Eutyches
486 1524 572 1558 dixit
594 1523 633 1557 ad
654 1522 740 1556 hanc
769 1524 957 1564 Synodum.
996 1520 1108 1553 Direc‘ii
1132 1532 1176 1554 re*

292 1574 448 1619 ligiofiffiini
475 1580 535 1608 viri
558 1575 578 1606 ἁ
614 1573 790 1612 Sachiffimo
827 1573 861 1605 (5
896 1573 952 1604 Dei
985 1571 1174 1610 amantiffimo

294 1630 389 1659 Leone
416 1624 502 1657 Archi
515 1622 657 1667 Episcopo
669 1627 811 1655 Romanae
833 1620 964 1663 Ecclefiae
987 1627 1018 1653 in
1034 1618 1173 1663 sancqam

295 1676 422 1716 vestram
447 1675 607 1714 synodum,
629 1671 756 1716 suspecqi
770 1671 843 1704 mibi
857 1670 940 1713 falb·
960 1669 1050 1714 sunt.
1088 1673 1172 1703 Man·

291 1725 391 1769 serunt
416 1732 494 1759 enim
520 1725 604 1766 apud
627 1722 853 1766 religiofisfimum
881 1722 1069 1754 Flavianum
1095 1723 1172 1762 Epi-

290 1771 429 1819 scopum,
456 1777 489 1808 (¹5
512 1772 617 1816 pranfi
632 1771 706 1815 sunt
731 1773 815 1814 apud
838 1783 925 1812 eum,
964 1772 998 1805 Θ
1024 1776 1171 1803 munerati

288 1824 379 1868 funt,
408 1827 441 1858 ἐν
466 1835 548 1858 omne
574 1822 735 1867 obsequium
761 1828 804 1855 eis
826 1821 976 1863 praebuit.
1007 1819 1121 1860 Postulo
1130 1831 1170 1852 er-

287 1880 325 1920 go
347 1875 540 1908 Sanc‘litatem
563 1874 712 1914 vestram,
729 1870 759 1913 fi
780 1873 856 1914 quid
875 1872 912 1904 ab
935 1876 977 1904 eis
999 1869 1103 1911 injuste
1116 1869 1171 1910 fa·

292 1927 370 1958 lium
383 1925 478 1966 fuerit
498 1934 597 1957 contra
618 1935 684 1962 me,
711 1923 744 1954 id
769 1923 982 1963 praejudicium
1015 1920 1088 1952 mihi
1114 1931 1170 1952 non

287 1987 447 2021 generare.
475 1975 574 2008 More
596 1975 654 2006 suo
677 1972 831 2005 mentitus
853 1971 898 2005 est
925 1980 1063 2013 nequam
1075 1971 1170 2003 senex

291 2028 333 2059 de
362 2024 569 2058 muneribus.
597 2023 683 2071 Qis
708 2022 798 2056 enim
826 2021 944 2055 nesciat
972 2020 1170 2053 sanstitatem

294 2074 403 2108 Hilari
425 2074 591 2114 Diaconi,
619 2071 727 2116 postea
738 2071 857 2114 Papae?
883 2069 1066 2120 Qomodo
1084 2070 1168 2113 apud

295 2126 427 2159 Graecos
448 2134 542 2168 agere
574 2122 722 2156 consueti
755 2120 817 2153 sint
849 2121 994 2154 Romani
1030 2120 1169 2163 Legati,

294 2175 391 2209 docet
412 2172 599 2211 instruffio,
626 2182 721 2213 quam
744 2171 806 2203 suis
816 2169 906 2203 dedit
917 2168 1072 2202 Pontifex
1085 2170 1167 2202 Hor-

294 2224 420 2258 misda:
448 2228 500 2256 Ne
535 2224 587 2255 vel
619 2221 765 2255 villualia
798 2218 989 2262 praesumatis
1018 2224 1169 2260 accipere,

295 2273 351 2314 nisi
368 2274 483 2306 tantum
504 2270 717 2314 subvefflonem
741 2293 750 2308 ,
771 2267 800 2309 ss
818 2267 904 2311 causa
922 2266 1084 2310 poposcerit
1102 2293 1112 2309 ‚
1138 2269 1171 2301 Θ

295 2322 525 2367 hospitalitatem
538 2346 548 2361 ‚
575 2333 610 2354 ne
641 2321 763 2353 credant
781 2317 814 2361 fh
824 2317 982 2360 fastidiose
1002 2316 1167 2359 despec‘ios.

293 2369 396 2421 Qod
420 2371 635 2415 Eutychianae
654 2368 882 2413 appellationis
904 2368 996 2401 causa
1019 2368 1187 2437 nequive-¹

294 2424 335 2457 rit
355 2423 372 2456 a
392 2422 587 2466 praefidentia
614 2420 744 2454 excludi
769 2419 939 2452 Romanus
966 2417 1169 2460 Episcopus,

292 2471 421 2507 ostendi
443 2472 546 2516 supra,
560 2470 731 2505 adversum
756 2468 874 2502 fimiles
884 2467 1029 2501 Nestorii
1048 2478 1167 2511 nugas.

346 2522 437 2556 Hinc
458 2521 620 2565 intelliges
631 2521 752 2554 litteras
763 2517 991 2553 Valentiniani
1002 2517 1087 2550 tertii
1103 2517 1167 2550 Au-

294 2573 383 2617 gusti
396 2573 435 2607 ad
446 2570 675 2605 Theodosium
687 2569 871 2614 Augustum
883 2591 889 2599 .
919 2571 943 2598 A
956 2571 1084 2599 Romano
1095 2570 1170 2608 Epi-

291 2623 376 2669 scopo
393 2632 512 2667 rogatus
530 2621 598 2664 sum
612 2619 738 2664 scribere
757 2618 861 2658 vestrae
886 2616 1112 2660 Mansuetudini
1133 2618 1170 2649 de

293 2674 356 2716 fide
369 2697 380 2713 ‚
405 2684 472 2716 quae
493 2674 601 2705 dicitur
617 2669 793 2712 perturbata
805 2693 815 2709 ‚
839 2679 928 2710 quam
948 2679 1000 2700 nos
1021 2669 1041 2699 ἃ
1066 2666 1168 2706 nostris

297 2724 455 2763 majoribus
478 2723 624 2755 traditam
644 2720 779 2753 debemus
808 2729 871 2750 cum
895 2723 974 2750 omni
998 2722 1169 2759 competenti

298 2775 447 2806 devotione
467 2771 644 2814 defendere,
671 2772 705 2804 ζ’)
732 2771 911 2812 dignitatem
927 2773 1058 2809 propriae
1083 2778 1170 2799 vene·

297 2828 422 2855 rationis
450 2825 543 2856 Beato
568 2821 693 2863 Apostolo
719 2822 808 2852 Petro
833 2825 1040 2851 intemeratum
1078 2819 1112 2850 (θ’
1138 2822 1170 2849 in

300 2871 401 2912 nostris
428 2872 600 2914 temporibus
625 2869 813 2914 conservare:
839 2867 983 2911 quatenus
996 2867 1166 2906 beatiffimus

299 2926 441 2954 Romanae
461 2928 594 2955 civitatis
617 2918 781 2963 Episcopus
794 2941 805 2957 ,
828 2924 871 2951 cui
887 2923 1088 2959 principatum
1117 2919 1173 2949 Sa-

298 2972 415 3004 cerdon-1·
432 2970 520 3013 super
541 2983 636 3004 omnes
657 2975 818 3012 anti'quitas
837 2969 976 3007 contulit,
1001 2967 1091 2999 Iocum
1117 2964 1172 2998 ha·

299 3020 365 3053 beat
383 3031 416 3052 ac
430 3020 605 3061 facultatem
623 3022 659 3054 de
667 3020 728 3062 fide
750 3021 783 3052 (9'
802 3016 1004 3051 Sacerdotibus
1008 3018 1149 3057 judicare
1163 3041 1170 3049 .

302 3070 435 3103 Etenim
458 3071 586 3104 San6ius
606 3071 675 3104 Leo
698 3070 854 3106 Pontifex
874 3066 1000 3112 questus
1018 3066 1121 3100 fuerat
1142 3067 1172 3099 se

300 3120 334 3154 in
360 3119 490 3164 Legatis
513 3121 575 3153 suis
601 3121 693 3153 fuiffe
718 3120 736 3153 a
763 3119 926 3153 Dioscoro
951 3116 1010 3150 sub
1037 3115 1172 3159 appella-

299 3170 400 3203 tionis
426 3168 638 3212 Eutychianae
662 3170 737 3203 fuco
763 3169 927 3205 detrusum
948 3166 989 3200 de
1007 3165 1174 3209 Ephefinae

302 3219 427 3260 Synodi
450 3218 644 3262 praefidentia
670 3230 782 3251 contra
810 3216 1019 3261 Apostolioos
1044 3217 1078 3249 δε
1112 3217 1175 3250 Di-

305 3269 398 3301 vinos
424 3269 595 3308 Canoues,
617 3267 778 3310 postulans
800 3268 897 3300 aliam
922 3268 1105 3311 generalem
1116 3267 1174 3308 Sy-

305 3316 452 3358 nodum,
478 3319 513 3351 in
538 3329 601 3361 qua
622 3316 783 3350 restitutus
810 3316 843 3348 in
866 3316 1028 3359 integrum
1052 3317 1092 3350 de
1104 3316 1172 3358 ipso

887 142 1519 188 Dlssrzrtrnrrto

1244 221 1344 256 modo
1353 223 1392 278 ad
1404 225 1573 279 synodum
1585 227 1887 266 Chalcedonensem
1905 232 2025 268 dixerit
2038 235 2119 269 Dio·

1242 272 1349 305 scorus
1358 273 1471 315 judicii
1492 274 1642 317 Ephefini
1654 282 1876 316 austeritatem
1887 294 1955 317 non
1968 282 2024 318 fibi
2039 283 2115 323 soli,

1242 321 1295 377 sed
1314 322 1412 356 etiarn
1435 323 1581 366 Juvenali
1612 328 1647 361 δι
1672 329 1842 366 Thalaffio
1863 333 1956 367 fuisse
1978 333 1996 366 a
2025 334 2117 367 Prin-

1241 383 1313 414 clpe
1343 373 1576 407 commissam?
1613 375 1795 423 Qomodo
1825 381 1949 416 ibidem
1973 383 2118 419 dixerint

1241 422 1456 466 gloriofiffimi
1476 423 1599 466 judices
1614 438 1624 458 s
1649 427 1797 469 Dioscorus
1820 433 2034 473 Alexandriae,
2052 435 2114 477 Ju-

1240 472 1357 505 venalis
1369 471 1618 517 Hierosolymorum
1630 499 1639 514 ‚
1666 475 1821 516 Thalaffius·
1831 481 1977 524 Caesareae
1994 488 2114 525 cappa.

1240 523 1351 561 dociae,
1374 522 1520 566 Eusebius
1538 528 1674 564 Ancyrae,
1700 526 1856 565 Eustasius
1865 534 1982 573 Remi,
2005 536 2039 567 (ς
2052 536 2114 566 Ba.

1234 570 1315 613 ſslius
1341 574 1476 609 Seleuciae
1496 572 1616 616 Isauriae
1630 578 1660 607 E
1658 575 1795 618 pifi·opus
1802 578 1973 618 potestatem
1985 584 2019 617 ω
2026 590 2115 625 prm.-

1240 628 1367 663 cipatum
1388 625 1492 662 synodi·
1513 631 1667 657 tenuerunt
1686 627 1699 659 ?
1737 626 1937 669 Respondeo
1963 641 2003 664 ex
2029 635 2115 666 sacra

1242 670 1351 704 Divali
1368 672 1408 706 ad
1421 673 1633 707 Dioscorum.
1661 677 1922 718 Reverendiffimus
1942 678 2115 723 Archi-Epi-

1237 719 1338 762 fhopus
1371 720 1623 765 Hierosolymorum
1649 728 1821 770 juvenalis
1842 751 1852 768 ‚
1889 730 1923 762 (¹9
1944 728 2114 771 beatiffimus

1241 770 1504 814 Archi-Epiftopus
1526 772 1707 816 Tbalaeffius,
1732 778 1766 810 (5
1782 782 1876 809 omnis
1896 779 1967 811 talis
1989 778 2114 820 fervens

1238 830 1351 854 amator
1373 823 1407 855 (v
1431 823 1582 859 aemulator
1615 824 1783 860 orthodoxae
1812 825 1903 868 fidei,
1927 827 2114 871 consentanei

1239 879 1322 903 erunt
1345 880 1406 906 tuae
1426 872 1585 906 sanc‘i‘nan
1597 898 1607 914 ‚
1632 876 1766 908 radianti
1780 885 1838 918 per
1850 881 1906 912 Dei
1920 885 2054 921 gratiam
2067 879 2115 912 bo·

1238 921 1343 961 nestate
1365 928 1442 955 vitae
1462 925 1496 957 <tt
1516 922 1655 957 catholica
1673 924 1754 967 fide.
1782 927 1966 973 Qomodo
1993 929 2026 962 in
2055 929 2115 973 pri-

1238 983 1313 1012 ma,
1340 971 1384 1005 itit
1406 972 1440 1008 in
1469 972 1530 1007 hac
1556 973 1694 1008 secunda
1719 974 1878 1018 Ephofina
1891 978 2026 1020 Synodo
2047 991 2116 1014 orn·

1239 1032 1293 1055 nes
1319 1020 1520 1056 Patriarchas
1546 1024 1580 1057 ἀ
1606 1024 1834 1068 autocephalos
1861 1026 2018 1063 Primates
2043 1040 2114 1072 prae·

1237 1071 1354 1115 fidere,
1381 1073 1613 1118 neminemque
1637 1074 1801 1109 dominari
1829 1076 1975 1112 voluerat
2000 1078 2115 1113 Theo-

1237 1121 1340 1155 doslus
1367 1121 1536 1167 Augustus
1556 1149 1567 1165 ‚
1603 1134 1701 1168 atque
1728 1136 1846 1169 nupera
1871 1126 1940 1170 ejus
1963 1126 2114 1172 Pragma-

1238 1172 1299 1206 tica
1329 1172 1504 1207 Ecclesiam
1542 1175 1884 1217 Hierosolymitanam
1909 1177 2038 1220 jufferat
2062 1179 2114 1212 tri-

1238 1222 1295 1256 bus
1320 1222 1497 1257 Palaestinis
1524 1249 1535 1264 ,
1562 1223 1692 1260 Arabia:
1712 1250 1722 1266 ,
1757 1227 1790 1260 δε
1817 1226 1910 1261 omni
1938 1225 2115 1262 Phoenicia·

1236 1272 1491 1315 patriarchaliter
1518 1277 1641 1317 praeeffe
1661 1301 1668 1309 .
1708 1275 1811 1310 Porro
1836 1277 1854 1309 ὲ
1884 1275 2119 1322 gloriosiffimis

1236 1321 1395 1365 iudicibus
1423 1325 1603 1358 enumerati
1630 1326 1783 1369 Episcopi
1808 1326 2000 1370 singularem
2034 1323 2134 1362 Dio-'

1239 1374 1328 1407 scoro
1354 1384 1486 1417 operam
1508 1375 1541 1407 in
1570 1375 1744 1410 latrocinio
1766 1376 1976 1418 praestiterunt
1990 1402 2001 1418 ‚
2022 1377 2112 1412 ided-

1236 1434 1299 1466 que
1320 1422 1473 1458 dicuntur
1491 1424 1559 1467 ejus
1572 1424 1729 1460 Primates
1750 1427 1783 1460 δε
1808 1426 1975 1471 Principes
2001 1428 2094 1462 fuisse
2109 1451 2117 1460 .

1287 1472 1399 1508 Altera
1425 1474 1556 1517 quaestio
1581 1475 1648 1514 est,
1673 1476 1844 1519 quomodo
1869 1475 1981 1510 dicant
2019 1477 2119 1511 latro-

1234 1522 1314 1556 cinii
1341 1523 1443 1557 Asta:
1471 1522 1669 1565 Refidentibus
1679 1527 1924 1565 reverendiffimis
1941 1525 2119 1570 ¹&sancqifi

1228 1570 1309 1613 fimis
1336 1571 1511 1616 Epifiopis,
1538 1574 1670 1618 Dioscoro
1696 1577 1911 1616 Alexandrus,
1933 1578 1967 1612 <5
1984 1578 2120 1620 juliano

1233 1621 1374 1666 Episcopo
1394 1631 1499 1666 agente
1521 1629 1601 1657 vices
1624 1623 1660 1658 (at
1682 1634 1799 1658 tenente
1831 1627 1922 1659 locum
1944 1626 2115 1669 sanc‘liffimi

1233 1674 1265 1705 Θ
1302 1673 1448 1712 beatiffimi
1481 1672 1619 1715 Epist-opi
1649 1677 1793 1707 Romanae
1815 1674 1948 1717 Ecclest'ae
1983 1679 2090 1709 Leonis
2103 1676 2119 1709 ἓ

1235 1722 1418 1768 Qomodo
1442 1722 1596 1757 Hilarum
1610 1724 1798 1757 Diaconum
1810 1734 1910 1766 ponat
1931 1725 2049 1759 ultimo
2068 1724 2116 1758 lo-

1231 1782 1270 1804 co
1296 1772 1365 1813 post
1390 1783 1505 1805 omnes
1536 1773 1714 1815 Episcopos
1737 1774 1750 1805 ἒ
1785 1774 1869 1819 Qis
1890 1774 1978 1808 enim
2004 1774 2116 1809 credat

1232 1820 1403 1855 Romanos
1426 1821 1566 1865 Legatos
1585 1823 1618 1854 in
1636 1822 2033 1866 Dioscoripraefidentiam
2043 1833 2116 1858 tan·

1231 1870 1305 1904 dem
1342 1870 1552 1905 consenfiffe?
1601 1871 1799 1915 Respondeo
1828 1883 1904 1907 cum
1945 1873 2115 1918 Episcopis

1231 1919 1456 1954 Orientalibus
1479 1945 1489 1960 ,
1516 1921 1684 1955 adversum
1709 1921 1762 1956 illa
1781 1922 1876 1956 verba
1895 1923 2113 1957 clamantibus

1231 1971 1265 2003 in
1287 1969 1426 2013 synodo
1452 1968 1737 2006 Chalcedonenfi:
1778 1972 1904 2014 Ejedus
1927 1972 1984 2014 «st.-
2013 1974 2110 2007 nullus

1224 2018 1347 2064 suscepit
1367 2031 1469 2053 nomen
1491 2024 1617 2055 LeonIs.
1651 2021 1829 2056 Mendacia
1851 2022 1953 2066 igitur
1975 2023 2008 2057 δε
2031 2023 2111 2057 ima-

1229 2070 1376 2115 ginaria,
1403 2071 1574 2114 quomodo
1595 2071 1666 2115 post
1699 2070 1840 2106 Photius
1864 2071 1983 2105 funesti
2019 2071 2119 2106 schis-

1231 2120 1323 2153 matis
1346 2121 1478 2159 au&or,
1505 2121 1587 2164 fingi
1615 2121 1740 2154 curavit
1757 2120 1839 2155 Act-a
1852 2120 2022 2163 synodalia
2039 2145 2049 2161 ,
2076 2122 2112 2156 &

1230 2170 1270 2204 ad
1294 2170 1512 2203 deludendam
1537 2169 1662 2213 plebem
1682 2169 1822 2204 adscribi
1841 2171 1941 2204 etiam
1965 2170 2110 2214 Legatos
2139 2180 2146 2187 ·

1233 2220 1422 2257 Romanos,
1448 2220 1532 2261 quafi
1552 2220 1586 2252 δε
1611 2220 1664 2261 ipsi
1688 2220 1722 2252 in
1736 2219 1804 2261 ejus
1816 2219 2050 2261 praefidentiam
2072 2221 2107 2254 dc

1231 2269 1433 2303 latrocinales
1461 2268 1627 2312 tragaedias
1654 2268 1904 2303 consenfiffent.
1944 2267 2037 2303 Hinc
2073 2271 2109 2303 &s

1230 2318 1398 2351 adversum
1430 2314 1498 2351 haec
1529 2317 1690 2352 actorum
1723 2317 1843 2357 verba,
1881 2321 1927 2351 Et
1950 2321 2107 2363 Juvenale

1232 2365 1482 2410 Hierosohrmorum
1495 2391 1504 2407 ‚
1532 2368 1567 2400 (5
1584 2369 1697 2400 Damno
1708 2366 1885 2401 Antiocheno
1895 2392 1905 2407 ‚
1932 2370 1966 2402 (9·
1979 2370 2108 2402 Flavia-

1231 2429 1266 2449 no
1287 2417 1623 2458 Constantinopolitano,
1647 2417 1872 2452 exclamarunt
1895 2418 2017 2452 laudati
2032 2419 2108 2461 Epi-

1229 2468 1334 2510 scopi.
1362 2468 1531 2499 Flavianus
1551 2475 1584 2498 ut
1597 2467 1787 2507 adjudicatus
1805 2468 1941 2510 ingreffics
1952 2468 2008 2509 ests
2034 2473 2106 2502 Haec

1228 2515 1382 2558 manifesta
1402 2517 1565 2549 calumnia.
1593 2518 1760 2549 Flavianus
1778 2523 1810 2549 in
1827 2523 1948 2559 proprio
1973 2518 2027 2550 loco
2047 2530 2107 2551 non

1226 2565 1323 2609 fhdit:
1352 2565 1699 2607 constantinopolitanum
1712 2566 1888 2610 Epifi'opum
1910 2579 2000 2609 quare
2023 2574 2109 2610 quin·

1229 2627 1290 2650 tum
1305 2613 1487 2660 posuerunt?
1512 2615 1666 2660 Arguunt
1687 2616 1920 2657 latrocinium,
1945 2617 2036 2660 quod
2048 2629 2108 2652 nu-

1229 2677 1301 2710 pera
1321 2667 1406 2700 inter
1440 2666 1844 2710 Constantinopolitanarn
1875 2668 1907 2701 ὃς
1928 2666 2106 2702 Antioche·-

1231 2726 1306 2750 nam
1316 2715 1502 2750 Ecclefiasa
1516 2716 1634 2749 Proclo
1657 2718 1688 2750 ὅ(
1711 2717 1849 2750 Domno
1871 2717 2039 2760 Episcopis
2064 2717 2107 2750 de

1229 2766 1383 2800 servando
1415 2767 1514 2800 tertio
1547 2766 1687 2800 Canone
1729 2765 2103 2810 Constantinopolitano

1230 2817 1310 2853 inita
1330 2816 1529 2853 concordata
1562 2816 1713 2858 spernens
1734 2815 1882 2859 abjecerit
1905 2817 2104 2854 Flavianum

1228 2867 1246 2900 a
1258 2865 1483 2901 secundoloco
1498 2866 1531 2899 in
1544 2865 1710 2909 quintum.
1739 2865 1847 2900 Immo
1860 2866 1950 2908 quod
1971 2866 2107 2901 mentia-

1230 2927 1280 2952 tur
1300 2917 1334 2950 &
1355 2916 1394 2953 de
1416 2916 1533 2959 quinto
1555 2927 1562 2947 :
1590 2915 1724 2951 Etenim
1748 2915 1944 2957 Flavianus,
1971 2927 2040 2951 non
2064 2923 2104 2952 ut

1231 2967 1353 3013 Judex,
1380 2966 1432 3000 sed
1453 2965 1497 2999 ob
1518 2965 1711 3008 Eutychetis
1724 2966 1974 3009 appellationem
1986 2975 2022 2999 ut
2033 2975 2105 2999 reus

1231 3027 1287 3052 aut
1307 3018 1470 3050 accusator
1490 3015 1535 3049 est
1557 3026 1610 3059 per
1637 3017 1757 3051 sacram
1788 3017 1942 3050 Divalem
1964 3016 2105 3055 citatus,

1231 3068 1264 3100 ὅ(
1286 3066 1479 3103 ὲῡίοῑςοτο
1501 3065 1652 3104 admistus
1678 3065 1719 3103 ad
1747 3064 1935 3109 Synodum,
1964 3065 2105 3112 ideoque

1232 3117 1342 3150 nullus
1364 3115 1413 3149 illi
1437 3115 1530 3149 datus
1551 3115 1659 3150 locus.
1683 3116 1760 3163 Q
1781 3114 1877 3160 porro
1900 3117 1951 3150 via
1969 3114 2105 3149 Dioscoq

1233 3177 1284 3200 tus
1306 3165 1476 3200 mendacia
1498 3165 1580 3199 Acta
1605 3165 1780 3205 conflarit,
1806 3165 1941 3209 synodo
1969 3161 2108 3197 Chalce-

1232 3216 1367 3250 donenfi
1380 3214 1504 3258 aperuit
1523 3214 1724 3250 Theodorus
1738 3212 2043 3257 claudiopolitanus
2069 3213 2106 3246 in

1233 3266 1350 3300 Isauria
1377 3265 1573 3309 Episcopus.
1602 3267 1735 3299 Deducat
1755 3268 1897 3298 Notrm'os
1904 3260 1974 3305 suos
1989 3262 2106 3307 Diosco—

1232 3328 1283 3349 rus
1298 3330 1308 3349 .·
1334 3318 1467 3356 Ejiciens
1497 3321 1575 3348 onim
1596 3322 1723 3348 omnium
1750 3318 1892 3347 Notartos
1913 3336 1924 3351 ‚
1945 3310 2012 3354 suos
2027 3311 2104 3353 fecit

304 3365 466 3400 Dioscoro
488 3368 521 3401 ὅ(
543 3368 610 3401 laesa
634 3378 687 3409 per
708 3366 810 3408 ipsum
830 3364 893 3398 fide
914 3376 955 3398 ex
967 3365 1172 3409 SanffiApo-
1226 3364 1370 3409 scribere.
1400 3366 1443 3398 Et
1463 3364 1645 3407 Stephanus
1670 3363 1846 3406 Episcopus
1866 3359 2080 3404 Ephefiorum
2096 3387 2103 3393 .

304 3415 379 3451 stoli
403 3415 489 3448 Petri
510 3417 682 3461 privilegio
703 3415 897 3457 judicaturus
919 3415 1108 3457 praefideret.

352 3466 535 3502 Occurrunt
555 3476 615 3500 tres
637 3465 845 3513 quaestiones.
873 3464 981 3499 Prima
1000 3465 1066 3509 est,
1091 3476 1170 3509 quo-

1235 3415 1431 3458 Excipiebant
1451 3419 1576 3448 Notarii
1597 3420 1672 3448 mei:
1697 3415 1845 3445 Venerunt
1864 3415 1986 3444 Notarii
2007 3414 2104 3444 Revo-

1208 3469 1211 3473 ’
1232 3465 1401 3510 rendifirimi
1418 3463 1556 3509 Episcopi
1573 3462 1698 3507 Dioscori
1709 3486 1721 3504 ,
1748 3462 1782 3497 Θ
1803 3461 1977 3496 deleverunt
1986 3461 2105 3497 tabulas

2015 3522 2059 3546 (θε-
