2340 3736
388 85 490 132 2188
941 86 1580 136 Drsszittarro

316 181 356 206 ae
367 169 444 206 inde
456 168 691 214 Mopsuestiam
702 193 712 209 ‚
737 170 883 207 secundae
892 170 1018 207 Ciliciae
1029 169 1199 216 oppidum,

316 220 463 265 migrans
474 221 551 257 esset
564 232 679 256 contra
692 220 903 266 Apostolicos
921 224 1076 258 Canones
1100 219 1199 254 factus

320 270 524 316 Episcopus:
552 271 685 317 Etenim
720 271 916 316 Episcopum
937 279 1048 315 oportet
1067 271 1119 316 affe
1137 266 1198 310 fine

295 327 463 364 ‚crimina
487 321 660 357 commisso
686 321 760 366 ,post
794 321 1017 366 baptismum,
1039 320 1130 366 quod
1156 321 1197 355 de

315 373 433 416 quovis
457 371 770 415 prasertimcarnali
790 372 878 416 lapsu
902 371 1031 415 antiqui
1043 372 1197 406 Canones

315 421 568 459 intellexerunt·
595 418 812 458 Theodorum
822 422 919 456 fuisse
942 420 1104 457 natalibus
1125 421 1196 454 illu·

313 471 413 506 sstem
434 471 566 508 sanstus
586 471 727 517 Joannes
759 470 1014 516 chrysostomus
1048 472 1083 506 in
1105 471 1199 504 dietis

315 519 475 565 Epistolis
491 521 659 559 [adfirmat.
686 521 806 557 Tertio
826 521 922 555 illum
941 522 1068 555 accusat
1094 520 1199 564 Hesy-
1252 537 1262 553 v.

314 570 432 613 chius,
450 569 550 615 ¹quod
569 571 733 617 judaicam
755 570 1131 615 impietatemaemulatus
1142 571 1200 604 sta-

316 619 673 668 timzinEpis'copatus
697 620 834 655 exordio
855 620 994 655 ediderit
1005 620 1039 657 in
1055 621 1126 655 Psal

318 670 574 712 commentaria,
599 671 741 716 garriens
751 671 856 706 nullas
869 670 942 705 istic
963 671 1026 706 effe
1046 671 1086 706 de
1106 669 1201 705 Chri-

300 719 366 759 .sto
380 721 533 758 Domino
543 720 746 764 prophetias:
773 720 828 755 Et·
846 720 936 766 quod
962 720 1007 755 ob
1027 720 1132 755 fidelis
1144 733 1199 765 po-

300 771 591 817 xpuligraviilinta's
610 770 651 807 de
672 771 932 807 tanto.facinore
955 771 1101 815 querelas
1123 772 1202 814 Epi-

301 822 485 863 .scopatum
496 818 629 866 perdere
646 820 845 865 periclitatus
868 822 1048 865 promiserit
1069 821 1197 861 delere,

300 869 733 915 vdcignittacleresimularit
745 872 883 916 impium
904 871 1070 912 codicem,
1097 871 1130 906 ὅ(
1156 881 1199 904 ta·

299 931 391 962 -men
402 921 627 965 utimpietatis
637 921 793 963 viaticum
804 919 956 956 clanculo
977 917 1177 956 conservarit
1193 945 1199 952 .

306 970 469 1020 ,Qarto‘‚
489 969 705 1015 quodwetbis
720 969 934 1010 orthodoxis,
959 981 992 1005 at
1022 971 1198 1015 aequivocis

300 1023 391 1058 susus
401 1043 414 1061 ,
434 1019 579 1063 adeoque
590 1020 678 1065 apud
688 1020 865 1064 simplicem
879 1020 1037 1064 populum
1051 1023 1129 1055 resta
1141 1021 1200 1055 do·

314 1081 387 1106 cere
399 1070 504 1109 visus,
532 1070 669 1104 secretos
679 1080 802 1106 errores
826 1069 951 1105 dilestis
965 1068 1131 1114 discipulis
1141 1071 1197 1114 priv
1225 1067 1227 1072 ’

303 1120 418 1155 -vatim
429 1118 595 1156 instillatit'
605 1144 615 1160 ,
626 1151 629 1156 ,
640 1129 739 1163 atque
750 1119 795 1155 ita
809 1120 923 1155 multis
932 1123 1028 1158 annis
1041 1121 1199 1165 plurimos
1224 1130 1228 1139 ⁴

262 1182 265 1185 ·
312 1169 506 1214 corruperit.
534 1169 686 1219 Qinto,
715 1170 805 1213 quod
828 1171 926 1205 senex
939 1171 1046 1205 vario's
1067 1171 1109 1206 de
1131 1172 1200 1205 Do-

300 1218 438 1254 -minica
456 1219 686 1255 Incarnatione
707 1219 808 1254 libros
837 1220 996 1261 ediderit,
1027 1221 1061 1254 in
1084 1221 1200 1263 quibus

313 1270 438 1306 cunetis
450 1268 687 1315 blasphemavit
708 1270 895 1306 Dominum
916 1270 1021 1315 jesum
1033 1268 1199 1305 Christum

315 1319 407 1355 fuisse
421 1331 536 1362 purum
547 1318 719 1356 hominem
730 1345 743 1363 ,
768 1320 824 1365 qui
838 1320 977 1365 propriis
998 1322 1097 1356 creati
1116 1321 1201 1355 arbi-

300 1371 370 1413 -trii
385 1368 550 1405 viribus&
562 1370 751 1413 meritisper
762 1372 834 1406 vitai
843 1371 1046 1406 sanctitatem
1068 1372 1104 1406 ἀ
1131 1371 1202 1405 libi-

315 1420 434 1455 dinum
458 1420 830 1465 victoriam-profecerit.
843 1420 979 1456 tandem
1005 1422 1040 1455 in
1062 1421 1202 1464 conjun-

301 1471 463 1506 &onem
474 1477 549 1511 cum
561 1471 638 1506 Deo
649 1470 762 1506 Verbo
774 1495 786 1511 ,
811 1471 845 1505 δι
855 1470 1052 1504 mmfilii
1063 1471 1132 1505 Dei
1141 1487 1151 1504 ‡.

351 1526 354 1530 '
367 1520 500 1555 Exinde
510 1519 597 1555 leetae
610 1521 684 1554 sunt
695 1520 767 1554 duae
777 1520 863 1565 leges
876 1543 887 1559 ,
904 1517 1067 1564 Ephesini
1078 1520 1204 1555 Conci·

315 1569 354 1604 lii
378 1570 652 1610 confirmatrices‚
677 1569 796 1613 quibus
816 1567 1021 1610 Theodosius
1042 1571 1203 1604 secundus
1227 1571 1230 1610 ξ

315 1619 618 1655 &Valentinianus
638 1620 752 1654 tertius
773 1617 932 1654 damnant
953 1619 1096 1655 Diodori
1121 1620 1200 1655 Tar·

315 1669 411 1704 sensis
423 1669 598 1714 Episcopi,
624 1681 679 1713 per
698 1669 834 1712 primam
857 1668 1012 1705 Ciliciam
1035 1670 1204 1714 Metropo·
1227 1701 1230 1709 ,

315 1720 401 1761 litae,
428 1718 735 1758 nostriTheodori‚
762 1731 800 1754 ac
815 1719 962 1754 Nestorii
987 1744 999 1760 ,
1026 1718 1202 1755 hominum

317 1770 494 1814 impiorum
507 1781 546 1804 ac
569 1769 790 1813 pestilentium
807 1769 1064 1805 abominandam
1089 1771 1204 1805 destri-

315 1832 411 1862 nam3
440 1831 554 1856 eorum
567 1821 718 1864 sequaces
729 1819 885 1864 deinceps
895 1819 1120 1855 nominandos
1139 1821 1199 1855 sta·

315 1881 415 1907 tuunt
428 1894 439 1911 ,
465 1882 534 1905 non
548 1869 777 1911 Christianos,
791 1879 847 1905 aut
859 1869 1074 1905 Nestorianos
1085 1893 1095 1910 ,
1118 1870 1171 1905 sed
1186 1871 1204 1905 a

317 1922 561 1964 simonemago
582 1920 814 1960 simonianos,
841 1920 909 1954 illis
924 1921 1039 1958 omnia
1062 1931 1204 1955 conven-

307 1971 419 2006 ‹ticula
447 1968 671 2010 interdicunt,
696 1970 798 2004 etiam
825 1969 861 2004 in
888 1970 999 2015 agris,
1023 1969 1083 2004 sub
1108 1981 1204 2014 poena
1229 1976 1231 1982 ’

317 2030 478 2065 perpetuae
513 2019 750 2063 deportationis
775 2031 784 2061 ;
824 2030 862 2053 ac
895 2019 954 2057 sub
975 2019 1094 2054 eodem
1113 2030 1204 2054 reatu

306 2070 495 2106 -Theodori
503 2082 553 2104 ,2ac
563 2069 714 2104 Nestorii
728 2068 828 2103 libros
839 2079 954 2105 vetant
975 2069 1042 2114 legi
1057 2093 1070 2110 ,
1093 2069 1204 2104 descri-

317 2121 375 2162 bi,
401 2119 562 2159 detineri,
585 2119 684 2162 juffos
696 2119 807 2153 exuri.
835 2118 960 2154 Imitari
971 2121 1003 2154 se
1021 2120 1206 2163 gloriantur

319 2169 582 2206 Constantinum
595 2169 778 2213 Magnum,
805 2169 862 2212 qui
881 2167 1026 2204 Arianos
1037 2171 1055 2203 a
1069 2171 1206 2212 profano

319 2222 353 2256 ἀ
367 2220 561 2265 nequissimo
572 2218 759 2263 Porphyrio
780 2219 889 2253 vocari
911 2218 998 2262 juffit
1012 2218 1207 2262 Porphyria-

319 2282 401 2306 nos.
428 2268 571 2304 Eosdem
596 2269 706 2304 vocari
726 2268 1005 2308 Valentinianos,
1030 2269 1207 2303 Marcioni·

320 2332 368 2356 tas
380 2344 390 2360 ,
414 2332 451 2354 ac
462 2318 660 2362 Manicheos
673 2318 809 2354 mandat
831 2318 866 2353 in
877 2318 1024 2361 Epistola
1045 2319 1086 2353 ad
1110 2318 1207 2354 Adel-

321 2370 436 2416 phium
451 2371 650 2413 Episcopum
665 2369 699 2402 ὅ(
710 2369 936 2403 Confefforem
947 2369 1082 2403 Sanstus
1104 2369 1207 2403 Atha-

321 2421 448 2460 nasius,
475 2417 574 2453 &dat
598 2419 746 2453 causam:
773 2421 838 2451 Par
854 2418 917 2459 est,
943 2427 977 2452 ut
995 2429 1116 2459 quorum
1134 2427 1206 2461 pra-

321 2482 397 2505 vam
417 2475 579 2512 opinionem
601 2475 795 2510 receperunt,
821 2479 918 2501 eorum
942 2479 1052 2510 quoque
1064 2469 1208 2502 vocabula

321 2524 359 2555 e?
374 2520 477 2554 titulos
488 2523 638 2561 accipiant
648 2542 655 2550 .
685 2516 824 2558 Forfitan
833 2529 871 2551 cx
880 2525 992 2559 putore
1004 2543 1015 2558 ‚
1035 2520 1206 2562 graveolen-

322 2577 425 2613 traque
435 2569 552 2611 {aarum
564 2573 714 2602 nominum
721 2566 787 2609 fieri
794 2566 886 2610 potest
898 2592 909 2607 ‚
926 2576 960 2601 ur
968 2569 1080 2610 pudore
1089 2579 1208 2601 commo-

296 2644 299 2647 >
323 2625 382 2654 niti
403 2620 526 2653 tandem
549 2620 718 2662 intelligant
732 2643 740 2658 ,
766 2623 800 2650 in
816 2625 963 2659 quantam
974 2623 1145 2661 voraginem
1157 2624 1208 2651 im·

319 2676 448 2714 pietatis
461 2668 646 2711 delaepfifint.
674 2667 844 2702 Diodorus
855 2667 909 2701 ille
930 2668 1034 2702 fuerat
1047 2666 1206 2703 Theodo-

324 2721 354 2755 ri
371 2719 540 2765 magister:
566 2717 661 2751 Hinc
681 2718 840 2761 suspectus
852 2742 860 2749 .

376 2770 475 2805 Lecta
495 2769 541 2803 est
562 2766 791 2810 &Theophili
803 2765 996 2802 Patriarchae
1017 2765 1209 2801 Alexandri-

327 2819 363 2853 ni
386 2819 427 2854 ad
459 2817 681 2862 Porphyrium
700 2816 922 2852 Patriarcham
956 2817 1208 2851 Antiochenum

327 2868 478 2913 Epistola
491 2893 503 2910 ,
528 2867 757 2912 conquerensa
770 2865 956 2901 Theodoro
968 2890 979 2906 ,
1006 2875 1085 2901 tunc
1098 2869 1211 2901 viven-

327 2927 363 2953 te
386 2918 420 2952 ἀ
441 2917 637 2962 praedicante
663 2942 675 2959 ,
700 2917 877 2952 resuscitari
904 2916 1018 2951 deliria
1043 2916 1136 2951 Pauli
1157 2918 1210 2951 Sa-

329 2969 534 3010 mosatenfis,
560 2979 639 3003 cum
650 2969 708 3002 suo
720 2978 788 3001 non
814 2965 942 3000 tantum
954 2965 1131 3011 dogmate,
1157 2965 1212 3001 sed

330 3017 366 3053 ὅ(
379 3016 731 3060 Baptismauedamnati
742 3016 760 3050 ὲ
773 3016 912 3060 Synodo
923 3015 1059 3050 Nicaena
1071 3041 1078 3048 .
1105 3016 1210 3063 Qod

330 3066 379 3102 est
391 3067 515 3111 insigne
529 3079 586 3111 pro
596 3068 728 3102 decimo
756 3077 849 3100 nono
861 3066 1001 3101 Nicaeno
1012 3065 1154 3100 Canone
1168 3076 1210 3099 te-

331 3116 525 3150 stimonium
539 3140 547 3149 .
573 3117 677 3166 Qod
689 3116 787 3162 porro
797 3115 918 3151 Paulus
936 3115 1081 3150 istefcum
1097 3115 1212 3160 Judaeis

332 3166 481 3201 docuerit
501 3164 668 3201 Christum
679 3167 865 3202 Dominum
889 3166 953 3201 esse
963 3176 1079 3211 purum
1105 3165 1209 3199 homi-

333 3227 411 3251 nem
424 3239 435 3256 ,
460 3214 595 3251 testatur
614 3216 745 3250 Sanstus
767 3215 961 3250 Athanasius
987 3217 1022 3250 in
1047 3216 1188 3250 secunda
1202 3239 1212 3255 ‚

334 3266 430 3300 tertia
450 3289 461 3306 ,
498 3274 611 3309 quarta
631 3289 644 3306 ,
667 3266 783 3307 quinta
804 3266 956 3300 oratione
980 3275 1093 3300 contra
1120 3266 1212 3300 Aria-

334 3325 418 3353 nos,
443 3316 479 3350 in
507 3314 646 3350 secunda
671 3314 819 3358 Epistola
838 3315 879 3348 ad
899 3316 1108 3357 Serapionem
1133 3315 1209 3359 Epi-⁴

335 3364 493 3406 scopum,
521 3365 557 3399 in
573 3363 716 3408 Epistola
727 3364 768 3398 de
793 3363 919 3406 Synodi
933 3364 1074 3399 Nicaenae
1097 3376 1212 3399 contra

334 3413 482 3450 Arianos
493 3413 640 3451 Decretis
651 3438 664 3459 ,
688 3414 724 3450 δε
734 3415 771 3450 in
782 3414 909 3460 speiali
920 3415 1076 3459 opusculo
1094 3413 1135 3449 de
1146 3415 1211 3450 Dei

1261 169 1364 205 Verbi
1377 172 1620 207 Incarnatione
1630 172 1778 208 adversus
1788 172 1929 209 Paulum
1943 189 1954 209 .-
1978 176 2073 219 quod¹
2083 175 2138 214 hie

1259 217 1414 254 distatum
1437 220 1588 256 adversus
1607 224 1759 258 ultimam
1783 223 1877 258 Pauli
1900 225 2100 269 impietatem
2118 229 2139 263 a

1260 270 1378 303 Sansto
1399 267 1580 305 Athanasio
1599 281 1726 308 tomum
1747 272 1959 318 Theophilus
1979 277 2138 320 appellat.

1261 318 1361 352 Reae
1382 319 1484 358 dicit,
1508 321 1651 354 Ultimum
1666 325 1754 356 Pauli
1772 330 1975 367 impietatem:
2002 326 2138 362 Etenim

1263 368 1384 403 Paulus
1396 370 1496 403 etiam
1520 370 1751 406 sacrosanctam
1760 373 1963 410 Trinitatem
1985 377 2138 411 confudit

1261 430 1337 452 cum
1351 419 1496 453 Sabellio
1509 444 1519 459 ,
1544 419 1635 463 quod
1654 423 1739 454 vims
1749 432 1916 468 nunquam
1936 425 2058 461 sorbuit
2070 426 2137 461 Ne-

1262 469 1378 503 storius
1400 480 1456 504 aut
1467 467 1668 504 Theodorus
1680 494 1687 502 .
1794 512 1799 519 f

1311 518 1418 553 Porro
1441 519 1641 554 Arianorum
1662 520 1794 555 fuerunt
1813 521 1921 556 claffes
1942 525 2054 560 variae.
2080 527 2138 561 De

1263 568 1399 611 ipsarum
1412 580 1476 603 una
1488 570 1597 604 scribit
1619 572 1652 604 in
1666 578 1778 613 quarta
1790 571 1959 607 adversum
1978 575 2053 610 illos
2063 588 2138 612 ora·

1261 619 1354 653 tione
1370 618 1503 653 sanstus
1515 619 1709 654 Athanasius
1720 644 1731 660 ,
1755 620 1893 665 loquens
1913 622 1954 656 de
1969 623 2044 658 Deo
2054 626 2135 661 Ver·

1262 666 1320 701 bo:
1352 673 1441 701 Homo
1453 669 1559 711 sac‘lus
1583 670 1621 710 est
1633 693 1643 709 ,
1669 683 1726 704 non
1748 677 1780 703 in
1800 671 1944 704 bominem
1959 697 1970 713 ‚
1995 675 2050 715 qiu*
2064 677 2134 717 jam

1261 727 1326 751 erar
1336 741 1348 757 ,
1368 717 1548 761 supervenit
1560 744 1567 751 .
1593 724 1682 753 Nam
1703 723 1737 754 ό·
1748 721 1800 754 hoc
1817 734 1929 764 quoque
1953 730 2066 767 cognitu
2085 736 2134 759 ne-

1261 767 1409 811 ceffarium
1421 767 1458 809 est
1469 792 1479 808 ,
1504 771 1621 812 quando
1639 776 1690 812 qui
1700 770 1747 805 hic
1766 777 1884 804 ruinam
1899 773 1973 814 paffi
1986 772 2058 814 fiant
2078 779 2135 808 tm·

1259 823 1319 859 pli,
1341 823 1432 851 etiam
1454 819 1529 852 alios
1545 818 1644 862 ficum
1661 822 1760 854 eodem
1777 828 1986 863 praecipitant:
2012 825 2137 867 ‚Quippe

1262 867 1486 910 quizexistiment
1498 880 1585 910 eum,
1611 872 1853 912 quemadmodfam
1870 871 1980 915 priscis
2001 878 2136 915 tempor!-

1262 918 1362 952 husin
1384 930 1618 961 unumquemque
1636 931 1672 954 ex
1683 921 1800 953 Sandis
1822 920 1990 965 descendit,
2016 925 2062 955 itb
2073 932 2139 958 tum

1261 978 1370 1010 quoque
1389 973 1421 1001 in
1433 971 1542 1002 Maria
1563 971 1677 1004 Filium
1688 969 1859 1014 descendtffe
1870 996 1882 1012 ,
1903 981 1937 1005 ut
1954 971 2141 1016 cumsanffl·

1257 1017 1385 1061 ficaret,
1412 1019 1491 1052 &tn
1509 1030 1541 1053 eo
1558 1018 1593 1062 se
1613 1019 1792 1061 ostenderet,
1817 1027 1862 1054 ut}
1880 1028 1913 1054 in
1935 1028 2051 1056 caeteris
2066 1021 2139 1066 san-

1262 1067 1399 1101 ffloribus
1411 1067 1577 1103 hominibus
1582 1069 1661 1111 fecit
1675 1095 1683 1102 .
1709 1069 1794 1104 Eam
1806 1071 1947 1105 omnino
1957 1072 2049 1106 fuiffe
2059 1081 2140 1117 quo-

1263 1117 1410 1152 rumdam
1428 1118 1513 1152 inter
1525 1118 1597 1153 Arii
1617 1119 1831 1163 blasphemias
1850 1121 1886 1155 <Sc
1897 1122 1930 1155 N
1936 1123 2069 1155 icienam
2082 1123 2140 1165 Sy-

1226 1212 1228 1215 ·
1261 1167 1386 1202 nodum
1409 1168 1496 1202 circa
1518 1170 1584 1204 Dei
1596 1169 1698 1204 Verbi
1720 1182 1798 1204 cum
1817 1170 1914 1205 Patre
1931 1170 2143 1205 consubstan-

1262 1217 1438 1252 tialitatem
1457 1218 1684 1254 fluctuantium
1707 1219 1908 1256 Arianorum
1926 1220 2142 1264 Judaicam&

1262 1266 1489 1312 Cayphaicam
1500 1270 1694 1304 sententiam
1707 1294 1718 1310 ,
1727 1274 1730 1283 ·’
1739 1270 1857 1305 diserte
1867 1270 2000 1305 testatur
2010 1272 2044 1305 in
2058 1272 2144 1315 pdo-

1263 1318 1289 1352 ri
1311 1317 1353 1352 ad
1376 1316 1578 1361 Adelphium
1602 1320 1800 1363 Episcopum
1822 1321 1967 1364 Epistola
1992 1345 2004 1361 ,
2028 1321 2063 1355 &
2086 1320 2141 1355 ad-

1263 1367 1368 1402 versus
1389 1367 1479 1402 illam
1501 1369 1535 1403 in
1546 1370 1659 1404 multis
1679 1370 1761 1404 locis
1778 1371 1886 1405 scribit
1901 1372 2040 1405 sanctam
2067 1369 2143 1404 Vir·

1226 1428 1229 1467 j
1261 1418 1376 1462 ginem
1388 1419 1541 1453 veraciter
1553 1420 1727 1462 Deiparam
1748 1420 1840 1454 fuisse
1853 1445 1860 1453 .
1889 1421 2015 1455 Erroris
2025 1419 2142 1457 funda·

1262 1477 1411 1503 mentum
1435 1476 1525 1509 erat,
1550 1470 1640 1513 quod
1663 1471 1799 1505 duarum
1824 1481 2012 1505 naturarum
2032 1471 2142 1505 secun-

1262 1517 1342 1554 dum
1353 1517 1537 1562 hypostasin
1559 1519 1642 1554 unio
1653 1520 1820 1555 induceret
1831 1522 2006 1565 adsumptae
2015 1521 2121 1555 carnis
2130 1543 2141 1559 ,

1263 1565 1353 1611 quo'd
1371 1568 1438 1603 sine
1448 1567 1634 1603 idololatria
1654 1570 1725 1603 fieri
1736 1582 1804 1604 non
1818 1571 1921 1614 potest
1932 1596 1945 1611 ,
1970 1568 2142 1605 adorande

1265 1618 1483 1652 necessitatem
1508 1643 1516 1650 .
1545 1618 1650 1665 Qlod
1673 1630 1899 1663 argumentum
1926 1619 2067 1655 enodare
2090 1629 2143 1653 ne-

1260 1667 1368 1701 sciens
1381 1667 1607 1712 Apollinarius
1615 1667 1764 1705 deliravit
1776 1670 1916 1703 Domini
1928 1680 2059 1704 carnem
2068 1669 2144 1704 fuis·

1265 1717 1317 1758 se,
1344 1728 1414 1751 non
1425 1717 1636 1761 temporalem
1656 1718 1872 1764 &eVirgine
1886 1722 2066 1763 sumptam,
2088 1717 2142 1754 sed

1265 1777 1416 1802 aeternam
1438 1791 1450 1808 ,
1475 1767 1630 1802 caelestem
1655 1792 1666 1808 ‚
1704 1769 1863 1803 Divinam
1890 1795 1900 1810 ‚
1928 1771 2002 1803 Deo
2029 1767 2143 1804 Verbo

1266 1815 1499 1851 identificatam
1515 1842 1526 1857 ‚
1550 1816 1665 1860 utpote
1683 1818 1725 1851 de
1744 1829 1807 1861 qna
1829 1819 1863 1851 in
1887 1818 2049 1861 Symbolo
2071 1829 2143 1862 pro-

1263 1867 1377 1901 fitetur
1389 1866 1541 1909 synodus
1552 1867 1687 1901 Nicaena
1699 1880 1707 1900 ε
1735 1866 2018 1911 Consiebstanttalem
2029 1871 2119 1901 Pam
2130 1892 2140 1902 .

1266 1916 1316 1951 lta
1335 1917 1371 1951 in
1395 1916 1481 1950 libro
1502 1915 1544 1951 de
1553 1915 1694 1951 Domini
1716 1917 1865 1952 adversus
1886 1918 1978 1952 illum
1993 1916 2143 1953 incarna-

1260 1968 1357 2001 tione
1378 1966 1509 2000 testatur
1531 1965 1619 2001 idem
1640 1965 1857 2008 Athanasius,
1882 1968 1916 2001 in
1930 1969 2075 2013 Epistola
2098 1967 2141 2003 ad

1267 2016 1452 2059 Epictetum
1464 2016 1620 2051 Corinthi
1634 2018 1831 2061 Episcopum
1840 2019 2041 2054 exclamans:
2057 2020 2141 2062 ,Quis

1265 2065 1404 2111 infernus
1427 2065 1482 2106 ista
1503 2067 1657 2100 erucffavrt
1683 2068 1700 2099 ,τ’
1724 2067 1924 2101 Naturarum
1945 2092 1955 2107 ,
1982 2068 2142 2111 inquam,

1266 2115 1492 2151 confusionem
1504 2128 1542 2150 ac
1559 2116 1850 2151 identificationem
1872 2117 2033 2154 delirabat
2041 2114 2142 2161 APol-

1267 2165 1421 2205 linarias,
1445 2163 1584 2210 ideoque
1595 2177 1661 2200 non
1677 2164 1885 2201 solummodo
1898 2167 2009 2211 plenas
2029 2169 2064 2202 δε
2075 2165 2145 2211 pe't·

1268 2218 1360 2250 festas
1373 2226 1500 2250 naturas
1511 2229 1520 2259 ;
1547 2217 1580 2250 &
1592 2217 1693 2250 solam
1705 2218 1861 2251 unionem
1874 2217 2023 2251 adversus
2034 2218 2141 2266 ipsum

1268 2266 1457 2310 praedicare,
1485 2265 1539 2301 sed
1559 2267 1593 2301 &
1615 2264 1700 2300 hanc
1720 2278 1892 2302 extenuare
1905 2291 1916 2308 ,
1943 2268 1977 2301 &
1989 2267 2145 2302 liberiori-

1268 2317 1326 2350 bus
1335 2316 1375 2350 de
1397 2317 1462 2359 ipsa
1472 2315 1581 2350 verbis
1591 2317 1639 2350 uti
1660 2328 1826 2360 coeperunt
1837 2318 1969 2360 quidam
1984 2318 2144 2351 Doctores

1267 2364 1433 2400 Catholici
1450 2389 1461 2405 ,
1488 2375 1585 2408 atque
1604 2366 1649 2399 ita
1678 2366 1922 2409 Apollinaristis
1942 2367 2051 2399 ansam
2065 2365 2144 2400 dare

1267 2415 1359 2449 istius
1383 2415 1417 2449 in
1433 2415 1607 2449 Ecclesiam
1624 2416 1813 2455 calumniae,
1840 2416 1881 2449 de
1891 2426 1953 2457 qua
1973 2415 2013 2449 ad
2027 2413 2144 2450 Theo-

1267 2463 1392 2508 philum
1409 2464 1611 2498 Alexandr-iz
1630 2464 1848 2499 Patriarcham
1860 2466 1993 2499 Sanctus
2017 2466 2144 2510 Grego-

1267 2516 1330 2548 rius
1357 2515 1535 2556 Episcopus
1555 2514 1743 2557 Nyffenus:
1769 2515 1930 2555 Proferunt
1953 2516 2032 2557 quod
2047 2516 2144 2558 aliqui

1267 2563 1351 2607 quast
1363 2563 1525 2597 Catholicae
1537 2563 1671 2604 Ecclssr'ae
1691 2564 1845 2603 existentes
1857 2566 1929 2597 duos
1951 2566 2048 2598 colunt
2054 2564 2135 2607 filios

1267 2621 1299 2646 in
1320 2615 1460 2657 dogmate
1482 2638 1492 2654 ,
1519 2626 1611 2647 unum
1627 2613 1788 2658 ρΓειϊιηιῐίὶηι
1811 2624 1951 2647 naturam
1977 2638 1988 2654 ‚
2014 2615 2142 2649 alterum

1262 2661 1421 2707 secundam
1430 2666 1616 2705 adoptionem
1622 2664 1721 2706 postea
1731 2664 1897 2707 acquisitam
1909 2690 1916 2697 .
1944 2664 2124 2708 Coeperunt
2131 2689 2144 2706 ,

1270 2714 1402 2757 inquam
1414 2737 1425 2753 ,
1453 2713 1693 2757 Apollinaristae
1707 2714 1880 2748 Ecclesiam
1901 2715 1942 2748 de
1953 2715 2058 2749 soluto
2071 2715 2144 2758 Jessa

1269 2762 1402 2797 Christo
1422 2763 1589 2798 &adserta
1611 2764 1848 2806 ejusdivisione
1870 2766 2035 2804 accusare,
2060 2765 2143 2808 quin

1269 2814 1302 2847 ὅ(
1325 2814 1386 2846 seli:
1396 2813 1511 2847 mutuo
1524 2815 1669 2848 accusare
1681 2813 1737 2857 ipsi
1755 2812 1939 2853 Catholici,
1966 2813 2144 2859 &quidam

1271 2874 1339 2896 non
1363 2863 1427 2897 fine
1449 2863 1664 2898 fundamento
1684 2867 1745 2897 efle
1766 2864 1915 2907 suspecti.
1945 2864 2078 2898 Etenim
2101 2859 2145 2898 de

1271 2913 1325 2947 sua
1348 2911 1572 2946 Alexandrina
1593 2914 1731 2957 Synodo
1752 2938 1762 2952 ,
1790 2915 1825 2948 in
1848 2926 1911 2958 qua
1935 2923 2042 2948 natam
2061 2914 2144 2947 inter

1270 2960 1474 2996 orthodoxos
1496 2963 1536 2997 de
1562 2962 1623 2997 hac
1645 2963 1864 3006 propositione
1887 2989 1897 3005 ,
1923 2966 1995 2997 Tres
2018 2959 2144 2997 Divm‘b

1268 3010 1402 3056 personae
1421 3010 1495 3055 sime
1532 3022 1594 3046 tres
1620 3012 1777 3057 hypostases
1805 3038 1815 3053 ,
1853 3013 2143 3057 periculosiffimam

1271 3062 1519 3096 contentionem
1531 3063 1652 3097 sedavit
1666 3088 1676 3103 ‚
1701 3064 1793 3098 addit
1805 3065 1938 3098 Sanetus
1951 3061 2143 3098 Athanasius

1271 3112 1306 3145 in
1319 3112 1437 3145 litteris
1457 3113 1497 3146 ad
1510 3112 1683 3146 Ecclesiam
1698 3113 1960 3148 Antiochenam:
1988 3116 2092 3144 Etiam
2104 3111 2143 3144 de

1271 3167 1380 3204 negotio
1404 3163 1438 3195 Θ
1458 3161 1676 3205 dispensatione
1707 3170 1808 3196 carnis
1842 3163 1928 3204 nostri·
1951 3163 2117 3195 salvatoris
2130 3184 2143 3200 ,

1269 3212 1334 3244 ciam
1348 3209 1437 3253 super
1446 3223 1480 3244 ea
1496 3223 1527 3244 re
1546 3224 1655 3255 quoque
1674 3211 1805 3247 nonnulli
1826 3225 1889 3246 cum
1899 3213 1964 3244 alus
1986 3217 2142 3244 contentio-

1272 3273 1338 3294 nem
1358 3272 1530 3302 moverent,
1556 3262 1589 3295 δε
1604 3265 1667 3297 sese
1677 3262 1793 3296 mutuo
1813 3261 2010 3297 confusionis
2031 3258 2147 3293 autdi.

1272 3311 1402 3344 visionis
1423 3312 1639 3353 infamarent,
1665 3314 1698 3346 Θ
1718 3313 1769 3345 bos
1788 3313 1822 3344 65
1845 3312 1907 3343 illos
1928 3315 2059 3342 examini
2072 3308 2143 3353 fiab-

1263 3363 1390 3402 jecimus
1402 3386 1411 3401 ‚
1437 3363 1471 3395 ὁ·
1482 3363 1561 3404 quod
1569 3362 1617 3401 isti
1629 3361 1841 3404 profitebantur
1855 3383 1864 3398 ‚
1890 3359 1940 3391 hoc
1966 3361 1999 3392 (ν
2010 3361 2055 3392 illi
2074 3371 2143 3401 quo-

1270 3422 1326 3454 que
1332 3409 1474 3456 ficffragio
1493 3409 1672 3455 adsensuque
1687 3407 1928 3453 prffecutificnt,
1954 3417 2060 3451 nempe
2082 3421 2141 3443 non

2059 3470 2095 3493 ea
