2340 3736
477 148 583 192 Dn
654 138 1788 189 Lai-nocruroEpneerQ
1902 155 1963 198 43

229 249 356 302 opera
392 229 602 280 adducere
624 265 640 290 ,,
676 232 718 275 &
754 224 1001 293 persuadere
1027 261 1040 285 ‚
1076 238 1124 273 ut
1158 222 1230 273 vel
1267 239 1379 271 nunc
1417 219 1472 269 ad
1508 224 1806 285 cognitionem
1844 222 2043 271 veritatis

229 300 520 359 accederent3
559 299 635 353 iste
674 298 763 345 illic
799 294 1018 348 ordinavit
1054 296 1296 359 inquietum
1320 329 1333 353 ,
1370 296 1413 340 &
1447 295 1644 357 juvenem
1680 291 1932 348 existentem
1955 328 1968 351 ‚
2005 295 2049 339 &

227 371 601 423 luxuriofiffimum
628 406 640 418 .
679 370 840 434 Neque
875 367 1003 413 enim·
1026 362 1174 411 statuit
1198 399 1211 422 ‚
1244 377 1322 410 aut
1357 360 1492 429 paffus
1528 361 1587 410 est
1621 360 1856 427 aliquando
1891 361 2046 419 latere,

227 440 298 490 sed
332 441 444 509 pene
488 439 650 506 semper
687 441 734 486 in
769 435 950 484 nostram
988 431 1249 483 adveniebat
1295 435 1522 481 civitatem
1561 445 1751 497 propter‘
1772 430 2048 480 Challoarm

226 511 461 577 quamdam
498 512 768 566 maritatam,
804 501 1128 559 circumducens
1162 520 1258 559 eam
1293 520 1368 573 per
1397 504 1500 555 >loca
1535 499 1701 550 diversa
1726 536 1739 560 ,
1776 506 1818 549 &
1854 503 1900 549 in
1935 498 2044 548 deli-

226 585 306 635 ciis
341 574 438 635 cum
473 596 524 630 ea
558 578 729 635 deditus
750 610 771 648 Ι,
1291 575 1293 577 ’

446 782 473 826 S
485 781 525 825 C
538 779 582 823 H
593 779 638 823 O
652 778 687 823 L
701 777 721 820 Ι
735 778 780 821 O
794 776 845 825 N
858 809 869 821 ·
1171 782 1228 815 pus
1251 769 1417 804 subscribit
1439 769 1503 804 hoc
1540 769 1642 805 modo
1656 784 1665 803 .·
1681 772 1711 813 J
1712 769 1814 805 acobus
1839 778 1926 813 nepos
1950 771 2051 806 domni

1160 842 1161 846 =
1174 825 1305 865 Gregorii
1334 820 1521 854 patriarcba·
1532 844 1542 861 ‚
1570 818 1733 862 Episcopus
1755 825 1798 853 N.

1222 871 1347 905 Verum
1360 872 1391 903 in
1404 869 1464 903 hac
1477 870 1685 913 promotione
1697 871 1873 906 imitandus
1884 871 1929 905 est
1951 872 2053 905 Bene-

312 925 530 962 Cclefiasticas
558 924 735 968 dignitates
757 921 930 966 nepotibus
963 930 1019 955 aut
1039 921 1111 955 aliis
1170 920 1273 955 distus
1289 921 1503 955 duodecimus
1525 919 1681 954 Pontifex
1706 943 1717 959 ‚
1743 921 1783 956 de
1802 933 1868 964 quo
1892 932 2051 966 magnum
2074 911 2095 937 F·
2118 908 2183 942 ²93·

234 1014 236 1016 ¹
337 972 786 1019 consanguineisconffirriab
799 972 960 1016 Episcopo
973 996 986 1012 ,
1011 970 1112 1005 resest
1173 970 1507 1018 BelgiiChronicon.
1535 973 1595 1004 Vix
1617 978 1747 1012 nepotem
1766 970 1854 1014 suum
1879 971 2052 1014 ArchiEpi-

231 1024 422 1071 adiaphora.
452 1027 586 1061 Etenim
607 1018 842 1066 obj'estantibus
856 1047 866 1062 ,
891 1021 982 1066 quod
1009 1021 1111 1054 Hinc·
1165 1022 1282 1067 scopum
1305 1019 1503 1064 Arelatensem
1522 1021 1638 1062 effecit:
1666 1021 1743 1053 Alios
1766 1022 1816 1054 vel
1840 1033 1896 1054 non
1922 1021 2024 1054 babuit
2041 1047 2053 1062 ,

228 1088 354 1111 marum
367 1085 520 1119 nepotem
541 1075 642 1118 gratia
666 1073 917 1120 propinquitatis
938 1071 1112 1106 ordinasset
1171 1071 1223 1104 vel
1244 1069 1387 1112 nescivit.
1415 1071 1555 1105 Causam
1565 1069 1656 1104 dedit
1679 1071 1765 1113 apud
1793 1071 1968 1106 Albertum
1992 1072 2053 1105 Ar-

231 1126 482 1161 Laudunensem
494 1124 692 1167 Episcopum
705 1148 714 1162 ,
740 1122 821 1156 reste
831 1122 995 1165 respondit
1008 1122 1113 1154 Hinc-
1171 1121 1397 1164 gentinensem
1411 1121 1445 1154 in
1458 1122 1525 1155 vita
1538 1121 1644 1154 Sancti
1657 1119 1828 1154 Bertholdi
1841 1136 1851 1155 .·
1877 1124 1908 1154 51*
1919 1128 1975 1155 mei
1986 1121 2055 1163 fue-

59 1175 195 1217 Ep3st‚33,
231 1174 566 1219 mamsMgtsopoljta
592 1170 800 1211 Rhemenfis.
828 1173 944 1204 Nolunt
956 1172 1112 1209 attendere
1171 1176 1212 1203 rit
1234 1170 1402 1208 dominati,
1428 1179 1499 1204 tunc
1522 1170 1723 1205 immaculatus
1750 1183 1812 1204 ero.
1841 1171 1951 1218 Qam
1963 1171 2053 1206 enim

59 1226 133 1252 σιμ.
232 1240 261 1260 m
264 1226 307 1260 11„-
316 1226 366 1260 [700
378 1234 550 1267 reputantes
562 1248 573 1263 ,
600 1229 669 1265 quia
682 1234 739 1255 non
750 1223 873 1264 impedit
883 1223 928 1254 ad
943 1225 1111 1263 quempiam
1172 1230 1246 1254 caro
1258 1220 1290 1253 &
1301 1218 1432 1263 sanguis
1442 1218 1476 1252 in
1487 1217 1662 1255 evehendis
1681 1222 1933 1265 consanguineis
1953 1234 2055 1256 caecu-

232 1278 428 1310 ordinandum
438 1279 535 1311 carnis
543 1278 751 1315 propinquitas
764 1296 774 1311 ‚
793 1271 824 1312 fi
826 1273 1008 1305 ordinandus
1014 1269 1112 1312 fuerit
1173 1271 1234 1303 tire
1255 1271 1288 1303 ὅ(
1299 1270 1452 1312 cespitare
1462 1268 1584 1304 faciant
1594 1269 1694 1302 etiam
1706 1269 1850 1305 eruditos
1862 1271 1895 1303 &z
1909 1271 2053 1307 laudabi-

232 1326 337 1361 elecqus
361 1327 394 1359 ό·
413 1330 524 1366 petitus
545 1321 705 1366 secundam
737 1321 945 1363 Eccleſsasticas
971 1321 1111 1364 Regulas.
1174 1320 1218 1354 les
1239 1319 1415 1363 Episcopos
1440 1343 1450 1360 ‚
1476 1319 1619 1353 ostendit
1650 1318 1716 1353 haec
1740 1344 1750 1359 ‚
1776 1320 1798 1352 si
1822 1331 1931 1354 tamen
1960 1333 2054 1362 vera,

232 1377 555 1412 Nam&Dominum‚
580 1374 664 1414 eiquo
676 1373 709 1405 (¹2⁶
716 1380 771 1413 per
783 1382 872 1413 quem
893 1378 982 1413 coepit
997 1369 1101 1414 Episco
1176 1370 1332 1404 accusatio
1354 1368 1417 1402 lbae
1438 1395 1445 1403 .
1475 1369 1518 1404 Et
1543 1367 1677 1413 quidem
1702 1369 1742 1403 ad
1771 1370 1938 1405 Eufratem
1963 1371 2055 1406 fuisse

229 1436 343 1469 patus,
367 1436 455 1461 carne
460 1423 514 1466 fibi
523 1429 702 1465 propinquos
718 1422 837 1464 legimus
848 1422 988 1465 ordinasse
1002 1421 1112 1463 aposto·
1175 1430 1244 1454 tum
1278 1418 1383 1454 adhuc
1419 1419 1557 1454 multam
1591 1418 1811 1455 idololatriam
1836 1445 1847 1460 ‚
1883 1420 1984 1463 liquet
2017 1434 2057 1455 ex

232 1477 292 1509 los.
319 1477 362 1510 Et
375 1475 525 1510 Sansturn
548 1472 699 1506 Marcum
713 1471 953 1516 Evangelistam
978 1473 1013 1506 ὅτ.
1038 1470 1113 1506 Ale-
1180 1470 1436 1504 Theodoretoin
1452 1466 1599 1504 Historia
1609 1470 1806 1505 monastica.
1834 1471 1944 1516 Qare
1956 1470 2058 1516 Paga·
2080 1485 2148 1514 em
2174 1493 2214 1518 ¹7·

233 1525 377 1560 xandriae
390 1521 609 1560 Patriarcham
621 1521 713 1556 fuisse
724 1522 931 1556 SanctiPetri
957 1533 999 1556 ex
1023 1521 1111 1554 sacro
1175 1532 1336 1565 ganorum
1359 1520 1483 1557 civitati
1511 1531 1577 1554 non
1606 1520 1789 1555 luxuriosus
1815 1522 1946 1564 Juvenis
1967 1547 1976 1561 ,
2004 1520 2056 1555 sed
2125 1511 2131 1521 ¹

59 1598 100 1627 Ca
152 1605 185 1629 72
232 1578 324 1610 fonte
334 1575 439 1612 filium
461 1573 661 1610 testanturin
675 1572 772 1609 Petro
791 1571 872 1605 liber
896 1570 1112 1610 Pontificalis‚
1176 1571 1247 1611 quis
1270 1570 1447 1613 Gregorius
1477 1569 1747 1615 Thaumaturgus
1768 1572 1873 1605 fuerat
1904 1570 2056 1606 ordinan-

59 1604 215 1671 L.²p,c.4}'
232 1628 267 1661 δε
279 1625 438 1659 Nicolaus
463 1624 583 1669 primus
594 1621 749 1656 Pontifex
761 1623 795 1656 in
807 1622 958 1665 rescripto
986 1622 1025 1655 ad
1037 1632 1113 1655 con·
1177 1622 1255 1654 dus.
1284 1619 1487 1655 Adventium
1498 1619 1680 1655 Metensem
1707 1622 1906 1665 Episcopum
1918 1647 1928 1663 ‚
1956 1631 1992 1655 ut
2006 1634 2058 1657 ne-

234 1675 316 1709 sulta
338 1675 569 1717 Bulgarorum.
595 1672 702 1706 Fuiffe
715 1672 826 1713 &ejus
835 1683 876 1704 ex
888 1672 994 1706 sorore
1015 1683 1113 1714 nepo·
1177 1670 1246 1714 poti
1271 1670 1501 1713 Episcopatum
1512 1670 1749 1706 Treverensem
1771 1682 1985 1713 emereretur,
2011 1673 2057 1706 fa-

234 1734 322 1764 tem,
349 1720 555 1766 Nicephorus
581 1721 750 1756 Calixtus.
779 1720 934 1764 Ejusdem
960 1731 1114 1764 nepotem
1179 1720 1254 1754 vilse
1267 1719 1390 1754 Carolo
1402 1719 1506 1754 Calvo
1518 1720 1719 1756 Francorum
1741 1722 1827 1767 Regi
1839 1722 1879 1755 ad
1903 1722 2057 1757 invaden-

65 1794 149 1821 sfflm
174 1793 215 1821 ,6,
234 1774 326 1808 suiffe
337 1774 491 1809 Sanstum
500 1770 687 1805 Martialem
697 1770 963 1805 Lemovicensem
986 1771 1115 1814 Episcoae
1175 1770 1254 1804 dum
1267 1795 1276 1811 ,
1304 1770 1480 1806 Ludovico
1501 1769 1653 1814 Augusto
1678 1771 1791 1814 nepoti
1812 1771 1960 1807 debitum
1973 1797 1983 1814 ‚
2013 1785 2059 1808 re-

62 1831 82 1862 1.
108 1829 142 1859 de
158 1817 216 1857 viti
235 1834 312 1867 pum
326 1820 434 1856 scribit
446 1822 576 1857 Sanetus
598 1819 709 1853 Petrus
721 1819 894 1853 Damiani.
923 1819 1028 1854 Addit
1037 1821 1113 1854 San·
1176 1832 1280 1865 gnum
1293 1820 1527 1861 Lothariense,
1554 1820 1662 1854 scribit
1677 1820 1789 1856 Abbas
1808 1822 1961 1867 Regino.
1989 1821 2060 1857 Ad·
2084 1836 2192 1870 A.869.

62 1872 89 1902 S,
108 1872 198 1900 Mauri
234 1875 323 1907 stum
354 1871 510 1906 Maurum
541 1869 676 1904 Caesenae
701 1869 901 1913 Episcopum
925 1879 1114 1912 promotum
1178 1870 1280 1903 versus
1290 1869 1430 1904 eundem
1452 1869 1610 1906 Carolum
1622 1883 1698 1905 cum
1726 1871 1898 1907 Ludovico
1909 1873 1976 1916 ejus
2001 1875 2060 1908 fra-

62 1919 118 1940 ω’
234 1923 254 1955 ὲ
275 1933 391 1966 patruo
410 1920 574 1957 Pontifice
598 1920 771 1954 Romano.
799 1920 842 1953 Et
866 1921 997 1954 sanetus
1018 1920 1111 1953 Euse·
1178 1931 1225 1955 tre
1235 1921 1418 1954 Germaniae
1429 1920 1522 1965 Rege
1532 1921 1723 1964 conspirasse
1733 1923 1947 1957 Wenilonem
1959 1925 2060 1958 Seno-

237 1971 308 2007 bius
320 1971 549 2007 Samosatenfis
575 1969 753 2014 Episcopus
765 1970 798 2004 in
812 1969 946 2003 Clerum
958 1970 1051 2003 suum
1062 1969 1115 2003 ad·-
1182 1972 1316 2005 nensem
1340 1969 1677 2014 Archi-Episcopum,
1703 1982 1741 2006 ut
1754 1972 1923 2007 Tortoldo
1943 1973 2063 2008 Diaco-

237 2024 366 2068 sumpfit
377 2019 585 2058 Antiochum
597 2020 615 2053 ὲ
628 2020 735 2054 sorore
748 2029 900 2062 nepotem
912 2045 921 2060 ‚
950 2020 1040 2062 cujus
1053 2031 1118 2053 me-
1183 2034 1227 2055 no
1237 2044 1248 2060 ‚
1273 2021 1329 2054 suo
1341 2021 1524 2065 propinquo
1538 2046 1548 2061 ,
1573 2021 1736 2058 obtineret
1749 2022 1980 2068 Episcopatum
2003 2025 2063 2059 Ba-

237 2074 320 2111 rita,
346 2071 391 2106 ob
408 2084 478 2115 quae
498 2069 661 2104 avunculo
682 2070 824 2105 succeffit
846 2071 880 2103 in
906 2069 1116 2111 cathedram,
1182 2072 1344 2113 jocensem
1365 2096 1376 2114 ,
1402 2070 1516 2105 adserit
1539 2072 1693 2114 Synodus
1714 2072 1879 2107 Tullenfis
1903 2073 1987 2117 apud
2012 2076 2063 2109 Sa-

67 2143 88 2172 L
101 2149 126 2175 4·
148 2147 221 2172 014,
238 2122 389 2164 praedicat
412 2122 446 2154 in
467 2118 600 2152 historia
623 2120 838 2156 Ecclesiastica
862 2119 1116 2157 Theodoretus.
1182 2122 1347 2164 ponarias.
1375 2122 1419 2156 Et
1431 2120 1620 2156 Albericum
1630 2122 1851 2156 Marficanum
1865 2124 2063 2167 Episcopum

240 2171 350 2204 Etiam
359 2171 491 2204 Sanetus
518 2167 661 2211 Cyrillus
675 2167 918 2204 Alexandrinus
938 2170 1000 2205 fuit
1012 2170 1116 2213 patrui
1183 2171 1246 2204 una
1267 2183 1342 2204 cum
1364 2171 1456 2211 filio,
1484 2172 1674 2204 cuicefferat
1696 2170 1907 2212 cathedram,
1935 2173 2065 2217 pessime

238 2217 423 2262 Theophili
436 2217 627 2252 Clericus&
638 2218 808 2254 succe-flor.
838 2218 880 2251 Et
892 2219 1022 2252 Sanetus
1036 2221 1117 2255 Sini-
1184 2221 1306 2263 periisse
1318 2221 1413 2254 refert
1423 2222 1554 2254 Sanetus
1565 2220 1679 2255 Petrus
1705 2222 1861 2257 Damiani
1877 2249 1884 2257 .
1913 2225 2000 2270 Qis
2013 2236 2065 2258 ne·

68 2290 218 2323 flodoard·
239 2268 472 2305 ciussecundus
482 2267 690 2300 Remenfium
702 2267 1117 2311 EpiscopusEpiscopatum
1183 2271 1240 2304 scit
1250 2270 1687 2305 HincmariLaudunenfisa
1701 2282 1815 2314 patruo
1838 2273 1990 2307 Remenfi
2004 2275 2063 2308 do·
2084 2255 2140 2290 Lm„
2156 2257 2236 2293 Ep.9.

68 2334 183 2367 1‚1,C,3,
239 2319 496 2355 Sueffionensem
517 2314 606 2351 dedit
628 2316 741 2359 nepoti
764 2316 957 2351 Divitiano:
985 2318 1118 2351 Sanctus
1184 2329 1296 2353 natum
1308 2319 1539 2363 Episcopatum
1551 2320 1641 2353 fuisse
1655 2322 1931 2363 infelicissimum?
1953 2324 2064 2359 Etiam

69 2376 127 2407 Li·
149 2381 221 2407 014·
240 2370 413 2413 Remigius
434 2368 603 2402 erenum&
617 2367 647 2399 se
672 2367 904 2409 Episcopatum
924 2366 1118 2402 Laudunen-
1183 2368 1376 2404 Genebaudi
1413 2382 1467 2413 per
1493 2371 1644 2405 sanetum
1676 2372 1867 2417 Remigium
1896 2375 2063 2417 promotio

240 2421 305 2454 sem
318 2417 521 2453 Genebaudo
533 2442 543 2457 ,
571 2416 688 2451 marito
702 2417 763 2450 suae
775 2417 898 2459 neptis.
927 2418 1012 2464 Qis
1026 2418 1118 2461 igno·
1184 2431 1251 2453 non
1262 2419 1365 2454 caruit
1379 2419 1513 2454 miseriis
1527 2445 1533 2451 .
1563 2420 1606 2454 Et
1621 2422 1794 2456 Rusticum
1807 2435 1847 2457 ex
1859 2425 1954 2458 fratre
1964 2437 2064 2467 nepo-

240 2479 287 2503 rat
298 2471 451 2504 Sanctum
474 2466 628 2503 Carolum
642 2467 864 2500 Borromaeum
886 2478 1040 2511 nepotem
1064 2468 1117 2501 Pii
1184 2481 1249 2504 tem
1263 2494 1273 2510 ,
1300 2470 1513 2506 creatumase
1525 2470 1714 2506 Diaconum
1726 2473 1957 2514 Cardinalem,
1979 2475 2062 2509 adeo

242 2520 347 2564 quarti
366 2517 563 2553 pontificis?
592 2516 664 2550 Esse
686 2515 876 2550 patriarchae
900 2529 1052 2561 nepotem
1073 2518 1117 2551 est
1181 2530 1407 2556 contumacem
1420 2519 1665 2564 senfitVigilius
1677 2523 1855 2565 Pontifex,
1883 2525 2063 2559 uttandem

241 2568 329 2614 apud
342 2568 517 2603 Armenios
540 2565 706 2610 singularis
718 2567 935 2601 Ecclefiastica
958 2566 1118 2611 dignitas.
1182 2571 1411 2605 exaustorarit.
1439 2568 1590 2604 Meritoa
1603 2573 1725 2606 cunetis
1747 2574 1893 2608 laudatur
1906 2575 2063 2609 Clemens

242 2618 350 2654 Unde
369 2617 504 2661 synodo
526 2616 636 2650 Sisenfi
659 2641 670 2657 ,
696 2615 800 2655 relatas
822 2628 876 2660 per
910 2617 1115 2652 Clementem
1182 2631 1335 2663 quartus,
1361 2621 1450 2664 quod
1474 2630 1647 2664 nepotem,
1676 2622 1777 2657 tribus
1788 2623 1983 2668 gaudentem
2011 2626 2065 2660 Sa-

244 2669 410 2703 Garanum
422 2691 432 2708 ‚
459 2664 595 2711 Jacobus
608 2667 716 2704 nescio
726 2667 816 2714 cujus
826 2667 964 2702 civitatis
987 2668 1115 2712 Episco-
1184 2670 1337 2706 cerdotiis
1351 2695 1362 2713 ,
1388 2671 1509 2717 jusserit
1523 2682 1591 2706 uno
1603 2671 1665 2708 effe
1676 2683 1868 2708 contentum
1880 2699 1888 2708 .

605 2934 1451 3027 CAPITULUM
1519 2943 1703 3045 VII.

392 3152 478 3201 Uia
513 3168 664 3204 omnes
700 3156 1015 3208 Ecclefiasticos
1039 3158 1233 3209 redditus
1250 3196 1263 3220 ,
1299 3162 1461 3209 multos
1497 3161 1725 3211 existentes
1760 3166 1804 3212 &
1839 3164 1885 3211 in
1923 3162 2063 3210 infini-

428 3237 518 3270 tam
555 3223 778 3275 tendentes
814 3231 1136 3295 quantitatem,
1172 3229 1340 3279 confert
1376 3228 1450 3280 suo
1488 3230 1636 3294 fratri,
1672 3233 1743 3283 vel
1780 3231 2061 3282 consobrinis.

247 3296 304 3341 Et
340 3309 563 3355 rogamus,
599 3309 647 3342 ut
681 3298 893 3350 rationem
930 3299 1062 3354 faciat
1098 3317 1243 3352 coram
1279 3299 1416 3351 vestra
1451 3304 1682 3354 Sanctitate
1710 3339 1723 3353 .

339 3511 445 3555 Christ·
459 3517 539 3559 Lupi
560 3519 645 3559 oper.
658 3518 777 3553 romu.
1159 3488 1169 3501 x
1555 3525 1581 3558 F
1633 3535 1655 3561 2
1894 3522 2017 3558 CAPI-
