2340 3736
82 1890 135 1920 L6
147 1891 237 1927 {ip-14

82 1929 220 1969 Epist-39.

79 2054 142 2085 cap.
154 2050 180 2078 6.

91 2164 128 2194 Cr
135 2174 162 2200 ⁹·

88 2362 152 2394 cap.
164 2363 174 2383 1
183 2363 207 2388 τ’.

95 2703 249 2739 Εμητς,

114 3344 187 3377 Dist.
208 3354 218 3374 1
227 3355 271 3374 00.

117 3395 182 3417 C·l.

312 144 407 191 104
687 123 996 175 CANONEs
1043 122 1604 174 CiiALcenonenscs

591 316 655 390 c
732 313 959 423 A‚N
1041 313 1111 385 o
1189 311 1267 381 N
1386 286 1732 394 XXV.

411 494 604 548 [Ioniam
639 492 821 562 quidam
846 489 1291 559 Metropolitanorum
1327 491 1578 558 (quantum
1604 493 1925 557 comperimus)
1960 500 2084 545 com4

252 493 398 641 Q
436 564 579 615 miffos
614 566 691 615 fibi
726 580 874 629 greges
912 563 1164 627 negligunt,
1199 564 1243 609 &
1269 560 1583 612 Ordinationes
1619 559 1931 632 Episcoporum
1966 565 2083 615 face-

425 655 470 690 re
505 634 735 696 differunt,
772 634 938 702 placuit
973 630 1124 683 sanctae
1158 630 1339 698 Synodo
1373 633 1490 682 intra
1525 646 1612 682 tres
1640 630 1802 682 menses
1828 631 2084 684 Ordinatio-

250 712 330 768 'nes
372 706 685 779 Episcoporum
733 704 939 754 celebrari
958 715 987 764 ’,
1039 701 1116 749 nisi
1152 699 1266 750 forte
1303 700 1522 751 neceffitas
1558 701 1858 752 inexcusabilis
1893 706 2085 767 coegerit

252 794 425 846 tempus
460 776 686 828 dilationis
722 773 900 826 extendi
935 809 949 823 .
999 769 1134 839 Qod
1168 770 1201 819 fi
1236 772 1320 822 hoc
1357 771 1536 824 minime
1573 770 1722 822 fecerit
1757 810 1770 834 ,
1818 776 2084 843 correptioni

251 848 553 898 Ecclefiasticae
588 845 828 912 subjacebit
862 863 874 893 t
925 848 1236 892 Verumtamen
1270 838 1463 890 redditus
1499 842 1695 893 Ecclefiae
1729 842 1917 895 viduatae
1953 859 2086 915 penes

254 922 561 971 Oeconomum
597 915 788 986 ejusdem
824 913 1024 966 Ecclefiae
1063 914 1225 980 integri
1260 910 1556 966 reserventur.

476 1062 911 1119 SCHOLION.

356 1211 444 1248 Ntea
463 1223 587 1258 vagum
612 1222 680 1246 erat
701 1211 826 1247 sedium
846 1211 1033 1245 vacantium
1058 1218 1139 1245 tem-

278 1292 288 1297 -
371 1274 450 1307 puS,
478 1263 621 1307 ideoque
646 1273 756 1296 earum
782 1259 1001 1296 visitatoribus
1021 1261 1074 1295 seu
1093 1260 1138 1293 in-

251 1313 491 1349 terventoribus
510 1313 645 1347 mandat
668 1312 782 1356 quinta
803 1311 959 1355 synodus
970 1310 1140 1354 Carthagi-

252 1365 360 1399 nenfis
382 1365 455 1397 dare
475 1371 613 1406 operam,
637 1372 670 1395 ut
695 1368 779 1395 intra
799 1373 914 1395 annum
935 1359 1043 1405 eisdem
1065 1364 1141 1402 Ept-

251 1412 371 1458 scopum
395 1415 578 1456 provideant
603 1426 614 1445 .-
641 1413 735 1455 .Quod
752 1411 782 1454 fi
804 1414 989 1455 neglexerint
1014 1436 1025 1452 ,
1061 1422 1139 1444 anno

250 1471 391 1505 exempto
412 1464 485 1496 aliis
502 1469 690 1496 interventor
703 1462 853 1495 tribuatur
868 1486 874 1493 .
901 1461 1024 1495 Canon
1032 1460 1141 1497 ,noster

248 1513 381 1547 reducit
395 1513 436 1547 ad
450 1523 514 1547 tres
525 1512 650 1546 menses
659 1536 669 1552 ‚
695 1511 736 1545 de
753 1511 873 1555 quibus
884 1511 1035 1553 queritur
1047 1535 1058 1551 ‚
1085 1510 1140 1543 An

253 1562 270 1596 3
294 1564 384 1597 factae
402 1563 592 1601 electionis,
619 1572 659 1594 an
671 1561 690 1594 a
709 1571 815 1604 caeptae
825 1561 1007 1595 vacationis
1018 1560 1072 1594 die
1083 1559 1142 1593 fine

253 1610 494 1656 computandi?
523 1610 722 1654 Respondeo
742 1610 982 1654 computandos
1006 1611 1025 1643 a
1044 1618 1143 1653 caepta

253 1663 429 1698 vacatione
457 1686 464 1694 .
502 1662 635 1695 Etenim
658 1661 699 1694 ad
720 1660 954 1696 Constantium
983 1659 1144 1694 Mediola-

252 1713 389 1747 nensem
413 1711 732 1755 Archi-Episcopum
755 1710 867 1745 scribit
877 1712 1008 1746 Sanetus
1018 1711 1145 1754 Grego-

253 1763 321 1798 rius
341 1763 510 1808 Magnus.-
536 1764 620 1795 Sacri
639 1765 799 1802 Canones,
826 1761 940 1804 utique
950 1759 1005 1794 hic
1016 1760 1144 1800 noster,

253 1815 336 1847 ultra
357 1821 419 1846 tres
442 1810 555 1855 menses
576 1810 735 1852 Ecclesiam
751 1816 936 1854 praecipiunt
949 1822 1006 1845 non
1019 1821 1145 1844 vacare.

254 1863 301 1898 Et
322 1863 364 1898 ad
376 1862 607 1897 Marinianum
626 1860 945 1905 Archi-Episcopum
958 1861 1144 1895 Ravennae:

255 1915 344 1947 Ultra
368 1923 428 1945 tres
453 1910 564 1955 menses
587 1910 745 1952 Ecclesiam
766 1922 876 1945 vacare
888 1909 1146 1950 Rontt‘ficestatuta

251 1962 406 2007 sacrorum
426 1966 583 1994 Canonum
598 1973 655 1994 non
669 1967 869 2003 permittunt.
893 1960 986 2004 Idem
1005 1959 1146 1994 afferunt

256 2013 455 2047 duodecima
475 2013 507 2046 δε
530 2010 655 2044 decima
682 2012 775 2044 tertia
798 2010 927 2054 Synodi
947 2010 1144 2052 Toletanae3

258 2063 400 2106 ideoque
410 2061 563 2096 universae
573 2061 741 2103 Hispania:
759 2061 942 2103 Episcopos
953 2060 1145 2103 permittunt

257 2112 446 2148 confirmari
467 2111 500 2145 &
521 2110 702 2145 consecrari
714 2110 755 2144 ab
770 2109 1065 2153 Archi-Episcopos
1075 2109 1147 2143 To-

259 2163 386 2198 letano:
417 2162 506 2196 Nam
527 2161 611 2194 intra
621 2169 685 2194 tres
697 2160 820 2194 menses
834 2171 903 2193 non
916 2168 1040 2202 poterat
1050 2160 1068 2193 a
1085 2160 1148 2192 Re-

257 2225 303 2260 ge
317 2213 380 2258 peti
392 2211 537 2257 eligendi
556 2211 712 2249 facultas,
739 2209 865 2245 Elestus
877 2211 1003 2254 Regem
1017 2209 1148 2243 accede-

257 2275 316 2303 re,
342 2263 408 2306 ejus
430 2260 670 2305 beneplacitum
693 2262 887 2302 impetrare,
913 2258 1013 2294 redire
1032 2259 1073 2293 ad
1084 2269 1148 2292 ma-

259 2323 322 2348 nus
344 2313 390 2346 sui
411 2311 648 2354 Metropolitae.
676 2310 720 2344 Et
742 2310 897 2353 Synodus
908 2308 1079 2342 Vernensis
1094 2308 1147 2341 ha-

260 2364 330 2398 bita
342 2363 399 2397 sub
419 2361 512 2406 Rege
525 2361 668 2404 Pippino
686 2386 693 2393 .
725 2359 791 2400 Post
803 2369 926 2393 mortem
940 2358 1078 2401 Episcopi
1091 2370 1148 2391 non

260 2415 347 2447 liceat
370 2410 583 2454 Epifiopatum
598 2410 647 2453 esse
661 2409 724 2451 fine
748 2409 864 2450 Pastore
880 2407 977 2453 supra
995 2417 1056 2442 tres
1071 2419 1147 2441 men-

255 2461 308 2508 ses
330 2487 340 2502 ,
367 2461 424 2504 m'fi
439 2463 512 2495 talis
534 2461 676 2501 neceffitas
695 2462 826 2504 grandis
849 2466 981 2493 evenerit
994 2484 1004 2500 ,
1029 2468 1063 2492 ut
1073 2460 1151 2491 nullo

263 2514 349 2546 modo
368 2514 457 2546 aliter
472 2511 542 2554 fieri
560 2511 641 2553 poffit
664 2535 671 2541 .
697 2511 819 2544 Statuit
845 2509 1016 2544 adversum
1037 2509 1150 2543 Caroli

264 2562 412 2597 Martelli
434 2563 467 2595 in
493 2570 643 2596 vacantes
666 2559 821 2594 Ecclesias
840 2559 1071 2603 tyrannidem,
1098 2559 1151 2592 ad-

264 2612 377 2656 ditque
400 2614 458 2646 suo
483 2611 614 2645 Canoni
637 2609 721 2644 hanc
739 2607 955 2656 epigraphen:
983 2613 1037 2642 Ex
1047 2610 1155 2648 synodo

266 2660 493 2703 chalcedonensi
501 2687 508 2694 .
537 2662 582 2695 Et
602 2660 806 2695 Hincmarus
817 2660 851 2694 in
864 2660 978 2693 litteris
992 2658 1032 2692 ad
1046 2659 1155 2694 Ludo-

268 2714 378 2747 vicum
398 2713 531 2746 tertium
554 2712 753 2744 Francorum
777 2710 924 2754 Regem:
952 2712 1091 2743 sexcenti
1103 2715 1156 2742 tri·

265 2769 354 2807 ginta
366 2786 376 2801 ‚
401 2765 435 2796 (⁴5
456 2765 488 2796 εό
511 2762 640 2803 amplius
653 2759 792 2804 Episcopi
802 2767 834 2793 in
849 2760 1038 2793 Chalcedona
1048 2765 1157 2793 civita-

272 2821 301 2846 te
321 2817 484 2855 congregati
506 2811 712 2850 constituerunt
724 2835 734 2851 ‚
761 2820 795 2843 ut
812 2812 894 2844 ultra
905 2818 964 2845 tres
977 2808 1089 2853 menfi’s
1102 2814 1157 2842 Or-

275 2865 439 2895 dinationes
462 2860 671 2905 Episcoporum
697 2873 754 2893 non
777 2859 957 2900 differantur
971 2884 979 2893 .
1008 2860 1051 2893 Et
1062 2860 1159 2893 Inno-

275 2912 376 2946 centii
400 2910 528 2945 secundi
554 2910 707 2954 synodus
729 2910 971 2944 Lateranenfis:
999 2911 1085 2945 Ultra
1098 2918 1158 2942 tres

276 2960 388 3003 menses
400 2972 509 2995 vacare
521 2960 663 3003 Ecclefias
669 2960 829 3002 prohibent
840 2963 968 2992 Parrum
976 2957 1156 3002 sant‘Jiones.

277 3013 321 3047 Et
337 3009 415 3044 hinc
432 3010 515 3053 apud
529 3011 725 3045 Gratianum
737 3010 893 3054 Pelagius
905 3010 1064 3043 secundus
1078 3010 1161 3042 Pon-

277 3061 362 3096 tifex
384 3060 506 3093 cunstis
527 3060 748 3104 Metropolitis
771 3060 853 3095 serio
874 3058 1033 3100 mandat,
1061 3071 1098 3094 ut
1116 3061 1160 3093 in·

278 3120 328 3146 tra
339 3121 402 3145 tres
414 3109 432 3143 ὸ,
445 3110 498 3142 sua
509 3108 751 3147 consecratione
770 3111 894 3144 menses
905 3109 1049 3144 Pallium
1061 3135 1071 3151 ‚
1096 3109 1161 3143 fine

281 3172 349 3204 quo
373 3159 549 3202 Episcopos
569 3163 754 3194 consecrare
774 3172 843 3194 non
867 3161 1018 3203 possunt,
1045 3162 1064 3196 ὲ
1090 3160 1162 3196 sede

283 3209 476 3252 Apostolica
499 3208 659 3251 postulent
671 3234 681 3248 ‚
706 3222 761 3244 aut
779 3210 946 3244 commissa
964 3209 1019 3244 fibi
1035 3221 1163 3244 careant

284 3261 445 3303 dignitate
472 3270 481 3300 ;
514 3258 613 3300 fitque
639 3259 907 3301 Metropolitanis
934 3261 1006 3293 aliis
1033 3260 1165 3295 licentia

286 3309 356 3352 post
378 3307 591 3342 secundam&
603 3307 730 3340 tertiam
749 3310 1046 3343 commonitionem
1057 3310 1166 3344 vidua-

287 3360 328 3393 tis
341 3357 488 3390 Ecclefiis
507 3369 582 3391 cum
604 3357 737 3392 confilio
751 3357 897 3390 Romani
908 3357 1080 3394 Pontificis
1093 3361 1165 3402 Epi-

289 3409 402 3449 scopos
438 3406 631 3441 ordinandi,
661 3407 810 3442 Electum
845 3408 922 3440 vero
961 3409 1043 3443 ultra
1080 3420 1164 3448 tres,

291 3467 527 3493 communione
553 3469 562 3499 3

601 3456 682 3491 ultra
710 3457 854 3501 quinque
878 3457 1002 3493 menses
1027 3458 1168 3505 petendae

1207 1061 1463 1096 consecrationis
1491 1061 1718 1107 negligentem
1747 1062 1853 1107 privat
1871 1061 1989 1106 adepto
2012 1062 2091 1107 Epi-

1208 1113 1341 1155 scopatu
1353 1137 1361 1146 .
1388 1112 1603 1147 Innocentius
1622 1124 1730 1148 tamen
1744 1113 1859 1147 tertius
1869 1112 1955 1156 apud
1966 1113 2093 1157 Grego-

1209 1161 1292 1195 rium
1315 1173 1441 1196 nonum
1461 1163 1495 1196 in
1519 1162 1636 1198 litteris
1653 1164 1695 1198 ad
1713 1165 1889 1197 Decanum
1911 1162 1946 1196 &
1959 1163 2094 1207 Capitu-

1209 1212 1279 1244 lum
1293 1211 1439 1246 Ecclefiae
1449 1211 1696 1257 Andegavenfis
1708 1214 1809 1258 legit:
1837 1211 1946 1256 Adsex
1956 1210 2073 1256 menses
2084 1234 2093 1243 .
2113 1208 2144 1236 1--
2158 1215 2183 1235 ¹·
2195 1199 2273 1243 tit-¹53

1210 1261 1341 1305 Eosque
1353 1263 1617 1306 computandos&
1631 1264 1734 1308 prima
1749 1262 1894 1297 Ecclefiae
1904 1263 2077 1297 vacatione
2087 1284 2098 1295 .
2113 1254 2137 1278 c·
2149 1255 2176 1276 ²³

1259 1311 1450 1355 Antiquam
1483 1313 1628 1357 rigorem
1665 1313 1808 1347 stabilire
1843 1323 1981 1348 conatur
2007 1313 2098 1347 idem

1210 1361 1368 1397 Pontifex
1388 1363 1424 1396 in
1436 1363 1490 1396 sua
1502 1362 1638 1405 Synodo
1649 1363 1856 1398 Lateranenfi
1870 1387 1878 1394 .
1906 1365 2075 1397 statuimus
2087 1386 2097 1402 ,

1211 1420 1244 1446 ut
1264 1412 1346 1445 ultra
1364 1423 1426 1447 tres
1444 1411 1556 1456 menses
1582 1413 1779 1447 cathedralis
1801 1415 1854 1446 vel
1865 1413 2026 1456 Regularis
2037 1416 2098 1445 Ec-
2118 1407 2242 1444 ⁰²9⁶&
2258 1415 2265 1421 ”

1211 1460 1291 1503 clelia
1311 1473 1370 1496 non
1392 1471 1503 1503 vacet,
1529 1462 1613 1504 infra
1623 1475 1716 1505 quos,
1734 1463 1814 1506 justo
1824 1464 2033 1505 impedimento
2042 1460 2100 1505 ces-

1209 1510 1317 1555 sante,
1337 1511 1370 1555 fi
1385 1513 1484 1547 elec‘i'io
1503 1513 1648 1546 celebrata
1668 1525 1726 1546 non
1729 1513 1848 1555 fuerit,
1873 1518 1922 1554 qui
1934 1514 2038 1556 eligere
2047 1514 2100 1546 de-

1214 1562 1359 1603 buerant,
1387 1564 1516 1606 eligendr'
1530 1563 1677 1604 potestate
1698 1573 1823 1597 careant
1843 1574 1879 1597 ea
1895 1569 1984 1603 vice,
2009 1574 2044 1596 ac
2054 1568 2100 1604 ip-

1209 1610 1247 1655 sa
1265 1613 1395 1655 eligendi
1409 1611 1539 1654 potestas
1563 1614 1609 1645 ad
1626 1624 1691 1646 eum
1713 1636 1723 1652 ,
1749 1619 1802 1655 qui
1820 1614 1961 1654 proxime
1977 1612 2099 1654 pra-effe

1216 1659 1359 1704 noscitur,
1384 1662 1584 1696 devolvatur.
1613 1663 1761 1696 statuere
1782 1661 1909 1696 videtur
1928 1660 2101 1696 adversum

1214 1710 1449 1756 negligentiam
1477 1735 1488 1752 ,
1526 1711 1631 1745 revera
1657 1723 1767 1746 autem
1794 1711 1906 1746 statuit
1930 1710 2103 1746 adversum

1215 1760 1371 1796 violentia
1393 1762 1508 1805 Regiae
1530 1759 1670 1796 licentiae
1691 1760 1732 1795 ad
1743 1759 1935 1806 eligendum
1946 1769 2027 1795 tunc
2049 1773 2102 1795 ne-

1214 1811 1350 1845 ceffariae
1370 1811 1577 1851 servitutem,
1603 1822 1667 1854 qua
1689 1811 1799 1854 paffim
1818 1810 2001 1844 Elestiones
2012 1810 2102 1846 diffe-

1215 1861 1365 1895 rebantur
1375 1860 1473 1894 etiam
1495 1861 1535 1894 ad
1547 1871 1668 1894 annos.
1697 1861 1782 1894 Eam
1794 1861 1931 1903 superari
1944 1872 2012 1895 non
2034 1862 2104 1904 pos-

1216 1913 1246 1945 se
1268 1910 1382 1944 videns
1395 1911 1585 1944 Bonifacius
1605 1913 1738 1946 ostavus
1756 1910 1867 1945 statuit
1877 1911 2105 1955 quandocum-

1216 1972 1279 2004 que
1302 1962 1419 1995 fac'tam
1441 1960 1634 1995 eleffionem
1654 1962 1765 1995 statim
1789 1960 1941 1995 insinuari
1963 1961 2102 2002 medio,

1217 2011 1300 2044 infra
1323 2010 1465 2045 mensem
1487 2009 1618 2052 abillo,
1645 2012 1703 2044 nisi
1719 2011 1893 2055 Regularis
1903 2010 2103 2045 fitdiffitusa

1218 2062 1276 2095 suo
1300 2061 1490 2104 Superiore,
1518 2061 1646 2095 admitti
1670 2069 1726 2095 aut
1742 2061 1902 2101 refuturi,
1926 2061 2105 2094 actumin·

1217 2121 1266 2145 tra
1286 2119 1349 2144 tres
1371 2112 1497 2144 menses
1517 2110 1682 2153 impetrari
1693 2110 1996 2151 consecrationem,
2022 2109 2105 2144 alio·

1217 2161 1297 2202 quin
1319 2161 1434 2193 Electra
1452 2171 1484 2193 eo
1507 2158 1569 2202 ipso
1588 2160 1707 2193 viribus
1721 2169 1880 2193 vacuetur.
1910 2159 2012 2206 Qiod
2025 2170 2105 2194 tem·
2122 2157 2151 2189 L
2166 2157 2284 2201 ¹³12&

1218 2222 1278 2254 pus
1299 2210 1408 2244 denuo
1419 2209 1638 2245 extenderunt
1649 2210 1828 2254 Gregorius
1837 2209 2028 2244 decimus&
2042 2209 2105 2244 Ca-
2121 2202 2182 2229 0⁶·

1221 2262 1323 2294 lixtus
1342 2261 1478 2299 tertius,
1504 2261 1701 2302 tandemque
1714 2259 1824 2293 statuit
1835 2260 2034 2293 sacrosandia
2044 2259 2104 2304 Sy-

1221 2308 1326 2344 nodus
1348 2310 1567 2343 Tridentina:
1595 2311 1645 2342 Ad
1667 2310 1794 2349 majores
1813 2307 1955 2349 Ecclest‘as
1973 2316 2104 2351 promoti
2122 2309 2280 2348 Seis-74³9.

1219 2372 1327 2393 munus
1347 2357 1571 2402 consecrationis
1593 2359 1678 2401 infra
1698 2367 1815 2400 tempus
1843 2361 1864 2391 ἃ
1886 2361 1952 2400 jure
1955 2358 2103 2399 statutum
2125 2350 2282 2391 52fi23·c·²

1216 2408 1396 2454 susciptant.
1426 2409 1469 2442 Et
1491 2409 1591 2442 infra.
1618 2411 1683 2451 ,Qui
1694 2420 1800 2441 munus
1819 2407 2044 2451 consecrationis
2057 2416 2107 2443 in-

1220 2470 1271 2492 tra
1293 2470 1355 2493 tres
1377 2458 1490 2501 menses
1514 2470 1571 2491 non
1587 2456 1791 2501 susceperint,
1819 2458 2025 2500 adfrudluum
2035 2467 2107 2501 per-

1221 2518 1368 2551 ceptorum
1390 2508 1598 2549 restitutionem
1616 2516 1772 2541 teneantur
1794 2521 1804 2551 ς
1834 2508 1866 2550 fi
1881 2515 1963 2543 intra
1982 2511 2106 2542 totidem

1221 2558 1332 2602 menses
1352 2559 1450 2601 postea
1471 2560 1507 2591 id
1521 2558 1626 2600 facere
1648 2560 1833 2603 neglexerint
1855 2584 1865 2602 ,
1893 2558 2026 2601 Ecclefiis
2046 2558 2110 2603 ipso

1214 2612 1286 2651 Jure
1299 2607 1358 2651 fint
1373 2614 1510 2650 privati.
1541 2609 1652 2642 Etiam
1666 2610 1774 2642 sanctae
1787 2609 1946 2643 Romana:
1960 2609 2109 2644 Ecclefiae

1224 2658 1415 2694 Cardinales
1441 2684 1452 2700 ,
1485 2656 1677 2692 Scholiastes
1703 2659 1894 2703 marginalis
1919 2659 1999 2693 citat
2019 2658 2109 2694 hunc

1225 2709 1371 2744 nostrum
1392 2709 1579 2743 Canonem:
1613 2708 1660 2742 At
1685 2709 1740 2743 ille
1753 2710 1770 2741 a
1786 2720 1886 2752 caepta
1899 2709 2045 2743 Ecclefiae
2059 2721 2110 2743 va·

1223 2760 1376 2799 catione,
1403 2758 1624 2793 Tridentinus
1645 2759 1664 2792 ὲι
1686 2758 1760 2793 data
1773 2771 1829 2802 per
1843 2759 2029 2794 Dominum
2052 2759 2111 2793 Pa-

1226 2821 1300 2854 pam
1324 2809 1576 2843 confirmatione
1598 2810 1669 2843 vult
1690 2819 1754 2843 tres
1770 2810 1895 2843 menses
1908 2810 2109 2853 computari.
2283 2848 2285 2851 ι

1227 2860 1333 2895 Addit
1346 2872 1353 2891 x
1382 2862 1602 2903 Prorogationes
1623 2861 1704 2893 ultra
1713 2858 1768 2902 sex
1781 2858 1894 2903 menses
1906 2860 2035 2903 conceffae
2047 2859 2111 2892 nul·
2127 2844 2216 2882 seffff·
2229 2854 2285 2884 ⁶³9·

1226 2914 1248 2946 lr·
1265 2909 1471 2954 suffragentur
1491 2935 1498 2942 .
1526 2910 1657 2944 Eodem
1679 2910 1781 2943 modo
1803 2909 1835 2943 in
1860 2910 1999 2954 Synodo
2021 2909 2111 2943 Con·

1228 2961 1390 2994 stantiensi
1415 2959 1581 2993 Martinus
1603 2960 1737 3003 quintus
1755 2960 1887 2994 cassavit
1906 2971 2023 2994 omnes
2033 2959 2115 3002 ejus-

1229 3010 1322 3045 modi
1341 3010 1618 3053 dispensationes,
1645 3009 1803 3043 mandans
1823 3011 1956 3044 cunstos
1980 3008 2044 3044 huc
2065 3009 2116 3042 us-

1230 3073 1292 3105 que
1314 3060 1516 3103 dispensatos
1536 3060 1811 3094 coniectariintra
1823 3061 1877 3094 sex
1890 3061 2015 3094 menses
2027 3083 2038 3100 ,
2062 3060 2116 3092 de-

1231 3113 1342 3153 inceps
1362 3110 1534 3155 eligendos
1558 3111 1642 3143 infra
1666 3111 1843 3144 terminum
1866 3110 1943 3153 juris
1959 3134 1969 3143 .
1996 3108 2116 3144 Statuit

1231 3161 1402 3205 praesertim
1423 3159 1576 3195 adversus
1600 3161 1772 3202 antiquum
1794 3172 1832 3195 ae
1852 3159 2018 3204 pessimum
2037 3157 2116 3191 Ger-

1235 3221 1404 3244 manorum
1428 3210 1664 3253 Episcoporurn
1689 3210 1824 3244 abusum
1846 3233 1858 3250 ,
1883 3219 1980 3250 quem
2001 3231 2012 3248 ,
2038 3207 2117 3242 teste

1235 3260 1427 3296 Godofredo
1451 3258 1637 3302 monacho,
1664 3261 1764 3298 etiarn
1788 3258 1975 3293 Fredericus
1995 3258 2116 3301 primus
2136 3266 2264 3299 11:1165.

1236 3311 1402 3355 Augustus
1421 3335 1432 3351 ,
1458 3320 1625 3354 tamquam
1648 3310 1824 3347 Canonum
1846 3318 2004 3341 executor
2024 3332 2035 3347 ‚
2061 3320 2116 3342 co·

1238 3371 1330 3395 natus
1355 3360 1401 3393 est
1420 3361 1612 3403 exstirpare.
1642 3361 1686 3394 Et
1703 3358 1804 3393 reste.
1833 3356 1966 3391 Etenim
1987 3356 2059 3390 vere
2071 3358 2119 3391 di-

1236 3412 1282 3445 cit
1305 3410 1498 3445 duodecima
1522 3409 1676 3453 Synodus
1693 3407 1860 3446 Toletana
1883 3419 1890 3439 :
1919 3409 1998 3439 Dum
2019 3407 2120 3448 differ-

1241 3470 1290 3495 tur
1311 3461 1467 3496 Ordinatio
1487 3458 1650 3509 Episcopi,
1675 3468 1731 3491 non
1754 3462 1879 3491 minima
1900 3465 2017 3493 creatur
2030 3461 2121 3492 Divi-

1963 3519 2067 3544 norum

2134 3388 2199 3420 cgp-
2214 3389 2241 3416 9.
