2340 3736
114 341 178 375 Post
187 345 269 382 Ep.9.

112 458 144 488 L·
161 467 186 488 ι.
206 465 230 489 c.
242 460 269 488 6.

107 2033 197 2072 Epist.
219 2042 269 2072 97.

110 2084 138 2107 r.-
164 2085 188 2105 1·

117 2431 200 2472 Epist.
204 2442 233 2470 3.

118 2702 203 2741 Epist.
210 2713 239 2737 7.

118 2741 240 2782 Βρίίὶφ

125 3004 193 3036 Λᾶ.
213 3013 241 3041 ς.

129 3190 214 3230 Bpist.
233 3195 279 3229 83.

357 103 417 150 28

283 201 362 226 num
373 201 474 226 omne
486 189 695 227 latrocinium
712 189 925 226 exclamavit:
951 191 1165 234 Impartibilem

283 251 365 275 nemo
400 248 518 285 eparet.
546 240 653 276 Hasce
675 251 793 282 voces,
820 244 874 275 Ex
885 240 999 275 duabus
1027 247 1165 279 naturis,

282 291 316 325 dc
337 295 372 324 In
384 291 502 325 duabus
524 297 662 331 naturis,
689 290 891 336 distinguunt
903 291 990 334 quafi
1015 299 1090 326 toto
1103 303 1164 324 coz-⁴

286 341 319 375 lo
332 354 343 376 .·
370 340 442 375 Effe
456 339 520 375 hoc
533 341 596 374 illis
605 339 744 384 palmare
754 341 949 384 principium
966 339 1108 376 scribunt
1123 340 1162 374 ad

285 389 518 435 Symmachum
531 390 652 434 Papam
664 390 814 434 Episcopi
833 390 1019 424 Orientales
1031 415 1038 424 .

341 440 465 474 Eorum
487 440 611 474 sensum
635 442 774 484 exponit
796 437 970 475 Facundus
984 440 1162 483 Episcopus

284 490 546 525 Hermianenfis.
576 491 685 523 Dicunt
698 515 708 529 ‚
727 489 799 532 ficut
819 501 858 523 ex
878 488 989 522 duabus
1016 495 1136 522 naturis
1152 514 1162 529 ,

287 541 323 573 id
336 539 375 580 est
389 562 399 577 ‚
424 544 526 571 anima
546 540 696 580 &earnm
721 550 781 572 una
803 537 954 581 composita
976 539 1014 579 est
1025 539 1159 571 bumana

284 598 396 623 natura
408 613 418 629 ‚
454 600 478 622 ic
486 600 522 621 ex
537 592 657 623 Deitate
679 589 909 631 &humanitate
929 599 990 622 una
1011 586 1159 630 composita

282 638 319 678 est
331 637 440 677 christi
452 647 576 671 natura:
601 643 646 673 Et
657 640 719 671 idea
734 639 795 673 EX
813 638 1020 673 DUABUS
1030 641 1160 681 quidem,

279 687 401 733 sednon
412 687 462 722 ΙΝ
476 687 684 723 DUABUS
699 687 925 724 NATURIS
939 688 1088 729 Christum
1098 699 1161 721 con·

277 737 404 781 fitentur
423 762 430 769 .
460 738 650 780 Respondet
672 738 748 772 vero
772 739 857 772 idem
882 739 1032 772 Doctor.
1063 740 1160 772 Nulla

282 786 370 830 causa
382 786 419 827 est
429 812 438 827 ‚
464 798 513 820 cur
523 794 614 821 etiam
625 785 819 831 unusquisque
832 787 914 822 bomo
936 795 968 820 in
980 786 1096 822 duabus
1109 800 1155 821 ne-

277 846 365 882 getur
383 837 433 879 effe
456 843 570 870 naturis
595 862 606 877 ,
633 844 666 870 in
688 849 775 871 carne
793 836 903 881 scilicet
929 847 1019 880 atque
1040 843 1156 870 anima.

282 889 364 930 ,211ae
372 895 471 920 tamen
484 893 554 929 quia
575 888 609 922 (θ’
619 899 680 922 una
697 899 735 921 ex
750 887 864 921 duabus
889 887 1038 929 composita
1050 913 1059 927 ‚
1084 887 1161 920 rec‘le

283 936 408 970 bominir
431 946 569 970 naturam
590 939 648 970 dici
669 938 844 977 certrffimum
865 937 903 979 est
925 962 931 969 .
963 940 1065 970 Potuit
1083 942 1159 969 enim

282 986 408 1020 hominii·
434 994 537 1019 anima
563 993 595 1019 in
618 997 709 1021 unam
736 994 875 1020 naturam
900 997 964 1019 cum
985 985 1043 1030 sua
1070 997 1159 1020 carne

283 1041 434 1078 componi.
462 1038 505 1068 De
517 1034 627 1074 Christi
654 1039 725 1069 vere»
738 1040 908 1069 Divinitate
928 1036 1158 1070 inconvertibili-

283 1095 328 1119 ter
334 1084 457 1127 fimplt‘ci
467 1083 589 1125 nonfine
598 1090 711 1129 ingenti
726 1085 910 1129 blasphemia
921 1086 1030 1119 dicitur
1045 1111 1056 1127 ‚
1082 1088 1160 1128 quod

281 1140 315 1168 in
337 1146 426 1167 unam
448 1143 589 1168 naturam
610 1133 817 1178 cumfiascepta
842 1135 1029 1168 humanitate
1051 1145 1158 1177 compo-

281 1191 314 1217 ni
330 1188 479 1225 potuerit.
507 1185 627 1218 Deinde
649 1183 824 1228 confiderent
839 1210 849 1225 ‚
877 1186 956 1227 quod
969 1184 1034 1226 five
1057 1192 1159 1219 anima

277 1233 340 1277 five
350 1245 418 1267 caro
437 1235 628 1267 adunationis
636 1232 699 1276 suae
719 1233 806 1277 causa
829 1235 1000 1274 exstiterunt
1015 1260 1025 1274 ,
1052 1237 1086 1270 (a
1098 1248 1156 1268 non

279 1283 357 1317 hunc
379 1281 494 1317 babent
506 1293 625 1317 naturae
645 1283 929 1328 finemfingulariter
954 1296 988 1318 ac
994 1284 1159 1327 separatim

277 1333 418 1375 consistere
428 1347 441 1375 ,-
464 1332 521 1376 sed
537 1331 635 1376 adsui
651 1334 880 1376 conjunctionem
899 1336 1047 1374 tendunt,
1071 1337 1158 1370 &in-

281 1389 375 1416 vicem
389 1382 445 1424 sibi
465 1383 572 1416 debent
580 1386 796 1430 quodammodo
808 1410 818 1426 ,
846 1393 878 1417 ut
899 1384 1046 1426 existant.
1072 1390 1159 1419 Nam

274 1431 349 1475 ficut
371 1444 438 1465 caro
448 1439 558 1466 animae
572 1433 663 1475 fac‘la
674 1434 731 1475 cll,
758 1437 803 1467 ita
825 1436 973 1468 &anima
995 1429 1100 1474 ca'rni,
1126 1437 1160 1469 (9·

281 1481 342 1526 ipse
354 1484 504 1515 naturalis
526 1495 628 1516 earum
640 1490 798 1518 intentioni
817 1484 889 1527 fini]
904 1483 943 1525 est
955 1491 1076 1525 pariter·
1087 1486 1138 1530 ff
1151 1510 1157 1517 .

329 1532 429 1566 Recte
452 1534 530 1566 item
555 1534 595 1566 ad
612 1533 832 1577 Eutychetem
854 1534 937 1567 dixit
948 1534 1085 1579 Basilius
1108 1535 1159 1569 Se-

279 1582 448 1616 leuciensis
469 1595 483 1615 e
510 1583 668 1616 Putaberis
690 1582 876 1626 confufionem
903 1585 1000 1617 dicere
1026 1586 1061 1618 (5
1083 1595 1153 1617 com-

277 1637 469 1665 mixtionem.
498 1632 586 1666 Eum
609 1633 728 1677 quippe
751 1632 843 1666 fuisse
864 1632 1158 1677 Apollinaristam,

278 1681 426 1726 adeoque
445 1681 664 1727 dogmatisten
691 1682 890 1718 confusionis
910 1686 997 1719 inter
1017 1685 1155 1718 Domini

280 1740 414 1766 naturas
436 1756 449 1771 ,
471 1732 512 1766 ad
537 1730 709 1776 Synodum
728 1731 1035 1768 chalcedonensem
1070 1733 1155 1768 dixit

281 1782 385 1816 etiam
401 1782 575 1827 Diogenes
593 1783 808 1825 Metropolim.
828 1782 1037 1826 Cyzicenus,
1063 1782 1161 1818 adsti-

281 1831 502 1875 pulanturque
513 1833 685 1867 Facundus
696 1833 942 1867 Hermianenfis
950 1858 961 1874 ,
987 1833 1158 1869 Liberatus

282 1880 572 1925 Carthagine-niis,
598 1883 632 1916 &
655 1884 789 1918 sanctus
801 1882 996 1923 Flavianus,
1020 1883 1087 1926 ejus
1105 1894 1158 1918 ex-

284 1931 450 1965 minator
472 1930 688 1966 &damnator
700 1956 712 1971 ,
737 1933 770 1965 in
796 1932 1028 1967 Relationibus
1045 1933 1085 1967 ad
1100 1933 1157 1967 Ec-

282 1980 408 2014 clesiam
436 1980 622 2014 Romanam
646 2005 653 2014 .
691 1981 837 2016 ΕΙοξίιιιῃ
863 1982 906 2016 ab
930 1983 1000 2026 ipio
1026 1984 1157 2017 tertium

284 2030 486 2074 Apollinaris
507 2031 628 2075 dogma
648 2031 757 2066 scribit
770 2032 903 2066 Sanetus
918 2033 989 2067 Leo
1000 2032 1158 2067 Pontifex

283 2080 324 2115 ad
346 2080 494 2115 Leonem
507 2080 695 2125 Augustum
709 2105 719 2113 .
745 2081 848 2126 Quod
866 2091 1052 2117 naturarum
1071 2083 1159 2117 differ

283 2131 420 2165 rentiam
442 2140 582 2170 evertat,
612 2130 646 2164 ὃς
659 2131 807 2164 universa.
826 2132 1016 2167 Dominicae
1034 2132 1160 2176 dispen-

282 2181 418 2215 sationis
437 2180 568 2224 negotia
590 2180 676 2223 quafi
690 2180 886 2214 fermentum
904 2181 1036 2215 misceat
1048 2205 1059 2221 ‚
1087 2182 1160 2215 affe·

284 2241 371 2264 verat
393 2232 425 2263 in
442 2229 616 2263 Relatione
637 2228 677 2263 ad
690 2230 875 2273 Principem
897 2231 1051 2273 Synodus
1062 2230 1160 2264 Chal-

283 2280 495 2315 cedonenfis.
521 2279 564 2313 Et
585 2280 642 2312 uni
663 2278 682 2313 ὲ
698 2278 799 2313 tribus
823 2279 886 2312 suis
906 2280 1074 2314 adversum
1098 2281 1162 2314 Eu·

284 2328 499 2373 tychianissas
507 2327 649 2374 dialogis
658 2327 893 2363 Theodoretus
902 2330 1055 2373 apposuit
1072 2329 1159 2363 hunc

285 2378 435 2413 titulum:
462 2382 543 2411 Deus
556 2377 746 2421 inconfufiir.
773 2378 882 2412 Aliter
902 2387 1012 2413 tamen
1026 2379 1159 2413 Sanetus

286 2428 434 2462 Gelafius
453 2427 611 2462 Pontifex
635 2429 668 2462 in
692 2429 809 2463 litteris
826 2427 868 2462 ad
887 2428 1068 2473 Episcopos
1082 2429 1161 2463 Dar-

284 2477 409 2512 daniae:
436 2478 496 2511 Ait
519 2478 563 2512 ab
584 2477 643 2512 ino
664 2478 766 2512 solam
777 2478 927 2512 Domino
949 2478 1089 2513 adscribi
1103 2477 1163 2512 Di-

285 2528 436 2562 vinitatis
451 2538 598 2562 naturam
611 2553 622 2569 ‚
645 2526 794 2571 [ufteptae
810 2533 911 2561 carnis
933 2535 1064 2562 veritate
1079 2537 1160 2570 pror-

288 2579 338 2611 sus
348 2578 481 2617 abolita,
503 2577 650 2621 adeoque
660 2578 839 2612 resuscitari
863 2578 1048 2622 improbum
1063 2577 1161 2622 phan-

286 2629 388 2662 tasma
409 2627 594 2664 Marcionis.
626 2628 659 2661 ὅ(
684 2626 861 2662 Manichaei
883 2652 890 2660 .
931 2628 1032 2675 Qod
1056 2628 1160 2671 ipsum

288 2677 428 2712 scribunt
447 2675 831 2720 Symmachusl'ontifex
855 2678 889 2711 in
913 2678 1028 2713 litteris
1039 2677 1162 2722 Apolo-

289 2727 562 2771 geticisadversus
581 2726 728 2761 libellum
747 2727 910 2762 famosum
923 2727 1080 2762 Anastafii
1094 2728 1164 2762 Au·

290 2775 376 2820 gusti
398 2800 407 2815 ‚
433 2778 465 2810 ὅ(
491 2778 523 2810 in
547 2777 662 2810 litteris
682 2778 723 2811 ad
753 2778 936 2821 Episcoposs
954 2778 1162 2817 orientales,

291 2837 351 2859 nec
376 2837 444 2858 non
464 2827 531 2869 ejus
553 2826 710 2860 successor
729 2827 909 2861 Hormisda
930 2828 964 2861 in
987 2828 1102 2862 litteris
1122 2827 1162 2862 ad

292 2872 462 2909 Cat-sarium
486 2877 683 2921 Episcopum
695 2875 916 2911 Arelatensem
929 2901 943 2917 ,
966 2878 1003 2912 &1
1022 2878 1057 2911 in
1080 2877 1164 2912 litte-

292 2925 337 2958 ris.
348 2924 387 2958 ad
398 2927 624 2960 omnestotius
634 2927 802 2967 Orientis,
828 2926 976 2961 secundae
993 2928 1161 2970 ptaesertim

292 2973 411 3016 Syriae,
440 2973 643 3011 orthodoxos
661 3000 672 3016 ,
698 2977 837 3010 recitatis
856 2977 891 3010 in
912 2977 1051 3020 Synodo
1075 2977 1160 3011 Con-

293 3023 584 3065 stantinopolirana
603 3024 662 3060 sub
672 3027 796 3059 Menna
810 3026 994 3065 patriarcha
1005 3051 1012 3058 .

341 3071 539 3115 Respondeo
560 3074 627 3109 haec
635 3076 800 3110 conciliari
811 3077 829 3110 a
840 3076 957 3111 Sansto
970 3077 1081 3111 Leone
1094 3077 1162 3110 Ma-

293 3133 384 3167 gno,
410 3123 590 3165 frequenter
610 3126 745 3160 iterante
758 3150 769 3166 ,
797 3124 886 3169 quod
906 3126 1013 3161 scribit
1035 3126 1069 3159 in
1090 3126 1160 3170 Epi-

295 3172 374 3206 stola
397 3171 437 3205 ad
455 3172 635 3216 Episcopos
644 3174 850 3210 Palaestinos.
873 3178 909 3210 si
925 3175 965 3209 ab
982 3178 1162 3218 Apollinaris

292 3220 485 3262 perverfitate
494 3222 638 3261 Eutyches
661 3223 811 3266 desciftit,
835 3236 872 3258 ne
888 3231 1077 3260 convincatur
1097 3231 1160 3260 Dei-

299 3279 390 3302 tatem
406 3272 567 3311 paffibilem
581 3270 693 3316 sentire
711 3283 800 3315 atque
820 3277 992 3315 mortalem,
1018 3278 1164 3310 &tamen

300 3319 389 3351 Verbi
408 3325 554 3354 incarnati
567 3346 580 3362 ,
603 3322 704 3363 idest,
731 3323 818 3355 verbi
837 3325 978 3357 &carnis
1000 3337 1090 3358 unam
1112 3338 1159 3359 au-

297 3368 350 3400 det
368 3375 559 3408 pronunciare
580 3381 739 3412 naturam,
766 3384 824 3405 non
842 3373 928 3406 dubie
948 3380 979 3406 in
1003 3375 1162 3409 Manichaei

298 3418 333 3452 θ
345 3419 503 3451 Manionis
521 3421 623 3463 tranfit
644 3421 814 3467 insaniam,
840 3424 876 3457 et
894 3425 1086 3460 mediatorem
1106 3429 1161 3459 Dei

867 101 1501 147 Dlssnx-rarro

1234 191 1268 223 δ’
1288 188 1460 231 hominum,
1484 191 1630 235 bominem
1635 196 1667 239 J
1670 191 1749 237 esum
1762 193 1907 235 christum
1921 193 2100 236 fimulatorie

1230 244 1329 271 omma
1351 241 1444 272 credn’
1462 243 1545 284 egisse
1557 266 1568 282 ‚
1594 254 1644 276 nec
1655 243 1819 277 humanum
1838 251 1870 277 in
1892 243 1953 287 ipso
1972 254 2075 287 corpus
2088 270 2098 285 ,

1222 286 1278 332 fi'd
1293 287 1514 331 phantasticam
1535 298 1660 333 corporis
1677 291 1805 336 speciem
1826 295 1916 327 oculis
1935 295 2098 338 apparuisse

1226 344 1404 372 cernentium
1426 363 1432 370 .
1460 337 1731 377 Chamaleontem
1755 344 1823 388 egit
1850 342 1952 378 homo
1976 346 2099 378 versati-

1227 389 1266 422 lis
1278 412 1289 428 ,
1316 389 1429 433 suique
1438 390 1553 423 erroris
1565 389 1702 426 fundum
1725 403 1892 437 nunquam
1905 395 2100 435 voluit,aut

1229 439 1336 481 potuit
1357 439 1500 482 aperire.
1529 439 1662 472 Etenim
1684 439 1718 473 in
1742 441 1862 478 libellis
1874 442 2038 487 Ephefino
2058 445 2101 477 la-

1227 488 1369 522 trocinio
1383 487 1538 522 exhibitis
1555 488 1802 524 anathematizat
1814 504 1928 527 omnes
1948 495 2049 536 usque
2060 493 2102 528 ad

1227 537 1393 572 Simonem
1415 549 1547 582 magum
1572 537 1736 572 lia-reticos
1754 563 1765 579 ,
1793 543 1960 582 praesertim
1981 543 2101 577 Valen-

1224 588 1350 627 tinum,
1374 586 1602 622 'Manichaeum
1616 613 1627 629 ,
1653 587 1879 632 Apollinarem
1893 613 1904 630 ,
1928 592 1968 626 de
1984 592 2101 636 quibus

1225 646 1352 671 venerat
1376 637 1411 670 in
1430 639 1645 681 suspicionem
1674 662 1680 669 .
1714 638 1757 672 Et
1782 639 1822 671 ad
1845 638 1937 673 verba
1957 639 2021 682 jam
2046 643 2101 676 ad-

1222 687 1316 720 dusta
1342 685 1451 720 Basilii
1470 687 1697 729 Sekocienfis,
1726 689 1886 722 Putaheris
1911 688 2100 730 confufionem

1223 737 1342 775 dicere,
1369 735 1485 779 Ephesi
1514 738 1532 771 ὲ
1557 738 1695 772 faitione
1711 738 1893 773 latrocinali
1926 748 2030 772 tantus
2046 740 2102 782 fa-

1222 785 1285 818 aas
1308 785 1344 826 est
1363 783 1510 829 plausus,
1532 796 1566 820 ut
1591 794 1718 821 omnium
1742 787 1968 822 orthodoxorum
1988 795 2100 824 animae

1222 843 1476 868 commea-verentur·¹
1493 860 1500 868 .
1528 836 1571 870 Et
1591 836 1631 870 ad
1651 837 1822 881 synodum
1850 838 2101 874 Chalcedonen-

1224 886 1287 918 sem
1308 886 1392 918 dixit
1404 886 1521 920 Zozon
1546 885 1844 931 Archi-Episcopus
1866 888 2100 933 Philippensis.

1221 937 1407 979 Rogavimus
1426 936 1459 969 in
1474 934 1643 979 Ephefino
1666 937 1842 971 latrocinio
1857 937 2074 982 Eutychetem
2090 964 2101 980 ,

1222 994 1256 1018 ut
1267 987 1375 1019 diceret
1391 986 1510 1018 modum
1532 990 1748 1019 incarnationis
1769 989 1804 1021 Θ
1817 986 1958 1022 humanae
1981 989 2104 1032 adsum·

1219 1041 1332 1077 ptionis
1343 1058 1353 1074 ,
1369 1034 1565 1078 fisecundum
1577 1034 1818 1079 adsumptionem
1828 1043 1928 1070 carnis
1937 1037 1996 1081 scit
2007 1041 2102 1072 Deum

1224 1085 1353 1118 Verbum
1371 1085 1492 1127 sallum
1514 1085 1677 1121 hominem:
1706 1085 1753 1119 At
1769 1086 1967 1120 Dioscorum
1988 1089 2101 1131 &ejus

1222 1135 1341 1169 affeclae
1357 1135 1520 1180 Jufferunt
1553 1147 1610 1181 nan
1633 1136 1839 1180 investigatum
1869 1139 1985 1171 dimitti
2008 1137 2103 1179 istud,

1222 1186 1256 1218 (θ’
1275 1197 1333 1218 non
1353 1182 1546 1228 susceperunt
1565 1184 1795 1229 prosecutionem
1816 1185 1943 1226 nostram
1967 1211 1974 1218 .
2002 1187 2108 1230 Euty·

1222 1233 1326 1268 chetis
1349 1237 1438 1269 enim
1451 1236 1571 1269 dietum
1597 1236 1733 1270 modum
1760 1237 2018 1280 rogatiextrema
2038 1247 2111 1271 vor

1222 1292 1291 1318 erat
1307 1297 1325 1330 ²,
1346 1289 1419 1318 Non
1443 1284 1563 1328 disputo
1583 1286 1621 1319 de
1642 1295 1754 1319 natura
1765 1289 1821 1319 Del
1841 1292 1916 1319 mei.
1944 1286 2020 1334 Qra
2033 1297 2104 1320 eva-

1222 1334 1310 1368 sione
1331 1335 1419 1378 apud
1457 1333 1712 1370 Theodoretum
1743 1335 1777 1368 in
1802 1336 1954 1381 Dialogis
1984 1335 2107 1371 affidue

1222 1394 1361 1419 utuntur
1380 1385 1480 1424 etiam
1505 1385 1573 1428 ejus
1594 1387 1760 1429 sequaces.
1790 1385 1883 1420 Hinc
1902 1384 1983 1430 ergo
2005 1385 2105 1421 dubia

1222 1434 1286 1468 fuit
1309 1434 1378 1477 ejus
1401 1445 1493 1468 mens
1508 1459 1516 1467 .
1544 1435 1671 1469 Omnes
1693 1436 1735 1470 de
1753 1436 1940 1470 Dominicae
1960 1436 2105 1470 incarna-

1222 1483 1323 1518 tionis
1336 1485 1545 1519 Sacramento
1567 1496 1689 1519 errores
1709 1485 1873 1530 adaequate
1892 1485 2046 1519 dividunt
2067 1486 2103 1519 in

1222 1544 1284 1568 tres
1297 1533 1426 1568 classes:
1454 1534 1523 1568 Aut
1535 1535 1707 1576 dividunt,
1734 1546 1789 1569 aut
1799 1533 2027 1574 confundunt,
2046 1546 2104 1570 ans.

1221 1582 1412 1627 phantasma
1447 1584 1610 1619 inducunt
1631 1609 1644 1626 ,
1680 1583 1821 1628 ideoque
1855 1584 2024 1629 Eutyches
2047 1595 2104 1619 aut

1221 1643 1298 1667 cum
1309 1633 1484 1667 Marcione
1506 1634 1539 1668 δε
1562 1634 1774 1674 Manichaeo,
1803 1645 1858 1668 aut
1882 1646 1961 1669 cum
1984 1635 2107 1668 Valen-

1221 1683 1297 1717 tino
1314 1683 1350 1716 &
1363 1683 1575 1726 Apollinario
1598 1683 1735 1717 delirare
1745 1682 1858 1717 debuit
1870 1707 1881 1723 ,
1905 1684 2106 1728 quidamque

1220 1730 1310 1773 hoc,
1336 1732 1469 1776 quidam
1491 1732 1573 1766 illud
1599 1732 1641 1767 de
1671 1734 1741 1776 ipso
1765 1734 1839 1767 sunt
1859 1733 2010 1776 opinati,
2035 1735 2106 1777 quie

1221 1782 1300 1817 dam
1311 1782 1352 1816 de
1363 1792 1503 1826 utroque
1514 1782 1631 1816 incerti
1643 1779 1802 1816 haeserunt
1814 1805 1822 1814 .

1271 1830 1423 1866 Omnino
1434 1841 1542 1865 tamen
1558 1831 1683 1865 videtur
1705 1841 1781 1865 cum
1797 1830 2008 1874 Apollinario
2018 1829 2100 1876 dog·

1221 1882 1384 1916 matizaffe
1394 1881 1617 1916 confusionem
1631 1905 1638 1913 .
1666 1880 1761 1915 Hinc
1775 1882 1874 1915 solam
1888 1882 1921 1915 N
1925 1882 2057 1915 icaenam
2070 1879 2105 1915 fl-

1220 1932 1295 1966 dem
1307 1930 1419 1965 abillo
1443 1931 1573 1965 admitti
1588 1955 1599 1972 ,
1623 1930 1778 1975 rejicique
1790 1931 2012 1973 additamenta
2026 1942 2104 1965 con-

1222 1992 1269 2016 tra
1291 1978 1560 2016 Valentinum&
1581 1979 1826 2025 Apollinarium
1837 1982 1916 2015 fasta
1939 1993 1994 2026 per
2007 1983 2101 2024 Sym-

1222 2031 1335 2066 bolum
1348 2031 1755 2075 constantinopolitanum
1773 2055 1784 2071 ,
1809 2031 1898 2075 supra
1916 2030 2105 2065 audivimus

1221 2080 1385 2116 atestibus
1403 2080 1522 2121 variis,
1549 2081 1714 2124 praesertim
1725 2080 1880 2124 Diogene
1905 2080 2100 2123 Metropoli-

1222 2141 1255 2166 ta
1271 2130 1450 2174 Cyziceno.
1476 2131 1603 2165 Docuit
1614 2129 1799 2163 Dominum
1812 2129 1918 2172 Iesum
1930 2128 2100 2164 Christum

1223 2192 1291 2214 non
1316 2179 1527 2214 solummodo
1536 2178 1644 2223 quoad
1659 2179 1826 2212 Deitatem
1838 2202 1848 2217 ‚
1875 2179 1926 2211 sed
1938 2178 1973 2210 ὃ(
1995 2179 2107 2211 secun-

1224 2229 1302 2264 dum
1330 2229 1567 2263 humanitatem
1577 2227 1639 2261 effe
1666 2227 1754 2260 Patri
1766 2226 2077 2263 consubstantialem
2093 2252 2105 2267 ‚

1223 2279 1267 2314 ita
1299 2278 1434 2313 asserens
1456 2277 1630 2311 definitum
1651 2277 1669 2310 a
1689 2276 1827 2319 Synodo
1861 2276 1996 2311 Nicaena
2017 2302 2029 2318 ,
2067 2278 2103 2311 dc

1224 2327 1527 2363 Chalcedonensern
1549 2326 1711 2361 detestans
1734 2337 1898 2370 tamquam
1911 2327 2007 2369 hujus
2030 2338 2103 2370 prae-

1223 2378 1446 2412 varicatrice'm
1458 2401 1469 2417 ,
1496 2388 1566 2421 quae
1578 2377 1670 2410 illum
1683 2377 1791 2420 quoad
1806 2375 1984 2410 humanam
2010 2387 2104 2411 natu-

1223 2439 1290 2462 ram
1303 2429 1338 2462 &
1358 2427 1492 2472 Virgini
1504 2428 1604 2460 Matri
1630 2428 1663 2460 ὅ(
1677 2425 1771 2459 nobis
1784 2427 1939 2460 omnibus
1961 2427 2101 2460 consub-

1225 2477 1406 2511 stantialem
1428 2476 1620 2510 definiisset.
1648 2477 1696 2510 lta
1706 2477 1748 2509 de
1769 2476 1827 2510 illo
1843 2476 1876 2510 in
1905 2477 2008 2511 tribus
2028 2477 2104 2519 Epi-

1225 2527 1316 2561 stolis
1340 2526 1449 2561 scribit
1461 2527 1593 2561 Sanetus
1617 2526 1685 2560 Leo
1700 2526 1787 2569 Papa
1812 2524 1853 2560 ad
1875 2527 2022 2561 Leonem
2034 2527 2100 2560 Au—
2118 2547 2253 2583 Eman-

1223 2577 1352 2622 gustum
1364 2601 1371 2608 .
1400 2577 1482 2609 Eam
1498 2575 1574 2610 vero
1589 2577 1680 2610 fuine
1695 2576 1975 2611 fundamentalem
1998 2578 2099 2620 Apol·
2116 2591 2162 2620 73.
2186 2598 2232 2624 79·

1224 2627 1330 2660 linarii
1353 2625 1583 2669 blasphemiam
1597 2626 1705 2660 scribit
1720 2625 1916 2660 Athanasius
1940 2628 1971 2659 in
1986 2627 2103 2661 litteris

1223 2677 1263 2711 ad
1287 2677 1471 2719 Epistetum
1486 2676 1691 2719 ‘Episcopum
1714 2675 1986 2710 Corinthiorum.
2017 2675 2072 2710 Est
2088 2700 2103 2719 ,

1225 2727 1360 2769 inquam
1370 2735 1396 2766 ,·
1405 2724 1527 2770 dogma
1538 2728 1636 2759 tertiae
1649 2725 1751 2759 classis
1763 2726 2072 2768 Apollinaristarum
2084 2748 2095 2764 ‚

1224 2775 1427 2810 afferentium
1449 2776 1551 2819 ipsam
1565 2775 1664 2811 Verbi
1678 2777 1845 2810 Deitatem
1867 2777 2100 2810 conversamin

1224 2836 1352 2859 carnem
1376 2849 1386 2865 ‚
1424 2827 1542 2868 passam
1563 2850 1574 2867 ,
1599 2827 1788 2859 crucifixam
1811 2848 1822 2864 ,
1856 2837 2018 2860 mortuam
2037 2850 2048 2866 ,
2077 2826 2098 2859 ὲ

1225 2875 1363 2909 mortuis
1377 2877 1570 2909 excitatam.
1598 2873 1702 2923 Qod
1716 2874 1969 2918 Eutychianistae
1993 2879 2098 2918 Unige-

1226 2931 1282 2958 niti
1307 2928 1473 2958 Divinitati
1496 2927 1670 2967 pafflonem,
1697 2927 1940 2969 mortemque&
1963 2926 2098 2969 sepultu-

1225 2986 1291 3008 ram
1306 2977 1482 3016 applicarint
1492 2998 1503 3015 ,
1530 2978 1562 3008 ὅς
1576 2985 1684 3009 tamen
1699 2977 1846 3009 Divinam
1857 2967 1994 3009 inuram
2005 2981 2099 3016 impa-

1224 3025 1335 3057 tibilem
1360 3025 1530 3059 nobiscum
1543 3025 1744 3069 praedicarint
1756 3048 1767 3065 ‚
1792 3026 2032 3069 adeoqueerror'
2041 3024 2099 3059 fibi

1208 3081 1211 3107 i
1225 3075 1280 3118 ipfi
1295 3085 1360 3108 non
1371 3075 1534 3108 cohaeserit
1547 3098 1557 3114 ,
1583 3075 1690 3109 scribit
1701 3075 1934 3110 Theodoretus
1946 3075 1986 3109 ad
1995 3075 2097 3117 Zeug-

1225 3125 1322 3158 matis
1331 3124 1562 3170 Magistratum
1575 3150 1584 3165 ,
1606 3126 1638 3159 &
1652 3125 1851 3168 Episcopum
1863 3124 2099 3159 Timotheum.

1226 3175 1335 3209 Errori
1347 3175 1550 3209 occasionem
1562 3173 1675 3208 dedere
1690 3176 1852 3209 intellecta
1862 3171 1988 3218 pessime
1999 3173 2094 3208 verba

1225 3224 1400 3268 Apostoli:
1427 3229 1593 3267 Nunquam
1606 3228 1763 3258 Dominum
1769 3228 1873 3269 gloriae
1880 3220 2079 3264 crucifixissent
2089 3247 2102 3256 ἢ

1224 3275 1267 3309 Et
1290 3272 1413 3319 Angeli
1435 3275 1520 3318 apud
1546 3274 1742 3308 Matthaeum
1770 3274 1883 3307 verba:
1909 3275 1985 3323 Ecce
1994 3273 2069 3304 locus
2085 3296 2097 3311 ,

1224 3324 1272 3356 ubi
1292 3323 1400 3366 positus
1412 3334 1476 3358 erat
1493 3328 1635 3359 Dominus
1647 3352 1654 3359 .
1681 3324 1717 3358 N
1719 3324 1875 3359 escierunt
1889 3346 1899 3361 ‚
1925 3322 2011 3365 quod
2031 3327 2102 3355 unio

1216 3372 1319 3415 faciat
1339 3382 1499 3407 communia
1522 3381 1662 3414 nomina,
1689 3376 1723 3406 ὦ*
1744 3381 1844 3404 tamen
1854 3379 1949 3404 eorum
1972 3381 2098 3404 naturas

1550 3425 1694 3460 Palmare
1723 3420 1975 3459 fundamentum
2012 3421 2099 3504 filit?

1899 3478 1903 3482 ·
1960 3481 2026 3514 quo

1224 3436 1284 3458 non
1318 3424 1479 3467 confundat
1505 3450 1514 3458 .
