2340 3736
488 108 595 154 Dn
665 98 1260 152 LAYROCINIO
1331 101 1808 154 Ernasmo.

242 206 339 237 rum,
372 194 540 239 synodalia
567 193 651 238 apud
678 191 842 227 Abrincas
876 191 1003 226 decreta
1028 190 1121 225 refert

243 247 342 281 etiam
352 246 544 289 proscriptas
555 244 682 288 aliquid
694 244 730 278 in
741 244 955 278 Sacramentis
964 242 1120 287 exigendi

241 295 495 334 consuetudines
516 319 527 335 ,
553 295 588 329 δε
610 293 700 330 addit
721 307 729 326 :
766 292 860 326 Nihil
875 292 1039 335 prffec‘lum
1061 291 1121 332 est,

1925 123 1959 169 4
1970 114 1997 155 1·

1183 188 1350 224 damnavit
1360 213 1371 230 ,
1398 188 1474 223 licet
1487 191 1591 226 forsan
1608 192 1626 226 a
1637 204 1710 228 vera
1720 193 1857 228 limonia
1879 194 2062 231 immunem

1184 239 1365 275 Damnavit
1399 248 1567 282 tamquam
1605 244 1760 288 suspectas
1793 268 1804 284 ,
1850 245 2064 289 periculosas,

1187 289 1408 328 scandalol‘as,
1436 290 1647 334 piorumque,
1674 305 1711 329 ac
1723 293 1928 328 infirmorum
1949 296 2063 330 oculo-

67 313 99 341 ᾧ·
122 319 154 349 53
162 321 186 343 ¹⁸
292 357 312 377 a
321 345 460 390 Ep1ft0ffl
472 347 675 379 Normandm
686 345 831 378 decretum
843 343 920 380 illud
934 348 1059 383 recipere
1072 353 1122 377 210—
1184 350 1256 374 rum
1265 339 1433 374 offenlivas
1448 364 1455 371 .
1482 339 1625 374 Abunde
1640 344 1740 387 liquet
1760 355 1801 378 ex
1816 341 1881 378 huc
1900 346 2001 387 usque
2013 346 2062 380 di-

240 394 272 429 Iu
324 405 374 429 nt.
403 396 447 429 Et
459 396 600 440 Joannes
611 393 858 440 Salisburgenfis
870 390 1121 434 Archi-Episco-
1184 389 1241 425 stis
1254 415 1261 423 .
1289 388 1387 424 Certe
1405 390 1580 424 snnoniaca
1606 389 1726 427 haerefis
1739 418 1749 434 ,
1776 405 1873 439 quam
1899 404 1940 428 ex
1951 394 2061 429 Gallia

241 456 305 489 pus
350 445 371 480 b
382 446 534 480 Martino
545 447 665 490 quinto
677 444 838 479 Pontifiee
851 441 920 485 post
931 440 1120 476 damnatam
1183 440 1275 484 ejecit
1303 440 1484 485 Gregorius
1509 440 1657 485 Magnus
1681 467 1693 482 ‚
1718 454 1759 476 ex
1784 454 1874 488 parte
1901 455 1968 477 non
1994 451 2062 478 erat

241 484 444 539 synodaliter
454 508 589 531 omnem
605 497 639 530 in
652 492 867 530 Sacramentis
885 490 1058 526 limoniam
1070 489 1121 524 ad·
1183 490 1272 526 aliud
1282 512 1293 530 ‚
1318 491 1414 534 quam
1428 490 1572 535 quaedam
1583 491 1721 533 inopum
1735 492 1971 538 Episcoporum
1988 506 2062 528 exa-

69 545 143 583 Cap.
157 547 184 575 8.
239 544 370 591 jungit:
397 546 521 588 Expaest
541 549 612 581 verb
622 551 760 586 antiquas
785 542 819 575 ὁ*
839 540 1002 574 laudabiles
1022 542 1122 575 Ec-cle·
1182 541 1306 575 stiones
1316 540 1355 574 ad
1368 540 1519 575 alendam
1531 540 1748 576 miserabilem
1768 543 1894 586 plebem
1907 570 1914 577 .
1943 544 2062 589 Neque

234 594 346 637 starum
357 596 576 640 consuetudines
580 601 637 637 pia
644 592 774 635 fidelium
795 592 947 625 devotione
963 598 1020 633 pro
1030 594 1121 624 Mini-

236 645 572 690 strorumsustentaeione
583 643 766 677 introductas
791 653 848 675 non
859 642 1040 675 intendimus
1051 649 1122 683 pro-

241 694 338 730 hibere
347 721 359 736 ,
386 698 429 729 ad
437 707 511 738 quas
528 700 623 730 etiam
634 691 833 735 observandas
855 691 1011 735 superioris
1030 692 1121 733 Officii

241 746 308 780 laice
319 743 620 788 Ecclefiasticapoffint
625 741 747 787 censura
767 743 898 785 compelli
911 767 919 775 .

292 793 488 839 Respondeo
501 792 597 828 hasce
605 793 641 828 in
652 794 738 829 sacra
751 793 974 828 ordinatione
984 791 1122 827 examo-

241 844 355 883 nesita
372 843 442 878 fieri
453 844 542 888 posse
554 868 565 884 ,
593 853 631 878 ut
654 855 722 877 non
735 845 797 878 fint
819 841 942 876 haerefis
953 842 1116 876 fimoniae.

241 894 327 942 Qis
362 893 453 929 enim
484 894 606 928 nesciat
632 893 801 939 Episcopis
827 918 839 934 ‚
874 891 1120 936 Metropolim,

239 942 462 985 Primatibus‚
487 942 683 979 Patriarchis
692 944 804 979 deberi
824 943 843 977 a
865 941 1003 976 subditis
1017 941 1119 976 Cleri-

237 993 287 1030 eis
313 1006 351 1029 ac
369 994 540 1038 Episcopis
562 994 763 1030 canonicum
790 995 845 1028 seu
866 1002 979 1027 verum
1002 989 1119 1026 Cathe-

237 1044 426 1080 draticum?
451 1045 616 1089 Episcopo
626 1045 717 1079 enim
728 1069 740 1085 ,
766 1043 841 1078 licet
852 1041 987 1078 divisam
999 1042 1119 1085 portio-

237 1105 315 1134 nem
326 1092 462 1130 habenti
472 1119 484 1136 ,
495 1094 624 1139 antiqui
636 1095 791 1130 Canones
803 1093 933 1137 insuper
943 1093 1115 1137 adsignant

236 1153 387 1189 quartam
420 1145 572 1180 omnium
607 1143 882 1188 Presbyteralium
908 1142 1116 1187 portionum.

1183 591 1274 626 obest
1285 591 1394 627 Sancti
1407 591 1583 629 Lanfranci
1595 592 1784 627 animositas
1794 617 1802 624 .
1829 594 1871 627 Ei
1891 595 1979 630 enim
1991 605 2062 630 tan·

1185 640 1260 675 dem
1273 641 1381 683 cellit,
1407 642 1539 686 ejusque
1549 642 1762 686 causaipsum
1783 643 1891 686 arguit
1912 643 2061 680 laudatus

1186 691 1386 728 Gnilielmus
1395 690 1560 733 Therae,
1588 692 1678 736 quod
1689 692 1864 727 simoniam
1884 703 1925 726 ex
1945 695 2063 730 alienis

1187 741 1333 775 Ecclefiis
1358 742 1515 786 generose
1541 742 1718 789 profligans
1738 743 1856 778 foverit
1867 742 1902 775 in
1915 746 2060 787 propria.

1185 791 1311 826 Eadem
1324 791 1370 825 est
1382 792 1466 826 ratio
1478 792 1716 836 Episcoporum
1737 790 1950 829 Normandiae
1962 807 1972 826 :
1999 793 2062 829 Eo-

1184 853 1255 876 rum
1282 842 1401 886 quippe
1426 843 1710 886 praesumptionem
1730 842 1900 878 damnavit
1918 844 2062 887 postmo-

1184 893 1263 926 dum
1275 890 1466 928 Alexander
1490 892 1604 927 tertius
1630 893 1667 927 in
1684 894 1825 937 Synodo
1836 893 2062 928 Lateranenfi.

1184 942 1429 987 Salisburgenfis
1443 941 1597 986 Synodus
1618 954 1688 978 non
1714 941 1756 978 de
1767 943 1987 979 Ecclefiastica
1999 945 2062 979 Or-

1183 992 1355 1027 dinatione
1363 1018 1374 1035 ‚
1402 993 1453 1027 sed
1465 992 1507 1027 de
1518 992 1766 1029 parochialibus
1777 994 1994 1030 Sacramentis
2015 994 2062 1029 lo-

1182 1043 1311 1084 quitur,
1338 1054 1408 1086 quae
1428 1054 1498 1077 non
1519 1044 1663 1088 speciant
1681 1042 1723 1079 ad
1744 1042 1835 1080 hunc
1860 1045 1988 1080 locum.
2017 1045 2063 1080 Et

1183 1091 1261 1125 hinc
1272 1093 1370 1127 credo
1381 1093 1399 1126 a
1411 1093 1551 1136 Synodo
1570 1094 1739 1139 Berytenfi
1751 1106 1806 1139 por
1816 1095 1944 1140 pietatis
1954 1096 2060 1140 prodi-

1182 1142 1310 1176 tionem
1323 1143 1534 1185 pecuniarum
1558 1147 1654 1179 causa
1676 1146 1791 1182 fastam
1819 1157 1890 1180 non
1916 1145 2061 1192 intelligi

1179 1192 1312 1236 praesens
1333 1191 1550 1235 Capitulum,
1574 1194 1629 1227 sed
1651 1195 1715 1228 alia
1738 1195 1968 1231 Ecclesiasticae
1993 1196 2065 1231 sub-

1179 1242 1304 1277 stantiae
1325 1241 1568 1286 dissipationem
1595 1241 1807 1287 objicientia:
1833 1247 1951 1281 Hocce
1971 1247 2065 1281 enim

1178 1292 1370 1336 Capitulum
1395 1292 1545 1329 adfirmat
1570 1292 1665 1329 Ibam
1690 1292 1863 1338 dumtaxat
1887 1296 2044 1340 accepisse
2053 1321 2066 1338 ,

1180 1355 1249 1379 non
1262 1343 1418 1391 exegiss'e.¹

236 1194 351 1230 Etiam
360 1195 551 1240 participem
561 1194 678 1229 volunt
698 1194 740 1229 de
760 1192 986 1230 oblationibus
1011 1192 1045 1225 ὃ(
1056 1192 1119 1236 pri-

237 1244 341 1280 mitiis
369 1244 521 1279 omnium
543 1244 777 1280 Ecclesiamm.
804 1245 873 1279 Cur
901 1244 1003 1289 igitur
1028 1240 1115 1276 hanc

235 1301 385 1338 quartam
409 1302 466 1329 aut
475 1294 545 1338 ejus
554 1305 678 1340 partem
695 1296 825 1340 exigere
844 1303 986 1338 nequeat
1007 1292 1041 1326 in
1053 1293 1111 1326 Or-

235 1344 430 1379 dinatione?
457 1343 617 1380 Attamen
641 1345 744 1380 latina
764 1343 905 1378 Ecclesia
923 1343 1112 1378 exaaiones

234 1393 420 1444 istiusmodi
453 1396 576 1441 semper
599 1404 769 1442 tamquam
794 1392 902 1433 sordes
936 1392 1051 1433 habuit
1076 1393 1110 1434 ὅς

595 1675 1447 1764 CAPITULUM
1540 1679 1701 1767 IV.

376 1893 628 1943 Brahamius
663 1894 846 1963 quidam
882 1895 1110 1943 Diaconus
1145 1894 1278 1947 nostri
1314 1895 1434 1945 Cleri
1470 1894 1554 1944 fuit
1584 1935 1594 1945 .
1631 1898 1716 1945 Hic
1742 1902 1918 1963 Joanne
1954 1915 2066 1964 quoq

410 1963 514 2013 dam
549 1963 748 2019 malefico
782 1962 1049 2031 deprehenso
1074 2003 1088 2027 ,
1138 1970 1259 2032 cujus
1296 1967 1460 2014 amicus
1496 1981 1591 2016 erat
1638 1971 1681 2015 δι
1717 1965 1913 2016 conscius
1938 2006 1951 2029 ,
1988 1986 2065 2016 co-.

230 2052 325 2084 ram
362 2033 710 2085 reverendissimo
746 2034 966 2103 Episcopo
999 2036 1144 2094 nostro
1197 2040 1240 2084 &
1275 2038 1396 2084 omni
1442 2036 1575 2085 Clero
1613 2054 1860 2086 convocato
1897 2038 1952 2086 ad
1990 2056 2065 2086 au-

231 2103 446 2154 dientiam
482 2104 724 2155 Abrahami
759 2109 954 2155 Diaconi
989 2144 1003 2166 ,
1051 2105 1337 2169 monstratum
1385 2106 1446 2154 est
1480 2105 1633 2157 eodem
1684 2107 1922 2157 confitente
1958 2126 2065 2156 con-
2221 2134 2233 2152 s

231 2172 369 2222 scium
403 2171 509 2231 effe,
546 2188 594 2220 ut
629 2190 806 2240 poenam
841 2173 1082 2226 sustinuerit
1118 2177 1613 2236 excommunicationis,
1649 2181 1692 2225 δε
1719 2178 1923 2227 omnibus
1961 2177 2067 2226 odio

230 2242 364 2292 fuerit
399 2279 413 2303 ,
460 2245 504 2290 δι
540 2245 737 2290 omnium
787 2242 1055 2297 insectationi
1091 2247 1281 2314 patuerit
1335 2246 1476 2294 multo
1520 2261 1716 2319 tempore
1756 2283 1769 2294 .
1839 2248 1939 2298 Post
1974 2248 2066 2296 haec

231 2309 485 2374 (nescimus
519 2311 746 2378 quomodo
781 2313 1037 2382 persuasus)
1087 2315 1377 2364 satisfactione
1425 2314 1483 2367 ab
1516 2333 1571 2365 eo
1616 2317 1862 2369 nullatenus
1906 2336 2065 2385 prove-

230 2385 405 2444 niente,
441 2385 631 2432 tentavit
667 2401 765 2432 eum
801 2389 1062 2434 Batenorum
1099 2388 1294 2450 civitatis
1330 2384 1530 2435 ordinare
1566 2386 1860 2456 Episcopum:
1898 2393 1942 2438 &
1966 2408 2065 2456 pro-

233 2453 402 2504 hibitus
436 2453 493 2502 ab
527 2471 606 2516 eo,
643 2456 722 2521 qui
758 2470 862 2503 tunc
888 2457 1271 2507 Archi—Diaconus
1301 2473 1419 2516 erat,
1455 2456 1706 2521 indignatus
1734 2459 1821 2510 est.
1859 2463 1918 2508 Et
1949 2461 2064 2509 hunc

235 2522 417 2590 quidem
442 2559 455 2583 ,
506 2525 585 2590 qui
619 2527 751 2573 morti
787 2542 879 2575 erat
913 2526 1125 2575 obnoxius
1157 2564 1170 2588 ,
1216 2525 1333 2595 apud
1381 2525 1656 2595 semetipsum
1703 2528 1900 2579 decrevit
1947 2528 2065 2583 effe„

237 2592 529 2661 Episcopum.
564 2595 693 2643 Illum
729 2596 859 2657 vero,
895 2599 972 2666 qui
1009 2597 1180 2646 turbam
1217 2600 1476 2649 incitaverat
1512 2601 1733 2659 civitatis,
1771 2605 1813 2649 δε
1851 2599 1964 2648 dixit
1999 2605 2064 2664 J‘u-

236 2662 347 2713 stum
382 2678 471 2713 non
505 2660 585 2714 effe
621 2665 705 2714 hoc
733 2664 858 2726 fieri,
893 2670 1084 2719 removit
1119 2667 1173 2716 de
1208 2671 1388 2735 proprio
1422 2669 1549 2730 loce,
1585 2674 1629 2723 δι
1653 2672 2063 2730 excommunicavit,

235 2737 280 2781 &
308 2733 475 2800 expulit
509 2733 567 2783 ab
601 2735 791 2784 Ecclesia
817 2774 830 2785 .
879 2742 937 2785 Et
973 2740 1077 2805 quia
1124 2737 1178 2787 de
1216 2737 1432 2806 Episcopo
1467 2742 1510 2789 ei
1546 2758 1635 2789 non
1670 2739 1866 2807 proceffit
1893 2777 1906 2800 ,
1942 2758 2062 2789 com-

237 2801 380 2871 pulsus
414 2803 475 2852 est
509 2821 607 2853 eum
644 2805 782 2859 facere
818 2807 1134 2860 Xenodochum
1160 2845 1172 2856 .
1223 2812 1281 2856 Et
1316 2812 1472 2862 retinet
1520 2810 1717 2863 chartam
1753 2814 2062 2874 magicarum-4

236 2875 584 2924 incantationum
620 2877 985 2927 reverendissimus
1021 2879 1257 2946 Episcopus
1293 2879 1458 2941 noster,
1495 2884 1573 2948 qui
1609 2881 1760 2931 debuit
1787 2881 1842 2930 ad
1868 2879 2060 2948 judicem

236 2946 477 2996 Provinciae
512 2945 625 2997 hunc
649 2984 663 3011 ,
699 2951 776 3014 qui
812 2947 875 2998 ita
911 2951 1162 3002 execrabilis
1199 2949 1260 2999 est
1283 2986 1296 3011 ,
1334 2949 1487 3001 offerre
1523 2950 1753 3004 secundum
1789 2950 2061 3017 consuetudi-

238 3030 337 3064 nem
374 3015 516 3077 legum
533 3052 544 3064 .

458 3188 887 3240 SCHOLION.

1181 3188 1367 3225 Antonium
1391 3191 1633 3236 sepulchrorum
1645 3194 1839 3231 violatorem
1852 3196 2058 3241 convitium,

1179 3242 1211 3274 ὃς
1224 3241 1433 3275 Heraclidem
1454 3244 1558 3278 furem
1577 3245 1783 3279 manifestum
1809 3248 1843 3278 in
1859 3246 2059 3291 Episcopos,

1181 3291 1230 3323 sed
1263 3290 1296 3322 &
1323 3290 1411 3334 quod
1442 3293 1649 3337 Serapionem
1679 3297 1863 3329 accusatum
1895 3296 1929 3330 &
1950 3298 2057 3332 adhuc

1180 3341 1305 3373 causam
1327 3341 1491 3377 dicentem
1511 3346 1546 3378 in
1569 3344 1802 3388 Presbyterum
1827 3347 2055 3383 consecrasset.

343 3382 435 3417 nodo
457 3383 497 3418 ad
523 3385 691 3431 Qercum
716 3389 880 3423 accusatus
901 3389 986 3431 fuit,
1012 3392 1115 3434 postu-
1182 3391 1290 3423 Etiam
1322 3390 1556 3429 Theodoretus
1587 3394 1717 3438 peffime
1747 3394 1851 3430 audiit
1875 3419 1887 3435 ,
1923 3398 2013 3442 quod
2039 3398 2057 3435 ὲ
2121 3432 2126 3437 .
2229 3436 2230 3439 ,

241 3431 385 3477 latusque
395 3432 435 3468 ad
445 3435 741 3471 exauctorationem
757 3461 767 3477 ,
793 3449 860 3472 non
872 3438 1002 3478 tantum
1025 3441 1114 3484 quod
1182 3439 1355 3476 Phoeniciae
1374 3442 1541 3489 Episcopis
1559 3453 1693 3491 togatus
1713 3444 1864 3482 Irenaeum
1885 3446 2056 3492 bigamum
2077 3430 2228 3470 Ep¹st‘¹¹'⁶‘

340 3482 443 3524 Christ.
453 3486 531 3528 Lupi
540 3488 622 3528 Oper.
636 3488 753 3522 Tama
1648 3496 1676 3529 F
1925 3496 2009 3533 ordia

240 3325 422 3416 ETiam
433 3333 567 3368 Sanetus
589 3335 734 3378 Jonnnes
746 3338 1001 3382 Chrysostomus
1012 3340 1047 3376 in
1060 3341 1115 3384 Sy-
