2340 3736
56 560 173 599 Cap.z.

568 103 653 147 AD
689 98 980 143 SYNODUM
1016 95 1606 145 CHALCEDONENSEM.

398 196 726 280 ⁴*ACTIO
795 233 899 277 lx.

324 381 492 415 Dnonam
514 377 690 413 Astionem
703 402 714 419 ,
739 378 853 412 factam
877 376 954 412 item
976 376 1114 421 septimo

351 429 516 465 Kalendas
530 428 754 469 Novembres,
782 427 915 470 supplex
939 427 1030 470 loqui
1054 436 1116 460 coe-

231 483 278 529 pit
288 479 361 514 Ibas
383 479 556 515 Edeffenus
579 479 780 522 Episcopus,
807 477 1022 519 Metropolita
1037 476 1116 509 Pro-

231 530 344 564 vinciae
355 530 552 570 osrhoenae,
577 529 619 563 de
630 540 694 572 qua
718 528 753 573 in
775 525 911 560 historia
935 525 1113 560 monastica

230 579 466 615 Theodoretus
487 592 495 611 :
532 582 622 622 Regio
642 602 653 619 ,
689 588 754 620 quae
777 577 845 608 olim
872 576 1091 615 Parthyaeorum
1105 601 1115 616 ,

231 642 308 663 nunc
320 629 532 673 osrhoenorum
552 629 662 661 dicitur
674 652 684 668 ,
708 631 841 668 pertinet
854 628 959 660 versus
987 625 1116 669 occasum

232 682 351 723 quidem
364 682 408 713 ad
415 685 514 721 ripam
524 676 613 721 usque
629 677 762 716 fluminis
776 700 787 717 ‚
805 681 851 709 cui
873 687 976 709 nomen
1002 676 1117 717 Eufra-

232 739 299 772 tes,
325 731 368 763 ad
376 735 514 763 orientem
525 730 597 760 vero
613 725 701 769 solem
723 725 811 758 babet
842 727 968 759 limitem
989 730 1116 759 Romani

232 785 373 822 Imperii.
400 782 528 819 Excipit
547 781 625 809 enim
647 776 732 808 illam
753 776 860 820 Afflm'a
873 801 882 816 ,
918 788 985 818 quae
1012 775 1116 817 Perfici

233 834 326 874 Regni
337 828 522 862 occidentalis
529 825 565 868 est
575 831 719 858 terminus
731 849 742 865 ‚
767 831 856 867 'quam
864 826 969 868 polieri
993 826 1118 858 Adiabe»

232 890 292 913 nen
314 877 505 921 appellarunt
517 902 524 908 .
553 874 622 909 Cur
637 874 811 909 Osrhoena
822 875 907 909 dista
919 875 1032 914 fuerit,
1052 875 1117 909 edi-

231 930 277 964 cit
291 928 323 961 in
339 928 447 971 primo
460 925 544 961 libro
558 924 598 960 de
609 924 698 960 bello
709 924 836 959 Perfico
853 926 1035 969 Procopius
1047 925 1115 958 Cae-

162 986 165 989 “
229 977 397 1011 sarcensrs:
423 975 545 1020 Osrhoes
557 981 619 1009 viri
640 986 744 1009 nomen
752 975 807 1015 est,
833 982 885 1017 qui
911 974 957 1009 hic
980 980 1118 1018 regnavit

58 1544 88 1573 1,
107 1551 214 1580 ιαμ,

228 1026 427 1071 superioribus
436 1026 637 1069 temporibus,
661 1027 779 1068 quando
790 1025 821 1058 ht
831 1027 921 1058 colom·
946 1025 1038 1067 Perfis
1062 1025 1120 1068 foe·

231 1079 448 1111 deratierant.
477 1077 553 1111 Effe
566 1074 648 1110 dicit
668 1085 790 1119 partem
811 1072 1060 1119 Mesopotamiae
1086 1077 1119 1108 in

230 1129 314 1161 duas
333 1127 527 1161 Provincias
559 1125 685 1160 divisae.
735 1125 885 1160 Edessam
911 1125 1121 1170 metropolim

231 1177 329 1212 fuisse
339 1176 564 1220 ampliffimam
589 1188 626 1210 ac
640 1175 885 1210 munitissimam
920 1175 1085 1210 civitatem
1112 1199 1122 1215 ,

230 1227 346 1260 multis
355 1225 498 1260 ostendit
522 1227 557 1259 in
570 1223 711 1260 secundo
725 1225 826 1260 libro.
853 1226 928 1260 Effe
952 1225 1122 1268 antiquam

227 1276 359 1321 Reges,
391 1275 460 1319 quo
471 1274 576 1309 filium
592 1276 683 1309 suum
694 1275 735 1317 ad
758 1275 925 1309 Gabelum
939 1275 1023 1309 misit
1044 1274 1121 1308 San-

228 1323 460 1365 ffisTobias,
486 1324 680 1367 estantiqua
701 1323 854 1358 traditio.
879 1323 1047 1358 Postrema
1078 1323 1123 1356 in-

230 1385 281 1410 tet
292 1375 478 1410 Orientales
489 1374 635 1409 civitates
657 1373 776 1408 cecidit
801 1374 835 1408 in
851 1370 978 1408 'manus
1000 1375 1124 1408 Sarace-

1892 104 1984 163 283

1176 183 1232 214 lem
1245 206 1254 221 ,
1281 182 1314 214 <9⁴
1327 180 1365 212 ab
1375 185 1452 212 omni
1471 177 1645 228 aceiffatione
1665 176 1789 217 liberum
1810 183 1896 218 Ibam
1915 197 2052 221 reveren-

1177 232 1318 272 dtffimum
1327 231 1556 264 declaraverunt
1567 256 1577 271 ,
1597 232 1626 273 fi
1635 239 1792 276 propriam
1808 234 1987 277 sententiam
2007 250 2052 271 re-

1176 280 1366 326 cognoscunt,
1400 281 1537 313 edicant.
1578 282 1759 325 Berytensis
1785 285 1913 327 synodi
1937 298 2052 320 omnes

1177 339 1239 365 tres
1262 331 1416 374 Episcopi
1442 330 1596 370 aderant,
1623 343 1762 374 quorum
1772 334 1914 368 Photius
1926 332 2055 377 Ty'rius'

1177 381 1338 424 reposuit:
1366 384 1494 420 Etiam,
1530 379 1653 420 nostrum
1673 382 1710 421 est
1722 385 1913 422 judicatum.
1951 384 2056 429 Qod

1178 432 1282 475 ipsum
1294 430 1446 474 professus
1458 430 1502 464 est
1516 429 1680 467 Eustatius
1690 430 1880 474 Berytensis.
1908 434 1952 466 Et
1974 433 2053 467 hinc

1178 481 1301 515 rursum
1330 481 1475 514 Romani
1499 480 1617 525 Legati
1637 480 1679 514 ad
1704 491 1836 516 omnem
1859 483 2052 526 Synodum:

1179 529 1409 571 Audivitvestra
1420 532 1602 570 Beatitudo,
1631 531 1706 573 quid
1713 534 1858 563 contineat
1871 533 2055 575 saniliffimo·

1177 593 1242 614 rum
1254 579 1464 623 Episcoporum
1477 583 1655 623 Decretum3
1676 579 1811 622 similiter
1828 582 1861 613 (π
1872 583 1976 621 vestrae
1997 587 2056 616 Pu·

1179 636 1264 663 ritati
1275 632 1312 663 de
1316 630 1396 671 statu
1409 631 1470 663 Ibae
1483 631 1559 672 quid
1567 631 1864 669 videatur,declarare
1874 633 2036 674 dignemini
2046 660 2053 667 .

1179 680 1225 714 At
1235 679 1366 724 gloriosi
1378 680 1502 722 judices
1516 680 1757 715 intercesserunt
1771 692 1778 711 ε
1794 677 1993 726 Xsubsequenti
2009 685 2056 716 die

1173 728 1259 774 suam
1286 728 1466 774 sententiam
1479 728 1657 773 sachtffima
1675 731 1802 770 synodus
1819 728 1914 772 faciet
1935 732 2058 772 manife-

1171 780 1250 822 stam
1260 805 1266 812 .

1389 1051 1843 1125 AssTloffx.

1276 1171 1311 1205 D
1335 1170 1511 1206 Astionem
1532 1172 1712 1215 decimam,
1742 1175 1856 1208 saetam
1883 1175 1974 1209 sexto
1999 1174 2062 1208 Ka-

1303 1221 1413 1256 lendas
1424 1222 1628 1256 Novembres
1642 1249 1651 1263 ‚
1677 1224 1820 1267 querelas
1829 1225 1899 1258 suas
1910 1225 2061 1268 repetivit

1185 1271 1277 1310 lbas,
1303 1271 1424 1306 addens
1435 1274 1500 1306 sese
1522 1270 1562 1305 ab
1587 1273 1747 1316 Ephelino
1770 1275 1945 1308 latrocinio
1966 1275 2065 1309 fuisse

1186 1333 1252 1355 non
1265 1322 1473 1356 solummodo
1484 1321 1692 1366 degradatum
1705 1348 1716 1363 ‚
1729 1324 1780 1358 sed
1794 1325 1827 1358 ὃς
1839 1335 2036 1358 carceratum
2051 1349 2062 1364 ,

1184 1373 1219 1406 δε
1238 1371 1356 1416 viginti
1378 1372 1515 1406 mutaffe
1535 1383 1691 1405 carceres.
1720 1373 1765 1406 Et
1789 1372 1913 1407 addidit
1927 1388 1940 1406 :
1963 1376 2065 1406 Exoro

231 1436 352 1460 norum
363 1450 370 1457 .
398 1423 536 1469 Iacobus
547 1423 588 1458 de
600 1422 753 1458 Vitriaco
765 1425 828 1458 effe
838 1423 920 1458 dicit
934 1424 1100 1468 antiquam
1114 1447 1124 1463 ,
1183 1433 1238 1456 vos
1250 1447 1261 1462 ‚
1286 1420 1394 1464 absens
1419 1424 1630 1455 condemnatus
1643 1421 1730 1465 sum,
1756 1435 1815 1455 non
1836 1424 1959 1455 aderam
1971 1447 1981 1463 ,
2007 1435 2064 1455 non

232 1475 382 1510 nobilem
398 1499 410 1516 ,
434 1474 602 1520 egregiam
634 1474 822 1513 clvitatem,
847 1473 1029 1508 Medorum·
1054 1485 1118 1508 me-

230 1525 413 1570 tropolim,
438 1526 496 1559 suo
507 1534 654 1567 tempore
666 1523 786 1558 distam
799 1523 917 1558 Perse.
948 1524 1125 1558 Fiantlren-

236 1577 284 1610 ses
311 1575 438 1615 nostri,
465 1585 554 1609 terrae
592 1575 711 1607 Sancta.
747 1571 938 1608 liberatores
955 1599 965 1613 ‚
989 1585 1124 1609 omnem

230 1625 442 1662 >orientalem
455 1622 615 1658 dioecesxm
629 1623 789 1663 divisere,
814 1634 869 1658 aut
881 1624 1016 1657 divisam
1039 1635 1125 1668 repe-

233 1684 345 1709 rerunt
367 1675 401 1708 in
427 1683 565 1716 quatuor
593 1672 822 1717 principatus,
850 1674 1124 1717 Hierosolymita-

235 1735 340 1764 num,
366 1722 640 1763 Antiochenum‚
667 1721 940 1767 Tripolitanum,
967 1735 1004 1757 ac
1028 1724 1123 1758 Edes-

234 1777 373 1813 senum,
398 1773 515 1817 dequo
538 1771 624 1805 idem
647 1772 799 1815 jacobus:
828 1771 965 1807 Habebat
989 1782 1049 1806 tres
1073 1779 1121 1806 Ar-

228 1822 478 1866 .cb1'-Ep1scopos‚
501 1822 693 1864 Edffemm,
720 1823 996 1864 Hierapolitanum‚
1023 1825 1057 1857 <5
1071 1828 1127 1856 Co-

231 1872 410 1917 riciensem,
441 1870 497 1916 sub
519 1870 698 1904 Pam‘archa
731 1871 904 1905 Antiocheno
928 1872 1122 1913 constitutos.

235 1923 510 1967 Hierapolitanos
527 1920 574 1956 est
597 1929 695 1964 caput
719 1921 904 1956 Eufratefiae
923 1921 1125 1963 Provinciae‚

234 1984 330 2009 extra
362 1971 659 2015 Mesopotamiam,
684 1972 729 2005 cis
753 1973 929 2006 Eufraten.
970 1973 1124 2007 Ecclefia-

234 2035 313 2058 tum
338 2022 481 2062 notitia,
504 2031 549 2055 ex
567 2020 751 2055 Guilielmo
773 2021 884 2065 Tyrio
910 2022 1053 2066 superius
1075 2022 1126 2057 ad-

238 2073 333 2107 dufta
347 2095 357 2112 ,
382 2070 660 2113 Mesopotamiam
686 2070 805 2105 dividit
827 2072 861 2105 in
888 2082 1027 2115 quatuor
1048 2072 1124 2106 Pro-

240 2122 393 2163 vincias,
427 2120 644 2158 Edeffenam,
678 2119 903 2162 Amidenam‚
932 2122 1128 2166 Sergiopoli·

240 2180 352 2206 tanam
367 2195 378 2210 ,
405 2181 442 2205 ac
464 2168 864 2213 Theodofiopolitanam‚
890 2170 979 2214 cujus
1004 2171 1127 2208 Metro-

239 2222 346 2266 polita
357 2221 437 2254 oiim
450 2220 514 2254 fuit
535 2220 764 2265 Suffiaganeus
792 2219 963 2255 Edeffeni.
989 2221 1129 2256 Divisio-

239 2272 294 2306 mis
304 2272 489 2311 austorem,
515 2270 667 2308 causam,
691 2280 819 2313 tempus
843 2269 988 2315 ignoro.
1015 2270 1129 2306 Edessa

242 2320 367 2356 Christi
377 2319 519 2356 Domini
531 2330 678 2363 tempore
691 2319 831 2354 habebat
843 2319 970 2364 Regem
995 2319 1126 2365 Agaba-

227 2381 338 2411 sum,
366 2371 522 2414 imaginis
545 2379 614 2403 non
646 2380 744 2403 manu
779 2371 866 2404 faeiae
890 2370 982 2405 dono
1003 2371 1130 2405 clarissi-

239 2432 350 2456 mum.
388 2420 472 2455 Eam
492 2418 659 2464 Trajanus
683 2419 853 2467 Augustus
879 2420 914 2455 in
942 2420 1128 2456 Romanam

242 2470 459 2507 Provinciam
471 2469 598 2514 redegit
608 2497 615 2503 .

297 2515 353 2553 Ad
365 2519 508 2553 nostram
521 2519 628 2562 itaque
651 2521 822 2562 Synodum
846 2521 918 2556 Ibas
938 2521 1127 2565 Metropoli·

245 2578 299 2604 ta:
327 2568 508 2611 Injustitiam
520 2568 558 2601 ab
568 2570 698 2608 Eutyche
709 2569 836 2614 &falsa
853 2571 996 2615 figmenta
1013 2571 1128 2616 perpes:

244 2618 297 2663 sus
312 2643 323 2659 ‚
347 2617 453 2658 absens
464 2619 695 2662 dquadragtnta
721 2620 914 2662 manfionibus
938 2623 972 2655 Θ
996 2625 1126 2655 condem-

245 2677 361 2707 natus,
387 2667 443 2701 huc
465 2668 577 2702 adveni
600 2675 758 2711 impetrare
778 2670 963 2704 clementiam
975 2696 987 2711 ‚
1013 2673 1047 2705 (ς’
1067 2674 1131 2705 adii

244 2717 364 2762 sacrum
385 2719 419 2751 <a
442 2720 637 2752 immortalem
663 2723 828 2761 Verticem,
854 2722 888 2754 (3¹
910 2721 985 2763 Juffit
1004 2721 1131 2760 vestram

249 2765 501 2811 Magnificentiam
510 2766 689 2812 cumsandia
702 2769 756 2804 bac
773 2771 808 2804 (9
828 2772 991 2815 universali
1001 2772 1110 2808 synodo
1122 2796 1131 2811 ,

250 2829 319 2860 quae
330 2818 493 2851 adversum
513 2829 560 2852 me
576 2817 649 2861 sunt
662 2818 743 2863 gesta
759 2825 950 2862 perquirere.
978 2821 1051 2855 Sese
1078 2832 1132 2864 per

250 2868 350 2901 trium
362 2867 599 2911 Episcoporum
619 2869 638 2901 a
650 2867 799 2913 Principe
819 2869 1014 2905 Theodofio
1027 2871 1133 2915 fingu-

248 2914 359 2951 iariter
393 2916 621 2962 delegatorum
658 2918 869 2962 Berytensem
906 2919 1079 2963 Synodum
1115 2921 1133 2954 a

250 2967 468 3010 quorumdam
479 2967 609 3002 suorum
619 2968 825 3003 clericorum
838 2969 1012 3004 calumniis
1037 2970 1126 3005 abso-

250 3017 379 3056 lutum-¹,
405 3017 438 3050 ὃ(
452 3018 555 3051 totius
569 3018 615 3051 sui
629 3017 718 3052 Cleri
730 3019 918 3054 testimonio
932 3021 1109 3055 innoxium
1124 3045 1133 3061 ,

250 3067 379 3111 questus
390 3067 434 3101 est
446 3067 540 3101 fuiffe
550 3066 744 3102 damnatum
765 3067 806 3103 ab
816 3068 981 3113 Ephelino
1003 3070 1135 3106 latroci-

250 3117 310 3150 nio
331 3127 386 3158 per
406 3126 490 3150 artes
510 3114 705 3159 Eutychetis
718 3140 730 3157 ,
754 3119 790 3152 dc
810 3119 944 3163 quidem
969 3120 1133 3155 absentem

250 3166 437 3211 longissime
448 3167 481 3200 δε
496 3166 679 3202 inauditum
693 3191 705 3207 ,
732 3166 870 3210 ideoque
886 3169 1013 3203 recitari
1034 3171 1068 3204 δε
1088 3171 1134 3204 in-

251 3216 364 3250 novari
382 3216 510 3259 rogavit
523 3215 733 3258 Berytensem
745 3218 936 3252 sententiam
947 3241 958 3257 ,
982 3220 1017 3253 <Sc
1039 3220 1133 3254 latro-

250 3265 354 3299 cinale
366 3265 406 3299 de
419 3265 450 3299 se
463 3265 620 3309 judicium
646 3268 792 3301 vacuari.
820 3268 899 3302 Erat
917 3280 1004 3312 aequa
1027 3270 1132 3311 postu·

250 3316 330 3348 iasio
342 3339 351 3355 ‚
379 3314 516 3359 idedque
527 3316 709 3358 Berytenfia
721 3316 804 3350 Acta
827 3319 954 3352 recitari
977 3318 1132 3361 jusserunt

250 3365 366 3408 Legati
380 3364 548 3406 Romani,
573 3366 607 3399 ἔτ
628 3365 699 3408 post
723 3366 803 3400 lesta
824 3367 897 3400 sunt
919 3367 1131 3402 interlocuti.-

251 3414 420 3454 Sancffiffimi
432 3414 592 3458 Episcopi,
619 3421 669 3458 qui
693 3419 810 3449 Decreto
826 3423 950 3460 proprio
969 3417 1132 3460 inculpabi-

346 3463 452 3505 christ.
468 3469 548 3509 Lupi
557 3470 644 3509 oper.
657 3469 735 3500 Tom.
749 3470 784 3499 Π.

1186 1472 1296 1505 obtinui
1308 1483 1354 1504 me
1365 1470 1549 1512 defendendi
1559 1474 1650 1505 locum
1659 1498 1669 1513 ,
1695 1484 1752 1505 non
1761 1472 1835 1505 mibi
1841 1473 2007 1516 permiffum
2027 1473 2065 1514 est

1179 1521 1284 1563 facere
1294 1521 1438 1554 verbum.
1467 1520 1521 1555 Ad
1543 1533 1613 1565 quse
1633 1533 1748 1555 omnes
1769 1523 1922 1567 Episcopi
1946 1524 2066 1557 clama-

1185 1581 1261 1606 runt
1274 1585 1284 1605 :
1311 1570 1534 1613 malefecerunt
1546 1577 1598 1614 qui
1611 1583 1675 1604 eum
1683 1580 1795 1612 praeter
1805 1577 1941 1605 Canones
1952 1574 2065 1606 dudizm

1187 1624 1425 1655 damnaverunt,
1453 1624 1533 1664 ,ραις
1543 1623 1693 1655 adversus
1711 1621 1859 1666 absentem
1875 1622 2064 1666 fadasunt,

1187 1681 1367 1705 vacuentur.
1399 1678 1473 1708 Haec
1484 1683 1581 1705 omnes
1594 1673 1735 1704 dicimus.
1766 1673 1878 1705 Nullus
1889 1675 2064 1706 condemnat

1187 1721 1353 1765 absentem.
1394 1720 1553 1756 Patricius
1574 1722 1761 1765 Tyanenfis
1783 1723 1986 1766 Episcopus,
2022 1724 2066 1756 se-

1187 1772 1299 1805 cun'dae
1318 1771 1533 1815 Cappadociae
1554 1771 1768 1815 Metropolita
1799 1772 1971 1815 adjunxit:
1999 1777 2066 1808 Pri-

1187 1824 1254 1855 dem
1261 1821 1368 1855 relec‘i'a
1378 1822 1415 1862 est
1421 1820 1571 1865 sentenn‘a
1582 1834 1678 1855 eorum
1689 1846 1700 1862 ,
1727 1829 1776 1865 qui
1787 1832 1855 1855 tunc
1860 1824 1977 1863 judices
1995 1823 2067 1865 fue-

1187 1881 1258 1905 runt
1275 1873 1429 1913 deputati,
1455 1873 1692 1906 &decreverunt
1703 1884 1768 1906 eum
1792 1874 1976 1906 sacerdotem
1997 1874 2047 1916 effe
2059 1900 2066 1907 .

1188 1926 1297 1955 omnes
1317 1933 1382 1966 ergo
1403 1933 1501 1954 eorum
1523 1922 1688 1963 definitioni
1710 1920 1924 1965 consentimus,
1952 1925 1986 1956 (ι’
2004 1934 2070 1956 eum

1187 1972 1322 2005 volumus
1358 1972 1410 2015 effe
1447 1973 1647 2005 Sacerdotem.
1678 1971 1720 2006 Et
1747 1984 1860 2006 onmes
1884 1973 2071 2008 orientales

1192 2022 1346 2067 Episcopi
1361 2021 1598 2055 acclamarunt:
1619 2021 1743 2066 J‘ustum
1762 2022 1799 2061 est
1815 2023 1868 2055 hoc
1891 2027 2047 2056 Decretum
2062 2048 2070 2056 .

1190 2071 1237 2105 At
1250 2071 1359 2105 nescio
1383 2071 1439 2114 qui
1460 2071 1517 2104 alii
1538 2071 1804 2106 intercefferunt:
1831 2073 2068 2107 Contradicitur.

1190 2124 1265 2154 Sunt
1286 2119 1465 2163 accusatores
1487 2122 1552 2161 ejus
1570 2120 1671 2162 foris,
1697 2123 1732 2154 ὠ*
1751 2122 1915 2164 jubeantur
1938 2125 2072 2166 ingredi.
2093 2117 2098 2124 ’

1190 2170 1309 2214 Neque
1319 2171 1410 2204 enim
1426 2171 1511 2204 solus
1523 2170 1594 2204 Ibas
1606 2196 1615 2211 ‚
1642 2170 1693 2204 sed
1715 2171 1748 2204 ὃς
1761 2172 1903 2216 plerique
1923 2173 2074 2207 Orienta-

1192 2221 1237 2255 les
1263 2220 1415 2264 Episcopi
1446 2221 1486 2254 de
1518 2221 1674 2255 Nestorio
1695 2222 1824 2265 suspeffi
1848 2232 1958 2261 erant,
1985 2223 2071 2267 apud

1192 2270 1377 2315 AEgyptios
1388 2271 1556 2313 praesertim
1576 2272 1608 2304 ὃ(
1633 2271 1811 2306 Asiaticos:
1840 2272 1979 2307 Refidua
2005 2273 2073 2307 haec

1190 2330 1282 2355 erant
1311 2320 1547 2355 discordiarum
1581 2323 1615 2354 in
1650 2321 1787 2364 Synodo
1812 2321 1994 2366 Ephesina,
2031 2323 2076 2356 Et

1190 2369 1269 2405 hinc
1280 2370 1409 2415 gloriosi
1420 2370 1543 2414 judices
1556 2371 1630 2404 sunt
1656 2372 1864 2407 interlocuti:
1897 2374 2076 2417 Ingrediam

1192 2429 1241 2454 tur
1251 2426 1302 2463 qui
1323 2420 1407 2453 Ibam
1432 2418 1710 2463 reverendissimum
1734 2420 1911 2465 Episcopum
1936 2423 2071 2467 accusare

1191 2471 1314 2505 volunt.
1341 2471 1385 2504 Et
1405 2482 1485 2504 mox
1503 2470 1634 2515 ingreffi
1657 2472 1732 2504 sunt
1749 2469 1984 2516 Theophilus,
2011 2475 2074 2508 Eu-

1191 2521 1320 2560 frafius,
1347 2518 1590 2560 Abrahamius,
1615 2521 1647 2554 dc
1670 2519 1858 2555 Antiochus
1873 2546 1883 2561 ‚
1910 2522 2075 2557 Edeffenae

1194 2571 1340 2606 Ecclefiae
1352 2570 1498 2605 Diaconi
1508 2595 1519 2611 ‚
1545 2570 1580 2604 &
1590 2580 1649 2613 pro
1670 2570 1794 2604 cunctis
1807 2570 2016 2614 Theophilus
2028 2573 2074 2607 est

1193 2622 1342 2657 locutus:
1369 2622 1538 2663 Rogamus,
1565 2631 1630 2662 quae
1635 2617 1726 2662 super
1737 2620 1791 2654 Iba
1813 2626 1845 2655 in
1870 2624 1975 2661 Beryto
1994 2622 2075 2667 gesta

1188 2671 1280 2716 sunt,
1305 2670 1413 2714 relegi,
1438 2678 1471 2704 ut
1482 2668 1645 2713 addiscatis
1655 2676 1726 2713 quia
1734 2671 1811 2713 ‚iuste
1833 2673 1996 2705 damnatus
2013 2672 2051 2712 est
2064 2697 2072 2704 .

1194 2721 1236 2755 Et
1249 2720 1380 2765 gloriosi
1394 2719 1537 2764 judices:
1564 2718 1758 2764 Accusaturus
1782 2722 1865 2755 Ibam
1877 2724 2075 2763 reverendissi-

1193 2782 1271 2805 mum
1283 2768 1458 2814 Episcopum
1468 2770 1614 2812 advemsti
1626 2794 1637 2811 ‚
1662 2784 1703 2805 an
1714 2781 1867 2815 tamquam
1879 2780 1935 2814 pro
1943 2772 2004 2815 fide
2017 2784 2077 2806 cer-

1194 2830 1311 2855 taturus
1325 2819 1413 2861 Gesta
1422 2821 1510 2865 relegi
1530 2827 1615 2863 cupis
1628 2822 1645 2853 ἕ
1672 2821 1890 2857 Accusaturus
1911 2823 2000 2857 enirn
2020 2823 2076 2857 de-

1195 2872 1248 2906 bet
1259 2872 1289 2905 se
1302 2869 1342 2904 ad
1353 2870 1511 2905 talionem
1524 2870 1692 2906 inscribere
1702 2896 1710 2903 .
1737 2873 1830 2907 Hinc
1845 2870 2054 2917 Theophilus
2067 2886 2079 2907 x

1197 2919 1377 2964 Accusatores
1400 2920 1547 2962 manifesti
1561 2920 1659 2964 sunt,
1685 2924 1719 2956 Θ
1739 2922 1785 2955 bic
1804 2933 1861 2956 non
1881 2921 1973 2965 sunt:
2011 2926 2079 2967 Ego

1197 2975 1342 3005 Diaconus
1359 2969 1450 3014 sum,
1468 2967 1507 3004 ’Θ
1525 2969 1583 3014 scio
1606 2973 1777 3006 violentiam
1807 2978 1961 3006 civitatis.
1989 2977 2035 3005 Et
2053 2971 2084 3013 fi

1194 3019 1301 3064 accufh,
1313 3023 1347 3055 (π
1357 3019 1439 3060 testes
1450 3033 1507 3055 non
1518 3020 1640 3063 adsunt,
1647 3023 1774 3066 denegat
1786 3047 1793 3055 .
1821 3024 1944 3058 omnis
1960 3023 2077 3057 Edessa

1193 3070 1351 3115 diligebat
1363 3070 1478 3111 Ibam,
1506 3081 1615 3113 parata
1629 3071 1725 3105 illum
1747 3073 1780 3107 ἀ
1800 3073 1895 3107 armis
1919 3074 2001 3108 tueri
2025 3072 2077 3105 ad-

1195 3120 1321 3155 versum
1335 3119 1605 3154 calumniatores.
1631 3123 1725 3156 Hinc
1745 3122 1787 3157 ab
1800 3122 1964 3168 Ephefino
1984 3122 2079 3155 latro-

1195 3171 1285 3204 cinio
1298 3169 1513 3214 degradatum
1524 3182 1579 3214 per
1601 3171 1723 3217 viginti
1740 3184 1878 3208 carceres
1901 3173 1919 3205 a
1941 3171 2079 3214 Chrysa-

1194 3218 1274 3264 phio
1282 3218 1447 3253 Eunucho
1470 3221 1588 3256 mutari
1599 3233 1755 3258 curarunt
1769 3223 1948 3257 Dioscorus
1960 3222 1993 3255 δε
2014 3222 2078 3255 Eu-

1195 3268 1331 3313 tyches.-
1368 3269 1450 3314 Quo
1482 3269 1617 3306 ubinam
1651 3271 1749 3312 esser,
1785 3273 1918 3306 nesciret
1941 3270 2079 3316 populus

1195 3318 1330 3353 Edeffae.
1357 3318 1448 3353 Hinc
1475 3321 1556 3355 item
1577 3323 1724 3356 accusare
1750 3333 1819 3356 non
1842 3321 1940 3356 audet
1963 3320 2078 3356 Theo⁴

1198 3369 1326 3412 philus,
1351 3369 1457 3404 solum
1469 3370 1609 3414 postulat
1621 3371 1775 3405 articulos
1795 3371 1879 3415 apud
1904 3371 2078 3415 Synodum

1201 3419 1410 3462 Berysentem
1435 3421 1609 3465 productos
1643 3420 1767 3455 rursum
1792 3421 1934 3463 discuti,
1970 3422 2004 3455 &
2038 3431 2088 3455 e»

1604 3470 1639 3504 N
1661 3482 1683 3504 n
1733 3482 1756 3508 2
1966 3471 2036 3505 illis
