2340 3736
63 2485 153 2523 Epist·
180 2495 222 2522 53.

64 2535 109 2565 ⁵4·
122 2536 165 2562 55·
176 2530 222 2558 62·

64 2979 151 3021 Epist.
162 2982 207 3017 19'.v

636 102 949 156 SCH0L115‚
987 112 1050 142 ετ
1083 109 1268 143 Notis
1304 110 1682 145 ILLUSTRATI.

554 284 631 369 C
667 286 752 369 A
789 287 888 368 N
933 284 1023 367 O
1061 284 1158 364 N
1289 278 1772 369 XXVIII.

1891 117 2011 155 ¹109

332 508 572 555 Auctorum
607 508 785 553 Patrum
820 505 1014 554 Decreta
1038 498 1203 566 ubique
1239 497 1491 566 sequenteS‚
1526 501 1570 546 δε
1605 499 1861 559 Canonem‚
1898 502 1976 567 qui
2002 517 2079 552 nu.

367 594 444 642 per
480 577 611 625 lenitus
645 573 706 622 est
728 609 741 632 ‚
778 586 955 621 centum
991 574 1035 619 δε
1069 572 1393 637 quinquaginta
1429 570 1516 617 Dei
1553 567 1939 618 amantiffimorum
1975 573 2079 639 Epi-

246 644 477 714 scoporum
510 642 822 707 agnoscente3‚
859 640 1012 691 eadem
1048 658 1226 707 quoque
1262 644 1422 688 &nos
1459 637 1728 695 decernimus
1763 656 1815 687 ac
1852 639 2076 689 statuimus

243 714 303 765 de
336 711 577 785 privilegiis
612 711 871 762 sanotissimae
907 711 1105 760 Ecclefiae
1137 709 1548 780 Constantinopolis
1584 727 1710 760 novae
1743 714 1896 763 Romae
1925 746 1937 757 .
1973 713 2078 760 Etc-

244 788 338 837 nim
374 787 566 852 antiquae
613 787 765 832 Romae
800 784 961 833 throno
995 819 1008 842 ,
1059 779 1180 849 quod
1215 780 1316 829 urbs
1352 781 1429 834 illa
1476 782 1713 847 ,imperaret
1741 818 1754 842 ‚
1801 785 1894 850 jure
1930 784 2077 828 Patres

242 856 476 924 privilegia
511 853 755 904 tribuerunt
783 890 795 902 .
832 857 890 902 Et
926 851 1081 902 eadem
1114 850 1457 904 consideratione
1493 852 1605 900 moti
1640 866 1817 905 centurn
1858 848 2077 918 quinqua-

239 928 367 989 ginta
402 927 492 978 Dei
527 924 803 976 amantissimi
853 921 1057 991 Episcopi
1092 921 1345 972 sanotissimo
1378 939 1502 971 novae
1536 925 1689 971 Romae
1735 922 1899 975 throno
1935 938 2079 988 aequa-

239 996 301 1046 lia
335 995 568 1064 privilegia
603 995 845 1059 tribuerunt
870 1030 884 1055 ,
920 994 1032 1047 recte
1068 990 1310 1059 judicantes
1347 991 1497 1046 urbem
1513 1028 1526 1052 ,
1561 1010 1660 1059 quae
1694 996 1739 1042 &
1755 993 1958 1061 ‘imperio
1986 1029 1999 1054 ,
2036 996 2079 1040 &

239 1063 391 1115 senatu
425 1067 639 1120 honorata
672 1065 725 1120 fit
761 1102 775 1126 ‚
808 1068 853 1114 δε
888 1062 1123 1131 aequalibus
1159 1081 1259 1112 curn
1296 1062 1589 1129 antiquissima
1623 1065 1775 1126 regina
1809 1067 1954 1116 Roma
1989 1064 2079 1131 pri-

239 1137 416 1200 vilegiis
452 1136 644 1198 fruatur,
680 1138 816 1189 etiam
852 1137 898 1183 in
934 1134 1059 1183 rebus
1085 1132 1420 1192 Ecckfiasticis,
1456 1150 1544 1181 non
1571 1132 1687 1185 secus
1722 1151 1774 1182 ac
1800 1135 1922 1186 illam
1956 1169 1970 1193 ,
2005 1151 2079 1181 εχ-

241 1207 343 1255 tolli
379 1224 432 1257 ac
466 1206 708 1270 magnifieri
737 1244 751 1269 ‚
789 1203 1016 1262 secundam
1051 1203 1148 1274 post
1183 1203 1305 1257 illam
1341 1200 1594 1271 existentem
1629 1223 1641 1252 :
1678 1207 1744 1252 Ut
1779 1207 1823 1254 ,δε
1859 1205 2076 1264 Ponticae,

237 1280 286 1325 δε
318 1276 504 1337 Afianae,
545 1281 589 1327 δε
625 1278 823 1331 Thraciae
858 1273 1070 1330 Dioecefis
1108 1274 1439 1341 Metropolitani
1475 1270 1591 1333 soli,
1626 1271 1833 1340 praeterea
1870 1272 2079 1342 Episcopi

234 1344 543 1414 praedictarum
578 1344 843 1402 Dioeceseon
870 1382 883 1407 ‚
918 1363 1015 1412 quae
1050 1343 1146 1393 sunt
1183 1346 1298 1398 inter
1333 1342 1542 1392 Barbaros
1565 1380 1579 1405 ‚
1615 1341 1641 1392 a
1676 1343 1880 1411 praedicto
1918 1345 2079 1392 throno

237 1414 499 1467 sanffiffimae
533 1417 1032 1484 Constantinopolitanae
1067 1414 1266 1468 Ecclesiae
1299 1412 1555 1463 ordinentur
1591 1433 1603 1463 :
1646 1418 1929 1480 Unoquoque
1966 1413 2078 1462 scili-

236 1502 311 1535 cet
358 1487 656 1555 praedictarum
704 1484 967 1543 Dioeceseon
1015 1486 1364 1553 Metropolitano
1411 1501 1511 1532 curn
1559 1487 1801 1533 Provinciae
1851 1483 2077 1552 Episcopis

236 1560 481 1608 Provinciae
516 1557 757 1626 Episcopos
792 1555 1023 1606 ordinante
1057 1593 1070 1617 ‚
1119 1553 1499 1623 quemadmodum,
1526 1551 1688 1604 divinis
1724 1555 1979 1603 Canonibus
2014 1555 2077 1607 est

238 1626 453 1676 traditum
489 1650 503 1686 3
538 1627 732 1682 ordinari
769 1643 915 1676 autem
949 1665 962 1688 ‚
999 1626 1106 1677 ficut
1141 1624 1303 1678 diCtum
1339 1624 1401 1674 est
1435 1661 1448 1684 ‚
1485 1623 1779 1691 praedidtarum
1817 1624 2078 1677 Dioeceseon

238 1699 610 1764 Metropolitanos
647 1696 674 1746 ὲ
709 1697 1206 1764 Constantinopolitano
1240 1693 1616 1763 Archi-Episcopo
1652 1732 1667 1757 ,
1713 1695 2078 1752 convenientibus,

237 1764 295 1818 de
329 1784 451 1817 more
493 1767 615 1816 facitis
651 1767 959 1827 electionibus,
993 1772 1037 1816 &
1072 1765 1128 1815 ad
1164 1762 1304 1834 ipsum
1340 1765 1516 1815 relatis.

1195 1936 1339 1972 nostrum
1353 1951 1363 1971 .·
1390 1946 1506 1982 utpote
1516 1936 1636 1972 faedum
1648 1937 1866 1982 undequaque
1884 1938 1918 1972 &
1930 1939 2076 1975 maculo*

462 1941 900 2011 scHoLloN.

349 2085 383 2120 Ic
405 2085 451 2120 est
477 2087 598 2122 Canon
613 2112 624 2128 ,
652 2100 750 2131 quem
771 2089 839 2130 jure
859 2089 976 2124 merito
1002 2089 1125 2132 semper

373 2134 542 2172 damnavit
569 2138 724 2173 Romana
751 2139 890 2183 Ecclesia
914 2163 925 2179 ,
964 2138 998 2170 ὅ(
1019 2138 1128 2172 adver-

237 2185 312 2218 sfim
321 2196 420 2228 quem
431 2187 465 2221 in
478 2188 591 2221 litteris
615 2188 656 2222 ad
669 2186 869 2224 Anatolium
882 2188 1122 2223 Constantino-

237 2234 424 2280 politanum
442 2237 643 2281 Episcopum
657 2263 667 2278 ,
693 2238 768 2281 ejus·
782 2241 946 2273 austorem
973 2237 1125 2272 ambitio-

238 2286 310 2319 sum
325 2296 425 2330 atque
445 2287 690 2331 impetratorem
701 2313 712 2329 ,
738 2283 996 2336 ati-,Mattianum
1009 2288 1124 2332 Augu-

235 2335 323 2369 stum
338 2360 348 2376 ‚
376 2336 624 2382 Augustamque
647 2337 855 2373 Pulcheriam
879 2363 889 2379 ,
915 2338 983 2380 ejus
1005 2338 1123 2371 confir-

236 2386 420 2420 mationem
442 2387 662 2431 postulantes‚
689 2401 749 2422 nec
772 2400 840 2422 non
866 2388 906 2422 ad
930 2388 1121 2421 Maximum

237 2435 490 2472 Antiochenum
511 2438 756 2478 patriarcham,
783 2439 839 2481 qui
862 2439 895 2472 in
920 2438 1026 2481 ipsum
1037 2438 1121 2471 vide-

237 2495 290 2519 tur
301 2487 490 2521 consenfiffe
504 2511 515 2527 ,
542 2488 761 2531 potentissime
783 2488 893 2522 scribit
906 2490 1040 2522 Sanctus
1055 2488 1123 2521 Leo

237 2535 385 2581 Magnus
410 2563 417 2569 .
455 2538 528 2571 Effe
563 2538 646 2572 dicit
682 2539 859 2574 Canonem
886 2538 1123 2577 ambitiosum,

238 2586 383 2619 Nicaenis
394 2587 611 2628 Canonibus,
636 2589 693 2631 qui
716 2589 831 2633 spiritu
849 2589 917 2622 Dei
940 2588 1067 2622 conditi
1089 2588 1123 2621 &

238 2636 342 2669 totius
353 2637 658 2673 mundireverentia
680 2638 858 2673 consecrati
882 2638 961 2672 solvi
977 2649 1042 2671 non
1055 2639 1125 2681 pos-

238 2686 315 2718 sunt
338 2710 347 2725 ,
374 2686 541 2724 adversum
563 2712 574 2727 ‚
602 2687 830 2723 Alexandrino
851 2689 884 2722 Ec
907 2687 1123 2722 Antiocheno

233 2734 434 2770 Patriarchis
459 2749 497 2772 ac
524 2737 625 2771 tribus
652 2737 891 2781 Autocephalis
929 2738 1123 2782 primatibus

238 2784 434 2827 injuriosum
460 2811 471 2826 ,
496 2788 598 2821 totius
618 2788 844 2824 Ecclefiasticae
864 2800 920 2832 per
941 2788 1123 2832 Apostolos

239 2835 633 2873 constitutaeHierarchiae
655 2839 854 2875 everfivum:
882 2838 945 2872 Per
967 2850 1043 2872 eum
1064 2837 1126 2871 cal-

240 2885 307 2918 cari
329 2887 574 2930 antiquitatem,
601 2889 819 2925 Ecclefiarurn
842 2888 1034 2933 privilegia,
1062 2889 1123 2921 Or-

240 2934 454 2974 dinationum
479 2937 723 2982 Episcopalium
749 2939 819 2982 jura
842 2963 854 2978 .
883 2939 1025 2983 quietem
1053 2949 1122 2972 om-

240 2984 335 3023 nium
356 2985 623 3022 provinciarum.
651 2992 767 3025 Beatus
792 2991 881 3031 Papa
906 2993 984 3027 Leo,
1010 2988 1120 3022 scribit

239 3034 281 3069 ad
303 3036 480 3072 Dardaniae
502 3036 681 3082 Episcopos
703 3039 835 3072 Sanetus
856 3038 1014 3073 Pontifex
1027 3037 1123 3072 Gela-

240 3085 301 3119 fius
324 3111 334 3126 ‚
361 3089 443 3129 cujus
464 3088 590 3125 synodus
612 3087 851 3130 Chalcedonensis
878 3089 1054 3122 auclarztate
1071 3088 1123 3130 fir-

239 3144 326 3169 mata
336 3135 374 3176 est
386 3161 397 3176 ‚
422 3138 571 3179 quidquid
587 3140 668 3172 ultra
680 3150 770 3181 quam
778 3139 816 3170 ab
838 3141 938 3173 eodem
943 3147 1000 3181 pro
1009 3139 1070 3181 fide
1090 3139 1124 3172 (θ’

239 3192 439 3219 communione
452 3186 607 3221 catholica
623 3198 714 3230 atque
730 3188 884 3230 apostolica
907 3190 966 3223 illic
975 3191 1123 3234 agendum

241 3236 382 3278 constaret
393 3237 447 3280 effe
468 3237 654 3280 delegatum,
675 3246 732 3279 per
744 3236 910 3278 occafionem
929 3245 1124 3283 congregatio-

241 3292 290 3318 ms
311 3288 390 3320 illius
409 3294 525 3328 praeter
546 3291 687 3324 Nicaenos
710 3291 845 3320 Canones
867 3301 949 3322 nova
968 3291 1123 3323 videretur

242 3336 294 3378 effi?
319 3337 430 3372 afflone
463 3345 612 3371 tentatum
631 3358 642 3381 ,
667 3343 838 3379 competenti
861 3339 1042 3384 refutatione
1069 3351 1122 3376 va-

243 3391 363 3421 creavit,

292 3437 432 3480 Optimo
464 3437 540 3474 sane
565 3438 632 3482 jure
658 3436 811 3474 vacuavit
837 3435 925 3473 hunc
949 3439 1122 3474 Canonem

1158 3073 1167 3586 l

1195 1989 1263 2021 sum
1275 1989 1365 2022 vario
1384 1999 1507 2022 errore.
1536 1987 1651 2022 Primo
1662 1988 1752 2022 enim
1775 1988 1939 2032 perperam
1965 1990 1996 2022 se
2009 1990 2080 2022 fun·

1192 2037 1293 2072 datin
1304 2038 1403 2073 tertio
1417 2039 1557 2073 Canone
1578 2039 1686 2081 primae
1697 2039 1827 2080 synodi
1841 2038 2080 2076 Constantino-

1194 2088 1361 2131 politanae.
1390 2087 1482 2134 Qid
1506 2088 1548 2122 de
1570 2087 1627 2121 illo
1639 2088 1774 2121 Sanctus
1786 2088 1968 2127 Damasus,
1996 2089 2078 2132 quid

1193 2139 1327 2172 Sanctus
1341 2139 1434 2177 Leo,
1460 2138 1540 2181 quid
1551 2137 1606 2170 alii
1618 2136 1765 2171 Romani
1779 2137 1976 2176 Pontifices,
1997 2138 2077 2182 quid

1187 2188 1295 2221 omnis
1308 2188 1426 2223 Latina
1443 2186 1583 2222 Ecclesia
1594 2210 1605 2225 ‚
1629 2187 1708 2230 quid
1722 2187 1926 2231 AEgyptiaca
1946 2188 2077 2223 Dioece-

1185 2236 1225 2270 ss
1253 2262 1264 2277 ,
1288 2233 1367 2280 quid
1395 2237 1573 2272 Dioscorus
1600 2235 1845 2271 Alexandrinus
1872 2238 2074 2281 Episcopus,

1185 2287 1262 2330 quid
1281 2286 1322 2320 de
1347 2286 1405 2319 illo
1417 2287 1547 2321 senserit
1572 2285 1771 2331 quandoque
1795 2289 1860 2332 ipse
1874 2287 2054 2323 Anatolius
2068 2314 2080 2331 ,

1185 2337 1275 2380 supra
1287 2337 1332 2370 est
1353 2335 1481 2371 abunde
1505 2337 1674 2375 ostensum
1691 2362 1698 2369 .

1232 2387 1384 2421 Secundo
1414 2387 1528 2422 falsum
1556 2387 1601 2421 est
1624 2411 1635 2427 ‚
1661 2388 1753 2431 quod
1779 2387 1906 2424 throno
1933 2390 2075 2433 antiquae

1184 2437 1300 2470 Romae
1323 2436 1434 2471 Patres
1456 2439 1508 2471 seu
1532 2437 1689 2471 Canones
1709 2438 1884 2474 tribuerint
1910 2439 2074 2474 Primatus

1183 2486 1362 2532 privilegia
1388 2511 1395 2518 .
1436 2488 1571 2522 Etenim
1600 2487 1769 2522 adversum
1797 2488 1864 2523 haec
1888 2491 2015 2524 somnia
2037 2494 2072 2523 in

1184 2538 1303 2572 litteris
1325 2538 1364 2571 ad
1377 2538 1562 2572 Orientales
1575 2538 1755 2581 Episcopos
1779 2541 1915 2573 Sanetus
1927 2540 2074 2574 Gelafius

1183 2586 1341 2620 Pontifex
1353 2587 1468 2621 diserte
1489 2588 1569 2621 dicit
1584 2588 1742 2623 Romanae
1754 2586 1926 2623 Cathedrae
1947 2590 2073 2632 privile-

1183 2638 1237 2681 gia
1257 2639 1319 2671 effe
1340 2637 1450 2678 Chrtsti
1475 2637 1641 2678 constituta
1666 2663 1673 2671 .
1701 2638 1803 2674 Periit
1828 2649 1887 2672 aut
1914 2639 1994 2673 latet
2015 2639 2071 2678 illa

1185 2686 1329 2730 Epistola
1345 2710 1355 2727 ,
1381 2687 1451 2730 ejus
1463 2696 1573 2724 tamen
1584 2689 1809 2732 fragmentum
1835 2689 1899 2722 suis
1912 2690 1953 2723 ad
1967 2689 2072 2724 Galli-

1183 2748 1283 2771 canos
1309 2737 1489 2782 Episcopos
1514 2738 1631 2774 litteris
1655 2739 1810 2777 insertum
1832 2738 2005 2776 transmisit
2026 2740 2069 2774 ad

1185 2797 1245 2820 nos
1266 2787 1428 2821 Nicolaus
1449 2789 1571 2830 primus
1594 2789 1751 2822 Pontifex
1775 2813 1785 2829 ,
1813 2789 1918 2831 ipsum
1938 2789 2070 2835 egregie

1183 2836 1371 2876 elucidans,
1396 2838 1641 2883 &adjungens.
1671 2840 1837 2883 Privilegia
1858 2837 1914 2882 sua
1931 2848 1990 2882 per
2013 2843 2070 2874 Pe-

1183 2894 1262 2920 trum
1273 2889 1291 2920 ῖι
1303 2887 1417 2928 Christo
1439 2887 1588 2932 consecuta
1599 2889 1637 2930 est
1649 2892 1783 2926 Romana
1795 2888 1920 2932 Ecclefia
1930 2914 1938 2921 .
1967 2890 2068 2923 Eccle-

1175 2936 1228 2978 fiae
1245 2962 1256 2978 ‚
1282 2944 1404 2980 inquam
1417 2961 1428 2976 ‚
1454 2941 1600 2972 Romana
1621 2938 1772 2983 adebsunt
1792 2944 1919 2982 amiqua
1942 2942 1976 2973 (¹2⁶
1989 2949 2068 2973 vete-

1180 2996 1251 3020 rata
1272 2989 1461 3032 privilegia,
1486 2998 1521 3022 ut
1543 2994 1677 3025 Nlcaena
1697 2991 1826 3028 synodus
1848 3013 1860 3032 ,
1880 2988 1954 3031 ficut
1977 2993 2068 3023 Boni-

1173 3037 1278 3078 fact'us
1292 3037 1411 3081 Praesul
1424 3038 1597 3080 apostolicus
1610 3065 1622 3083 ‚
1647 3035 1802 3082 Epifi·opis
1821 3048 1879 3081 per
1891 3039 2066 3082 Thessaliam

1178 3088 1338 3128 constitutis
1356 3086 1489 3130 scribens
1506 3113 1516 3128 ‚
1542 3094 1609 3128 ait,
1635 3089 1743 3123 NON
1765 3089 2067 3137 ALIQUIDSU-

1181 3136 1276 3170 PRA
1298 3136 1404 3170 EAM
1430 3137 1564 3172 AUSA
1589 3139 1664 3173 SIT
1683 3139 2068 3177 CONSTlTUERE,

1181 3186 1296 3221 CUM
1331 3186 1555 3221 VIDERET
1580 3188 1717 3225 NIHIL
1743 3188 1904 3225 SUPRA
1928 3188 2063 3221 MERI-

1181 3237 1303 3271 TUM
1326 3236 1478 3271 SUUM
1500 3237 1639 3273 POSSE
1666 3238 1914 3273 CONFERRI
1936 3262 1946 3277 ,
1974 3239 2066 3272 OM-

1181 3286 1262 3322 NIA
1279 3285 1511 3334 DENIQJE
1523 3288 1653 3323 HUIC
1666 3286 1911 3326 NOVERAT
1923 3288 2065 3327 DOMI-

1182 3337 1231 3373 NI
1246 3337 1479 3375 SERMONE
1494 3337 1764 3375 CONCESSA.
1793 3337 1907 3374 Latuit
1930 3337 1996 3372 huc
2018 3339 2066 3372 us·

1180 3436 1294 3472 diebus
1315 3438 1355 3472 ab
1368 3437 1594 3474 Eruditiffimo
1605 3437 1696 3473 Luca
1718 3437 2064 3526 Holsteniostirlisspo-

1925 3501 1945 3524 0
1961 3499 2011 3526 lca»

2093 2613 2230 2653 Epist-42.

1180 3398 1243 3431 que
1263 3386 1362 3421 &ma
1385 3389 1490 3422 Sanni
1504 3388 1670 3424 Bonifacn
1685 3387 1852 3431 Epistola:
1880 3387 1965 3426 Eam
1976 3388 2064 3422 hisce
2086 3376 2200 3416 Epist-⁹·
