2340 3736
59 818 89 846 I.-
107 827 169 852 107.

50 1122 122 1162 Cap.
134 1132 158 1160 5.

68 3052 154 3090 Epist.
175 3058 217 3089 65.
251 3089 254 3091 ,

69 3102 94 3124 c.
117 3103 140 3122 1.

653 130 718 158 Dr.
754 126 988 172 Quru'rA
1024 112 1262 157 SYNODO
1298 124 1667 158 sensuram.-

1868 129 1953 167 191

223 203 358 249 cumsuis
366 200 552 241 afflatibus.
577 201 722 235 Omnem
733 199 903 237 Orientem
917 225 927 240 ‚
954 199 1093 244 Regiam
1151 191 1269 240 fontem
1290 201 1353 229 Aru·
1374 220 1384 236 ‚
1406 197 1596 238 percusserunt
1618 224 1624 230 .
1651 200 1835 235 Damnantes
1856 204 1937 232 enim
1958 210 2027 239 eos,

222 258 389 290 civitatem
409 249 420 293 ',
449 249 605 286 Ecclefias
631 252 734 294 plures
755 274 766 290 ,
791 250 936 285 Clericos
961 275 972 290 ,
998 261 1097 294 popu-

1158 254 1209 290 qui
1233 248 1345 281 Filium
1368 248 1405 279 de
1426 249 1528 279 Patris
1541 258 1646 289 negant
1670 250 1720 292 esse
1734 247 1920 292 substantia,
1947 249 2030 283 illum

224 305 274 339 los
292 327 304 344 ,
331 301 510 337 monachos
530 325 540 341 ,
567 301 836 339 monasteriorum
859 301 1000 344 quietem
1013 298 1098 334 hisce
1155 303 1292 339 pariter,
1318 301 1473 339 Ariumque
1482 296 1723 331 damnaverunt.
1747 299 1841 333 Licet
1852 298 2028 342 Origenem

223 351 418 391 clamoribus
428 349 684 385 conturbabant.
713 350 978 385 Adversumillos
1005 349 1101 391 Joan-

223 415 265 438 ne
275 401 503 435 Antiochenus
518 401 674 436 adunavit
685 401 857 444 Synodum
869 424 879 439 ,
904 398 1022 441 scripsit
1036 408 1098 432 tres

222 452 365 486 laudatas
376 451 545 494 synodales
559 451 718 496 Epistolas
730 475 741 491 ‚
767 449 980 493 purgavitque
990 447 1102 482 Theo·

222 502 340 535 dorum
363 523 373 540 ‚
397 498 599 536 convincens
621 499 800 536 monachos
823 498 899 532 istos
920 498 981 532 effe
1001 496 1101 541 Apol-

223 551 377 584 linaristas
397 575 403 580 .
440 552 503 587 Sed
524 554 556 587 &
580 552 682 587 distos
706 548 826 592 Cyrilli
848 547 948 582 libros
968 548 1099 591 quidam

223 601 313 642 ajunt
324 599 381 633 sub
392 601 460 645 ejus
481 601 683 636 nomineeffe‘
705 599 878 634 confid'tos.
909 599 1042 642 Joannis
1054 609 1100 631 ve-

223 650 317 694 stigia
338 652 468 686 secutus
488 653 532 685 est
556 651 710 684 successor
734 648 887 681 Domnus
901 672 910 687 ,
938 645 1023 682 &de
1044 648 1099 680 Bs-

223 700 292 733 silio
317 724 326 739 ,
362 701 422 745 qui
444 701 500 734 sub
521 701 676 734 Flaviano
697 698 836 731 secundo
860 696 1045 735 patriarcha
1069 698 1102 731 &

224 749 395 784 Anastasio
419 749 569 794 Augusto
594 748 722 786 floruit,
748 747 894 782 Ecclefiae
922 747 1103 782 Antioche-

223 811 272 832 nae
291 799 488 842 Presbytero
519 797 614 832 habet
637 798 671 831 in
707 796 912 832 Bibliotheca
946 797 1102 834 Phorius:

226 850 386 882 Diodorum
421 857 512 890 atque
532 847 711 880 Theodorum
742 850 849 881 Patres
875 848 980 880 laudat
1003 873 1010 880 .
1047 846 1103 882 Ab

223 897 341 932 eodem
365 897 486 940 culpari
509 898 553 931 ait
575 898 727 941 Capitula
750 897 853 931 Sancti
876 896 995 940 Cyrilli
1018 922 1024 929 .
1050 899 1102 932 Ex

225 958 292 990 quo
313 947 461 990 perspicis
484 946 571 980 hisce
592 947 633 981 de
656 946 829 980 Theodori
851 956 959 981 mente
980 946 1014 981 &
1038 948 1104 981 sen-

224 992 509 1041 fix'quaestionibus
533 996 707 1031 Ecclesiam
729 995 853 1030 dudum
886 997 978 1031 fuisse
998 999 1101 1032 arieta-

225 1056 312 1081 tam.
340 1046 441 1082 Reste
465 1047 555 1081 enim
579 1046 613 1081 in
626 1046 709 1080 libro
731 1046 771 1080 de
792 1047 933 1080 utilitate
953 1047 1102 1081 credendi

225 1095 337 1131 scribit
357 1096 489 1130 Sanctus
515 1097 719 1141 Augustinus
741 1110 751 1130 .·
780 1097 898 1140 ,Quibus
923 1103 1103 1140 argumentis

225 1145 358 1189 abfhntls
374 1148 425 1179 vel
432 1152 540 1186 mortui
564 1146 688 1179 bominis
699 1148 882 1180 voluntatem
897 1147 941 1178 itt?
951 1148 1081 1190 colligam
1094 1172 1104 1187 ‚

225 1206 259 1229 ut
271 1197 307 1228 de
319 1196 373 1228 illa
376 1198 484 1237 jurare
499 1198 618 1238 poffim?
645 1198 720 1229 Cum
731 1195 846 1238 etiamsi
855 1193 991 1238 praeftns
1015 1202 1105 1229 inter-

225 1252 393 1287 rogaretur,
419 1247 513 1277 multa
534 1246 583 1288 effe
601 1246 711 1288 poffbnt
726 1271 736 1287 ‚
761 1257 828 1287 quae
849 1269 860 1284 ,
880 1245 911 1287 fi
929 1246 1024 1278 malus
1048 1256 1104 1278 non

224 1293 309 1337 effre,
335 1293 512 1336 offictost'ffime*
531 1293 736 1336 absconderet.
763 1295 830 1329 Res
854 1295 898 1327 ita
922 1295 1035 1328 manfit
1059 1296 1103 1328 us-

226 1355 290 1387 que
299 1343 339 1376 ad
352 1342 568 1386 Iustinianum
591 1344 776 1388 Augustum
791 1368 801 1383 ,
826 1344 859 1378 ὅ(
872 1354 981 1377 motus
1003 1342 1044 1378 de
1054 1345 1103 1378 tri-

227 1392 288 1427 bus
313 1393 491 1435 Capitulis.
520 1393 613 1429 Tum
628 1393 719 1436 plene
739 1392 890 1427 discussus
903 1394 962 1428 suit
988 1405 1028 1428 ex
1043 1395 1105 1427 suis

227 1442 354 1485 scriptis
367 1441 565 1478 Theodorus
576 1468 585 1483 ,
606 1443 639 1477 &
652 1456 719 1477 non
732 1443 859 1478 tantum
871 1442 963 1477 verba
974 1466 984 1482 ‚
1009 1444 1062 1477 sed
1073 1444 1104 1477 &

225 1493 314 1526 {ensa
330 1492 525 1528 Nestor-iana
535 1491 681 1527 habuisse
691 1493 850 1536 judicatus
861 1517 868 1525 .
895 1493 981 1526 Istud
994 1494 1105 1526 nostrae

226 1540 350 1584 Synodi
374 1543 531 1586 judicium
551 1543 756 1577 confirmavit
767 1542 898 1578 tandem
919 1543 1026 1577 omnis
1048 1543 1105 1577 sub

227 1591 312 1626 coelo
324 1593 466 1626 Ecclesia
478 1619 488 1633 ‚
509 1593 528 1625 a
540 1604 602 1636 qua
613 1593 758 1636 quisquis
767 1592 957 1626 discordarit
969 1617 978 1632 ,
1005 1594 1107 1626 mani-

225 1641 321 1674 festus
343 1642 387 1675 est
408 1652 581 1676 temerator
603 1654 641 1680 ac
667 1641 794 1677 rebellis
819 1667 826 1675 .
855 1642 1038 1677 Redeamus
1065 1642 1105 1677 ad

229 1690 313 1725 Adia
327 1691 510 1735 synodalia.

1163 358 1228 380 non
1257 347 1478 380 nominarint.
1508 346 1637 388 Alioquin
1661 348 1709 380 hoc
1728 358 1895 392 argumento
1906 358 1955 380 nec
1974 352 2030 380 Va·

1159 398 1288 430 lentinus
1302 420 1312 436 ,
1338 407 1387 429 nec
1398 400 1529 428 Marcion
1543 420 1553 435 ,
1580 407 1630 429 nec
1640 398 1856 442 Cata-Phryges
1870 422 1880 436 ,
1906 408 1954 430 nec
1966 400 2031 429 Ma-

1161 446 1288 480 nichaeus
1298 446 1439 479 damnari
1458 446 1561 478 debent
1573 469 1583 485 ,
1608 452 1677 487 quia
1688 448 1809 483 synodus
1833 453 1963 481 Nicaena
1984 458 2030 480 eos

1162 508 1216 530 non
1227 502 1360 529 nominat
1370 520 1381 537 ,
1406 507 1475 538 quos
1489 497 1565 530 cett&
1579 505 1649 529 ante
1660 497 1800 535 synodum
1815 496 1901 539 fuiffe
1912 508 1967 530 non
1979 497 2033 530 du-

1161 547 1241 579 bium
1250 545 1287 586 est
1299 570 1306 578 .

1212 593 1338 629 Exinde
1361 596 1556 632 Sextilianus
1576 595 1738 629 Tunenfis
1763 595 1796 627 in
1828 593 1937 628 Africa
1961 597 2033 638 Epi-

1163 645 1274 689 scopus
1297 668 1307 684 ,
1332 656 1369 680 ac
1393 647 1526 681 Primofi
1551 644 1812 690 Carthaginenfis
1845 642 2035 688 Archi-Epi-

1162 695 1249 739 scopi
1259 694 1409 731 Vicarius
1432 708 1469 730 ac
1484 698 1643 741 Legams,
1669 694 1787 738 prodiit
1809 694 1842 726 in
1866 693 2010 728 medium
2024 719 2034 734 ,

1162 745 1196 781 &
1216 746 1350 780 adduxit
1374 747 1461 780 varia
1485 746 1592 780 Sanni
1618 744 1793 790 Augustini
1826 743 2011 777 testimonia
2028 767 2038 784 ‚

1162 795 1277 839 quibus
1288 796 1500 831 Caecilianum
1513 794 1806 839 Carthaginensem
1816 794 1896 827 olim
1921 791 2038 827 Archi-

1163 846 1360 890 Episcopum
1372 869 1383 885 ‚
1409 846 1443 880 in
1458 845 1605 879 Ecclefiae
1618 855 1697 887 pace
1713 844 1899 877 defunctum
1910 868 1921 882 ,
1947 844 2038 876 dum-

1164 894 1291 930 modda
1318 896 1499 930 Donatistis
1510 905 1631 928 nocens
1656 892 1864 938 probaretur,
1890 893 2042 935 protesta-

1163 955 1214 979 tus
1233 945 1278 980 est
1302 947 1362 980 sese
1382 943 1651 979 anathematizare
1674 954 1835 988 paratum.
1865 942 1906 975 Et
1933 942 2040 977 revera

1164 995 1406 1030 interstinctum
1430 996 1649 1039 Augustinum
1665 1018 1674 1033 ,
1701 992 1802 1027 immo
1821 1003 1955 1026 orn-nem
1979 993 2042 1027 Ca-

1165 1043 1321 1078 tholicam
1341 1045 1536 1085 Ecclesiam,
1561 1046 1594 1079 &
1619 1044 1808 1078 Donatistas
1834 1044 1896 1076 fuit
1910 1044 2041 1085 quaestio

1166 1094 1229 1128 haec
1240 1095 1358 1137 agitata
1371 1120 1378 1126 .
1405 1095 1589 1128 Adversum
1602 1092 1735 1127 affiduas
1747 1091 1863 1126 horum
1875 1093 1909 1125 in
1930 1093 2042 1126 desun-

1165 1145 1250 1187 ἅψῃ
1271 1142 1485 1177 Caecilianum
1506 1143 1749 1177 criminationes
1771 1143 1872 1176 suerat
1892 1142 2040 1185 frequens

1166 1193 1272 1227 Sansti
1294 1193 1472 1236 Augustini
1494 1194 1694 1236 querimonia
1718 1217 1729 1232 ,
1765 1198 1868 1236 Arguis
1895 1194 1977 1234 apud
1997 1204 2042 1224 me

1166 1254 1234 1282 eos,
1261 1253 1330 1284 quos
1334 1245 1406 1284 jam
1426 1244 1493 1275 olim
1503 1242 1654 1283 dffunc‘los
1676 1253 1741 1274 mea
1750 1247 1869 1285 cognitio
1896 1254 1953 1275 non
1958 1244 2043 1284 judi-

1166 1298 1268 1334 cavit3
1295 1292 1434 1334 reposuit
1447 1292 1523 1325 vero
1536 1291 1729 1325 Cresconius
1740 1292 1932 1325 Donatista:
1961 1296 2043 1325 Licet

1169 1342 1223 1375 tibi
1234 1343 1267 1375 (¹5
1281 1340 1365 1374 hodie
1369 1343 1506 1382 judicare
1516 1365 1526 1380 ,
1551 1342 1733 1382 &judicium
1743 1352 1798 1372 non
1813 1344 1928 1374 tantum
1952 1343 1987 1373 de
1997 1347 2043 1374 vi-

1167 1397 1218 1424 vis
1230 1416 1239 1431 ,
1261 1389 1317 1433 sed
1331 1397 1419 1424 etiam
1431 1392 1466 1424 de
1477 1397 1599 1423 mortuis
1611 1390 1714 1423 haberi
1731 1390 1823 1431 potest
1838 1415 1843 1421 .
1873 1393 1955 1423 Licet
1967 1395 2043 1423 enim

1161 1440 1199 1482 fit
1209 1450 1338 1482 mortuus
1351 1466 1359 1478 ‚
1385 1448 1436 1483 qui
1452 1447 1588 1482 peccavit
1600 1466 1609 1481 ,
1638 1452 1790 1482 nunquam
1801 1441 1878 1472 illud
1899 1446 2022 1472 moritur
2036 1464 2047 1479 ‚

1166 1492 1246 1531 quod
1255 1490 1382 1530 admifit.
1412 1491 1454 1523 Et
1469 1491 1673 1532 Responsum
1687 1490 1769 1523 istud
1782 1491 1914 1523 Sanctus
1932 1489 2048 1533 Augu-

1171 1541 1272 1572 stinus
1282 1538 1422 1573 omnino
1443 1539 1610 1582 probavit:
1637 1544 1712 1573 Ecce
1724 1542 1786 1573 volo
1809 1541 1968 1580 judicare,
1990 1537 2050 1581 sed

1169 1601 1222 1622 vos
1231 1588 1350 1631 causam
1362 1587 1457 1631 ipsam
1470 1601 1527 1622 non
1539 1590 1633 1622 vultis
1660 1602 1745 1632 agere
1758 1615 1764 1621 .
1795 1589 1875 1636 Qae
1889 1589 1968 1622 ledia
1983 1599 2049 1622 ver-

1169 1639 1207 1673 ba
1220 1640 1333 1683 grandi
1358 1640 1518 1680 praeconio
1544 1640 1669 1681 excepit
1680 1639 1855 1682 Benignus
1882 1639 2049 1671 Heracleae

1169 1690 1232 1731 (a)
1245 1689 1280 1722 in
1291 1686 1512 1732 Paphlagonia
1540 1689 1720 1732 Episcopus
1735 1712 1744 1727 ‚
1771 1700 1808 1721 ac
1824 1688 1902 1721 Eliae
1915 1688 2051 1721 Themi-

1171 1738 1340 1771 lonicenfis
1363 1737 1631 1781 Archi-Episcopi
1657 1739 1805 1771 vicarius
1825 1739 1859 1772 ὃς
1882 1738 2023 1782 Legatus
2039 1762 2049 1777 ,

1167 1788 1287 1821 addens
1308 1787 1393 1821 hanc
1417 1788 1478 1821 effe
1501 1799 1684 1831 perpetuam
1699 1788 1909 1822 traditionem
1937 1788 2052 1821 Eccle-

1166 1837 1213 1869 fiae
1232 1862 1242 1877 ,
1269 1837 1468 1881 probansque
1489 1837 1637 1880 exemplo
1671 1837 1844 1871 Valentini
1872 1862 1882 1878 ,
1909 1838 2051 1871 Marcio—

227 1861 445 1910 Trclffatlff
476 1899 489 1922 9
526 1868 587 1909 ΑΗ
628 1861 832 1931 EleE'OJDMs
871 1869 907 1911 in
932 1864 1100 1929 ECClfie
1146 1857 1237 1924 lnis,
1263 1886 1429 1926 Baiilidis,
1454 1888 1636 1926 Eunomii,
1663 1885 1861 1929 Apollinarii
1881 1912 1892 1926 ,
1924 1887 1957 1919 ὅτ.
1985 1887 2053 1929 plu-

338 1948 432 2001 pace
457 1932 644 1998 defimfflis
674 1931 793 2000 pofflt
819 1934 993 1982 damnari

530 2001 612 2069 PQst
630 2019 784 2050 mortem
794 2038 806 2050 0

231 2120 363 2206 POst
385 2120 637 2156 Theodoretum
647 2135 688 2157 ex
708 2133 759 2157 tot
779 2123 971 2160 testimoniis
997 2127 1108 2170 proba-

327 2180 397 2205 tum
422 2171 604 2206 haereticum
626 2197 636 2212 ,
670 2174 854 2208 examinare
873 2175 1025 2218 Synodus
1046 2189 1107 2211 coe-

230 2223 278 2265 pit
290 2221 483 2264 jamdictam
495 2223 723 2264 quaestionem.
755 2224 798 2257 Et
810 2226 966 2268 quoniam
988 2237 1108 2269 partem

230 2272 418 2315 negativam
441 2283 482 2305 ex
502 2273 621 2305 Sancto
634 2274 801 2315 praesertim
827 2274 978 2316 Cyrillo‚
1006 2276 1108 2319 Ephe-

230 2321 334 2354 finam
355 2321 526 2363 synodum
538 2333 592 2364 per
616 2323 702 2356 vices
717 2324 919 2365 Apostolicas
942 2326 1110 2358 moderan-

232 2372 287 2410 te,
311 2370 459 2414 probarat
481 2372 515 2404 in
541 2372 598 2404 suo
620 2371 809 2406 Constituto
833 2373 976 2417 Vigilius
995 2375 1108 2408 Ponti-

233 2421 287 2454 fex
314 2445 324 2460 ‚
362 2419 523 2454 Photinus
556 2421 701 2455 Ecclesiae
736 2422 1109 2467 Constantinopolitanae

232 2469 405 2503 Diaconus
424 2470 458 2502 δε
472 2469 628 2503 Notarius
647 2481 722 2504 ante
733 2472 932 2516 omnialegit
956 2485 996 2507 ex
1011 2476 1114 2518 primo

235 2518 378 2561 ejusdem
390 2519 511 2561 Cyrilli
531 2519 678 2552 adversus
690 2519 908 2556 Theodorum
923 2523 1006 2558 libro
1030 2525 1113 2558 testi-

235 2570 384 2601 monium
399 2593 409 2607 ,
437 2568 621 2601 adseverans
633 2569 823 2604 recusandos
845 2571 1009 2607 haereticos
1022 2599 1032 2613 ,
1050 2574 1115 2615 five

236 2624 269 2649 in
280 2623 429 2658 vivisfint
442 2642 452 2657 ,
470 2616 534 2657 five
546 2630 619 2650 non.
649 2619 744 2663 Legit
758 2621 835 2654 item
850 2621 937 2655 illius
948 2621 987 2656 ad
1001 2625 1112 2657 Marti-

236 2667 369 2699 nianum
393 2666 514 2700 &alios
525 2667 704 2701 monachos
716 2670 896 2712 Epistolam
908 2695 918 2711 ,
945 2672 1115 2706 adfirman-

236 2727 302 2750 tem
314 2716 355 2749 ab
369 2713 523 2758 Ephefina
536 2717 673 2759 Synodo
701 2720 790 2752 fuisse
806 2731 870 2752 non
885 2721 989 2754 solum
1002 2723 1115 2756 Nesto-

237 2767 323 2799 rium
333 2764 520 2799 damnatum
534 2790 544 2806 ,
571 2766 621 2800 sed
633 2767 810 2808 &omnes,
832 2770 887 2812 qui
900 2781 955 2804 aut
967 2773 1035 2815 post
1063 2782 1116 2805 aut

237 2825 313 2849 ante
326 2815 416 2848 illum
431 2840 441 2855 ‚
454 2826 534 2858 quos
546 2816 626 2850 inter
637 2816 775 2850 omnino
787 2817 986 2855 Theodorus
998 2846 1008 2861 ‚
1034 2821 1116 2855 fimi-

237 2865 281 2898 lia
294 2865 453 2907 sapuerint
466 2876 520 2898 aut
532 2867 716 2909 sapuerunt.
744 2868 844 2915 Qod
856 2868 929 2903 sane
949 2883 1117 2916 argumen-

239 2925 309 2947 tum
322 2926 389 2947 non
410 2914 455 2948 est
472 2914 655 2949 infirmum.
684 2917 818 2951 Nam&
840 2919 971 2953 Sanetus
995 2922 1113 2955 Hiero-

239 2975 359 3005 nymus
372 2964 410 2997 ad
431 2963 679 3000 pammachium
702 2968 734 3000 ἀ
748 2969 918 3002 Oceanum
941 2971 1051 3004 scribit
1073 2973 1113 3005 de

238 3013 386 3047 Patribus
405 3013 532 3057 Synodi
558 3015 697 3050 Nicaenae
720 3030 731 3051 .-
758 3020 904 3052 Latenter
933 3025 1110 3064 wigonem,

250 3163 1099 3181 Ἣ

240 3215 306 3262 (ιι.)
326 3216 430 3250 Nulla
451 3218 538 3258 hujus
559 3220 689 3252 nominis
709 3221 778 3254 urbs
798 3234 934 3264 unquam
954 3225 1014 3259 fuit
1035 3228 1067 3259 in
1086 3228 1202 3269 Paphla

280 3267 311 3288 in
331 3256 427 3297 Afra,
449 3269 511 3291 non
534 3260 624 3291 video

280 3297 379 3344 doniae
396 3322 405 3331 .
436 3299 510 3332 Erat
531 3300 682 3342 Benignus
712 3303 738 3335 E

281 3337 398 3372 Axium
418 3363 427 3378 ‚
447 3343 480 3373 «Sc
501 3341 675 3382 Erigonum
696 3343 750 3376 sita
769 3368 776 3375 .
806 3345 847 3377 Et

280 3378 519 3414 Chalcedonenfi
542 3384 654 3424 legitur
674 3383 846 3425 subscriptus

1146 1927 1249 1994 [rium
1275 1935 1552 1975 Eusebianorum,
1580 1947 1662 1979 quos
1676 1937 1763 1969 nulla
1788 1936 1941 1979 Synodus
1962 1937 2053 1969 dam-

1168 1986 1255 2019 navit
1278 1986 1391 2025 vivos,
1418 1986 1588 2019 defundios
1602 1986 1675 2019 vero
1701 1987 1810 2019 omnis
1825 1987 1888 2020 Dei
1915 1987 2052 2020 Ecclesia

1169 2034 1421 2068 anathematizat
1434 2060 1441 2066 .
1470 2035 1593 2068 Verum
1606 2036 1646 2069 ad
1659 2047 1725 2069 rem
1740 2035 1772 2069 id
1785 2048 1851 2069 non
1864 2046 1931 2069 erat
1945 2049 1952 2068 ε
1977 2035 2052 2068 Isto.

1169 2095 1239 2117 rum
1261 2083 1378 2127 quippe
1403 2084 1511 2118 nullus
1532 2084 1594 2127 fuit
1618 2086 1652 2118 in
1675 2085 1819 2118 Ecclefiae
1844 2097 1920 2126 pace
1940 2085 2052 2119 defun.

1169 2135 1236 2166 stus
1251 2158 1258 2165 .
1285 2133 1429 2167 Perrexit
1453 2133 1620 2177 Benignus
1642 2146 1648 2165 :
1675 2136 1831 2167 sedetiam
1857 2138 2053 2168 Romanorum

1171 2181 1296 2223 Ecclefia
1307 2191 1377 2214 ante
1383 2191 1493 2222 paucos
1504 2195 1598 2215 annos
1613 2183 1778 2226 Dioscorum
1790 2210 1800 2225 ,
1827 2185 1950 2226 quisuit
1966 2188 2053 2227 Papa

1171 2230 1303 2274 ejusdem
1323 2230 1475 2272 Ecclefiae,
1502 2234 1535 2266 (9·
1544 2234 1605 2274 post
1616 2243 1737 2266 mortem
1762 2235 2032 2268 anathematizavit
2044 2259 2054 2274 ‚

1174 2283 1236 2314 cum
1261 2292 1313 2318 nec
1321 2288 1353 2314 tn
1371 2282 1623 2324 fidempeccaſjct.
1651 2287 1696 2315 Et
1707 2283 1862 2328 hocsciunt
1887 2296 1982 2317 omnes
2004 2292 2054 2327 qui

1176 2332 1283 2374 degunt
1303 2335 1404 2364 Romae
1417 2355 1426 2370 ,
1453 2333 1486 2365 (ἓν
1506 2334 1634 2366 mamma²
1657 2339 1750 2375 quim
1772 2334 1966 2378 dignitatibus
1993 2342 2055 2368 exi-

1169 2379 1252 2420 stunt
1263 2405 1272 2418 ‚
1301 2387 1350 2422 qui
1368 2386 1456 2412 etiam
1466 2383 1558 2414 eidem
1573 2381 1706 2424 Dioscoro
1726 2390 1978 2418 communicatores
1986 2394 2054 2426 per-

1176 2428 1343 2473 manserunt
1363 2429 1503 2473 usquead
1524 2441 1667 2465 mortem.
1694 2432 1762 2466 Hic
1774 2434 1817 2466 est
1840 2434 1894 2467 ille
1917 2435 2054 2468 Diosco-

1177 2490 1228 2512 rus
1250 2504 1260 2519 ‚
1287 2481 1447 2513 Romanae
1472 2480 1618 2514 Ecclefiae
1651 2482 1821 2516 Diaconus
1848 2483 2055 2523 cardinalis,

1175 2530 1230 2571 qui
1253 2528 1293 2562 ab
1321 2530 1497 2564 Hormisda
1520 2530 1681 2564 pontifice
1706 2532 1744 2564 ad
1769 2533 1929 2575 Justinum
1944 2536 2055 2576 Augu-

1177 2579 1258 2612 stum
1282 2604 1292 2619 ‚
1320 2579 1475 2613 Acaciani
1495 2579 1677 2614 schismatis
1698 2583 1917 2624 componendi
1939 2585 2054 2624 causa,

1174 2639 1250 2661 cum
1274 2628 1465 2670 quibusdam
1489 2630 1655 2672 Episcopis
1679 2630 1820 2674 Legatus
1839 2658 1849 2672 ‚
1885 2630 2055 2667 adversum

1175 2677 1313 2720 Schytiae
1340 2678 1521 2712 monachos
1541 2680 1573 2712 <Sc
1599 2680 1644 2713 eis
1664 2681 1829 2714 faventem
1840 2682 2055 2726 justinianum

1176 2728 1341 2760 Comitem
1367 2727 1493 2762 strenue
1513 2728 1603 2772 egit,
1629 2730 1736 2764 cuiex
1757 2741 1836 2764 tunc
1862 2732 2054 2766 Romanum

1177 2776 1335 2819 Papatum
1359 2777 1515 2812 ambienti
1539 2777 1757 2813 Patriarcham
1794 2782 2055 2815 Alexandrinum

1179 2827 1419 2867 promifitidem
1444 2828 1599 2861 Pontifex
1612 2853 1622 2867 ‚
1650 2830 1681 2863 δε
1702 2830 1744 2863 de
1758 2842 1823 2873 quo
1842 2831 1874 2864 in
1889 2832 2056 2865 Bonifacii

1179 2876 1385 2909 secundivita
1406 2875 1502 2911 habet
1523 2878 1603 2911 liber
1627 2878 1850 2913 Pontificalis:
1880 2881 2056 2922 Bonifacius

1178 2937 1242 2958 cum
1255 2924 1384 2968 Dioscoro
1404 2929 1554 2960 ordinatur
1561 2926 1618 2970 sub
1639 2936 1820 2962 contentione
1832 2954 1839 2962 .
1867 2933 1932 2973 ,Qui
1944 2930 2056 2973 Diofto-

1179 2986 1228 3007 rus
1241 2976 1391 3008 ordinatur
1403 2988 1434 3008 m
1449 2977 1571 3018 Bafilica
1586 2978 1829 3017 Constantiniana
1840 3005 1851 3020 ‚
1879 2981 2054 3022 Boni-sacius

1179 3028 1288 3058 veroin
1303 3025 1534 3069 BdfiltcaJ'ulii.
1561 3031 1604 3059 Et
1607 3027 1673 3069 fuit
1683 3027 1805 3072 dtfflmfio
1815 3036 1848 3062 in
1857 3030 1940 3063 Clero
1964 3033 2054 3064 &Se-

1933 3091 2007 3115 natu

1204 3230 1296 3270 gonia
1319 3252 1329 3267 ‚
1350 3240 1419 3269 quae
1438 3241 1506 3263 cum
1528 3231 1565 3264 sit
1596 3232 1627 3264 in
1647 3241 1780 3266 extrema
1810 3243 1892 3274 parte
1914 3233 2053 3267 Galatiae

635 3283 645 3298 ,
666 3264 825 3309 quomodo
845 3266 930 3312 illius
951 3267 1124 3301 Provinciae
1143 3270 1308 3311 Episcopus
1331 3272 1412 3303 vices
1433 3281 1536 3312 gerere
1557 3275 1690 3313 potuerit
1712 3274 1923 3313 Metropolitae
1943 3274 2054 3308 Mace-

741 3304 876 3352 prscopus
904 3307 1063 3355 Heraclea:
1083 3311 1115 3341 in
1135 3311 1306 3353 Pelagonia
1326 3333 1336 3349 ‚
1366 3322 1436 3353 quae
1455 3313 1498 3345 est
1528 3325 1617 3354 parva
1646 3314 1838 3347 Macedoniae
1866 3316 1954 3356 regio
1975 3317 2054 3349 inter

866 3356 931 3395 jam
958 3350 1035 3381 olim
1056 3358 1123 3382 turn
1143 3353 1175 3384 in
1196 3352 1369 3385 latrocinali
1390 3362 1541 3386 conventu
1571 3354 1720 3395 Ephcfino
1745 3378 1755 3393 ‚
1785 3364 1850 3388 tum
1879 3357 1910 3388 in
1930 3357 2055 3398 synodo

866 3390 1037 3429 „Quintillus
1057 3394 1200 3424 Heraclex
1222 3394 1398 3425 Macedoniae
1419 3406 1506 3434 agens
1527 3395 1791 3436 vicemAnalitfii
1811 3398 1940 3439 Episcopi
1966 3399 2053 3437 Thes-'-

276 3419 464 3463 salonicenfis
479 3447 486 3453 .
507 3425 554 3456 Ita
575 3427 608 3456 δε
630 3426 661 3456 in
681 3426 805 3458 Svnodo
827 3427 868 3458 V.
890 3429 1043 3471 Benignus
1063 3431 1223 3467 Heraclcae
1243 3433 1433 3467 Macedoniae
1453 3436 1542 3476 gestit
1562 3437 1643 3470 vices
1664 3436 1743 3476 Εὔας
1762 3438 1795 3471 T
1797 3438 2051 3472 hellaloniccnfis.

284 3460 375 3500 Nor-is
394 3465 425 3494 in
445 3465 562 3505 Differt.
581 3467 614 3496 de
633 3469 664 3498 V.
685 3468 794 3509 Synodo
816 3471 887 3509 Cap.
901 3472 947 3502 IV.

799 3562 811 3580 ‘a

2066 1515 2198 1551 L.3.c·39.
