2340 3736
57 1240 125 1273 Post
141 1241 197 1280 Ep.

63 1286 110 1317 65.

57 1319 161 1356 &elan
173 1330 198 1350 ι.

70 2649 135 2681 Post
154 2651 206 2687 Ep.

72 2707 170 2760 Relat.
184 2739 208 2760 1.

82 3389 146 3424 Post
159 3396 207 3432 Ep.

80 3472 179 3504 Relat.
193 3482 218 3503 2.

341 193 563 237 CAmeA
600 200 780 231 comnis
815 184 1159 242 NssroiuANos,
1196 198 1254 229 sc
1286 183 1688 233 Eun-crunnum&

228 276 321 311 {tenus
331 269 570 306 concordantibus
576 273 688 302 animis
699 293 710 310 ‚
736 270 772 302 Θ
784 272 864 302 omni
873 272 1002 302 veritate
1013 266 1120 310 discus-

228 323 289 369 sa,
313 321 471 364 verafides
483 320 580 360 nostra
593 325 672 353 omni
684 328 833 353 terrarum
851 317 915 351 orbi
934 317 1047 359 manffe
1071 318 1116 350 ius

226 370 397 416 innotescat
410 396 422 413 ,
457 379 491 404 ut
511 372 650 413 deinceps
670 371 753 404 nulla
768 371 849 412 poffit
876 367 928 411 effi’
952 367 1115 401 dubitatio.

230 425 426 468 ,Quapropter
436 422 589 456 SanHitas
599 431 654 455 tua
665 446 676 461 ,
702 431 768 454 cum
786 418 892 462 quibus
907 418 1055 459 placuerit
1074 429 1119 450 re-

229 474 443 514 verendtffimis
458 471 615 515 Episcopis
620 469 732 515 subfiii
745 470 911 503 ‚sacerdotii
932 478 1003 500 cura
1022 466 1118 507 consti-

229 530 331 564 tutis,
344 523 575 565 *adpraefatam
596 527 751 556 civitatem
769 523 852 552 intra
873 518 953 550 diem
972 517 1116 550 Calenda-

229 584 301 608 rum
328 576 360 618 J
362 575 487 607 uliarum
512 579 615 607 venire
638 574 795 615 dignetur.
832 566 973 603 Latebat
1001 567 1119 612 anguis

230 622 385 667 pessimus
404 623 437 656 in
452 624 594 658 formosa
608 620 669 655 hac
683 618 924 654 blandientium
945 617 1118 652 verborum

231 672 337 708 herba
351 698 362 714 ,
387 673 529 716 ideoque
549 681 758 714 nequaquam
779 668 975 703 Heracleam
994 669 1120 704 acceffit

229 721 395 760 Pontifex
404 724 533 757 secutus
545 732 670 756 morem
690 720 823 754 suorum
848 717 1119 759 Antecessorum,

233 772 289 808 sed
299 773 494 807 Ennodium
505 771 719 805 Ticinensem
728 795 740 811 ,
767 770 802 804 δε
811 771 1030 804 Fortunatum
1044 768 1120 812 Epi-

232 823 370 866 scopum
381 821 597 856 Catanensem
608 845 619 861 ,
644 819 854 854 Venantium
865 818 1093 862 Presbyterum
1108 843 1118 859 ‚

233 883 274 908 uc
286 871 434 907 vitalem
444 871 603 905 Romanae
615 871 766 905 Ecclefiae
777 870 970 906 Diaconum
982 869 1116 913 legavit,

233 921 322 966 aiens
331 921 422 956 nulla
434 932 516 964 opus
527 923 590 956 esse
601 920 739 964 Synodo
763 931 871 960 nova,
898 919 952 954 sed
977 919 1043 953 sola
1065 918 1121 952 ob-

234 972 392 1007 servantia
401 971 480 1005 fidei
493 969 772 1007 Chalcedonensis
793 971 827 1005 ἀ
839 969 1035 1015 dogmaticae
1047 968 1122 1012 Epi·

233 1020 326 1056 flolae
337 1023 442 1056 Sancti
452 1021 596 1056 Leonis.
622 1021 775 1061 Multus,
796 1021 830 1055 δε
852 1021 963 1054 irritus
982 1019 1045 1053 fuit
1060 1019 1120 1052 Le-

232 1082 388 1116 gatorum
398 1071 491 1106 labor
503 1095 515 1112 ‚
540 1082 638 1115 atque
649 1072 693 1106 ita
704 1081 784 1105 tunc
800 1071 921 1104 fastum
934 1069 980 1104 est
994 1093 1005 1110 ,
1031 1068 1120 1111 quod

235 1121 276 1157 ad
289 1121 486 1156 Pontificem
499 1133 540 1156 ex
551 1122 613 1156 alia
625 1119 835 1166 postmodum
845 1121 1010 1165 legatione
1029 1119 1121 1162 scrip-

235 1172 272 1205 sit
283 1171 464 1208 Dioscorus
475 1171 793 1207 RomanaeEcclefiae
806 1170 977 1206 Diaconus
989 1183 996 1203 ε
1023 1168 1106 1210 istud
1115 1191 1125 1207 ‚

236 1223 424 1265 praesentem
457 1222 712 1265 propositionem
725 1245 736 1262 ,
771 1220 937 1262 Anastasius
958 1225 1124 1261 Imperator

233 1273 410 1315 magnopere
421 1271 583 1304 Catholicis
596 1278 744 1314 imponere
749 1270 910 1312 festinavit
925 1295 932 1301 .
947 1270 991 1303 Et
1004 1268 1122 1302 Victor

233 1320 476 1356 Tonnonenfis
489 1320 672 1364 Episcopus
681 1321 726 1355 ad
749 1319 967 1355 Consulatum
990 1319 1126 1362 Joannis

233 1369 359 1405 Gibbl:
389 1370 573 1413 Anastafius,
597 1372 753 1405 Flaviano
767 1368 951 1404 'Antiocheno
972 1369 1007 1403 ὀ·
1028 1367 1126 1403 Phila

233 1423 546 1464 xenovtiierapolitano
567 1419 772 1465 Praesulibus,
795 1421 941 1460 synodum
949 1428 1104 1463 congregat
1116 1443 1126 1458 ,

234 1473 272 1508 ὁ·
291 1479 393 1505 contra
414 1483 484 1512 eos,
512 1477 566 1515 qui
585 1482 643 1504 non
661 1471 832 1514 confitentur
868 1469 1033 1505 UNUM
1060 1469 1126 1503 DE

234 1520 603 1558 TRINITATE
630 1519 1125 1559 CRUCIFIXUM,unacum

235 1572 336 1606 Leone
355 1569 503 1615 Episcopo
524 1575 683 1611 kanaam·
700 1573 736 1605 6*
754 1572 822 1611 ejus
843 1579 939 1611 tomo,
964 1570 997 1603 Θ
1020 1570 1127 1607 synodo

233 1619 465 1662 chalcedonensi
469 1621 584 1662 inferre
595 1619 909 1663 anathemapersuafit
919 1645 926 1651 .
1068 1632 1072 1635 “

283 1670 461 1704 Anastasio
483 1671 640 1706 defunsto
667 1670 813 1706 succcffit
845 1669 1009 1712 Iustinus,
1032 1668 1126 1703 Prin-

236 1731 315 1763 ceps
324 1719 561 1763 pientissimus,
586 1720 783 1762 tandemque
806 1731 862 1764 per
882 1730 986 1753 novos
1007 1720 1127 1754 Roma-

234 1781 293 1805 nae·
309 1769 461 1804 Ecclesiae
487 1771 630 1813 Legatos
651 1793 663 1810 ,
697 1769 900 1803 Germanum
932 1769 1126 1811 Capuanum

236 1819 443 1863 Episcopum
455 1844 465 1860 ,
490 1819 656 1854 Blandum
666 1818 893 1861 Presbyterum
902 1843 912 1859 ‚
927 1830 966 1852 ac
976 1818 1122 1852 Felicem

232 1869 272 1903 nc
284 1869 490 1904 'Dioscorum
509 1869 705 1909 Diaconos,
732 1869 767 1903 ὅ(
784 1867 923 1914 grandes
943 1879 1057 1902 eorum
1082 1866 1127 1901 la-

237 1918 354 1960 borer,
378 1919 571 1954 exstinstum
585 1918 632 1953 est
658 1916 795 1954 schisma
817 1919 1046 1959 Acacianum,
1075 1918 1125 1951 fir·

236 1980 466 2013 maraquepax
482 1970 717 2004 Ecclesiamm.
745 1969 865 2004 Scribit
889 1970 965 2002 vero
990 1968 1127 2002 Diosco-

238 2024 292 2053 rus
302 2019 344 2052 ad
358 2019 556 2053 Pontificem
570 2043 578 2052 .
599 2023 651 2052 ,Et
661 2025 733 2062 qula
744 2024 776 2052 in
795 2018 843 2052 bis
865 2020 996 2062 quotidie
1014 2016 1129 2061 proficit

239 2067 366 2109 Ecclesia
379 2092 391 2108 ‚
419 2067 718 2111 infidiatorantiquus
737 2067 900 2112 sufiitavit
914 2068 1070 2102 monachos
1092 2069 1130 2101 de

237 2117 355 2157 sebnia
364 2142 374 2158 ‚
385 2123 438 2160 qui
448 2119 485 2151 de
494 2119 578 2151 domo
588 2117 724 2162 Magistri
734 2120 864 2153 militum
877 2122 1024 2152 Vitaliani
1033 2116 1107 2160 sunt
1116 2143 1128 2160 ‚

235 2172 368 2200 omnium
377 2167 611 2208 christianorum
624 2175 702 2202 votis
715 2167 884 2211 adversarii
899 2191 910 2208 ,
935 2179 1059 2211 quorum
1085 2172 1130 2200 in-

238 2218 379 2260 quietudo
388 2228 447 2250 non
454 2224 576 2258 parvas
588 2230 687 2252 moras
691 2223 853 2262 generavit
865 2224 980 2251 unitati
992 2216 1129 2260 Ecclefia-

238 2279 325 2302 rum.
354 2268 481 2302 Eorum
499 2268 637 2302 nomina
658 2267 768 2303 edicit.
781 2267 905 2302 Comes
927 2268 1132 2312 Justinianus

238 2317 277 2351 in
297 2317 413 2351 litteris
435 2318 476 2352 ad
508 2317 730 2353 Pontificem.-
761 2321 883 2362 'Eorum
917 2325 1037 2351 nomina
1059 2316 1131 2361 sunt

238 2367 371 2401 Achilles
382 2392 392 2408 ,
414 2369 444 2411 J
446 2379 555 2400 oannes
568 2393 578 2409 ‚
606 2372 751 2402 Leontius
770 2371 805 2404 ό*
817 2372 978 2403 Mauritius
991 2393 999 2400 .
1026 2368 1132 2402 Leon-

242 2418 310 2452 zius
317 2416 450 2460 jactabat
466 2418 498 2451 se
509 2420 670 2452 Parentem
681 2418 802 2452 laudati
826 2419 959 2462 Magistri
980 2418 1132 2458 militum,

243 2467 301 2511 qui
312 2468 376 2501 una
387 2479 463 2501 cum
476 2468 558 2510 Jussi
568 2469 668 2502 niano
689 2468 825 2502 Comite
836 2470 870 2502 in
887 2468 1004 2512 Justini
1019 2469 1131 2512 Augu·

241 2517 284 2552 sti
304 2517 428 2559 palatio
439 2528 508 2551 erat
519 2518 649 2551 omnia:
680 2517 812 2562 Utique
819 2529 986 2561 parentem
1006 2529 1049 2552 ex
1075 2519 1133 2551 Ba-

247 2567 391 2611 ptismo,
417 2565 589 2610 quomodo
616 2567 786 2609 Eutyches
818 2566 1004 2602 monachus
1024 2568 1133 2602 suerat

243 2616 433 2660 Crysaphio
454 2615 620 2651 Eunucho
635 2642 643 2649 .
672 2618 813 2660 joannes
838 2618 896 2652 ille
920 2617 967 2651 est
993 2619 1134 2661 Joannes

245 2666 457 2705 Maxentius,
482 2666 523 2701 de
533 2677 600 2710 quo
624 2667 806 2702 Dioscorus
818 2667 961 2712 Legatos
977 2692 984 2698 .
1007 2671 1135 2701 'Maxen-

243 2721 307 2749 tius
328 2740 340 2756 ,
365 2722 416 2758 qui
421 2714 479 2758 sub
491 2716 617 2749 abbatis
637 2717 774 2752 vocabulo
789 2719 870 2751 dixit
889 2717 924 2762 se
945 2724 1136 2761 congregatio-

245 2778 314 2800 nem
325 2765 454 2804 babere,
471 2765 503 2808 Ji
517 2773 708 2811 interrogetur
720 2793 731 2809 ,
756 2777 818 2801 aut·
829 2768 1008 2810 cum-quibus
1038 2779 1135 2800 mona-

247 2816 314 2851 chis
326 2820 411 2849 vixit
422 2840 432 2855 ,
457 2822 553 2850 autin
562 2829 618 2860 quo
627 2818 797 2858 monasterio
809 2841 821 2858 ‚
848 2816 964 2861 autsub
974 2829 1031 2860 quo
1042 2817 1138 2850 Abba-

245 2875 278 2900 τι·
299 2864 456 2899 monachus
463 2865 568 2907 fabius
583 2867 622 2909 est
634 2891 645 2908 ,
671 2869 766 2902 dicere
785 2879 844 2902 non
856 2868 949 2911 potest
961 2894 968 2901 .
994 2868 1138 2902 Similiter

240 2914 313 2958 &fi
322 2917 359 2950 de
370 2915 480 2949 Achille
491 2931 493 2933 ·
503 2917 599 2950 dicere
616 2919 732 2952 voluero
743 2942 754 2959 ,
779 2929 843 2952 rem
855 2918 938 2960 facio
956 2916 1138 2961 supervaca⁴

236 2977 362 3006 facum,
387 2971 433 2998 cui
438 2963 547 3007 sufficit
553 2965 671 3010 semper
680 2970 774 3003 latere
793 2977 916 3011 propter
929 2967 1137 3011 conscientiam

244 3014 333 3059 suam
344 3016 384 3048 ab
396 3015 699 3053 omnibus'Catbolicis
709 3020 888 3053 damnatam
900 3044 908 3051 .

303 3066 476 3109 Hiitaqne
490 3065 643 3101 monachi
656 3092 668 3108 ‚
693 3069 864 3113 quomodo
885 3080 994 3103 coram
1017 3069 1138 3104 Roma·

244 3116 305 3150 vnis
325 3115 365 3148 ad
379 3115 584 3150 Anastafium
607 3117 820 3162 Augustum,
846 3119 890 3153 ita
913 3129 1024 3153 coram
1041 3120 1139 3153 novis

259 3164 348 3199 hisce
359 3165 401 3199 ad
415 3165 573 3209 Jussinum
586 3165 770 3212 Principem
780 3169 895 3214 legatis
910 3180 988 3202 mox
1010 3170 1045 3203 in
1068 3169 1138 3212 ipso

254 3215 397 3260 ingressu
411 3218 604 3259 proposuere
616 3217 669 3250 sua
679 3241 690 3260 ,
715 3218 903 3252 confirmari
917 3219 1118 3263 postulantes
1129 3241 1139 3257 ,

254 3265 432 3307 Capitula,
457 3277 554 3311 atque
577 3267 621 3300 ita
645 3267 911 3302 &Ecclesiarum
941 3269 1012 3312 paci
1035 3278 1140 3302 moras

256 3313 438 3356 injecerunt
459 3340 470 3356 ,
507 3316 541 3350 ὅ(
564 3317 698 3360 Legatis
723 3318 890 3353 causarunt
914 3318 1140 3353 tribulationes

257 3363 377 3406 varias,
401 3365 443 3399 de
454 3365 572 3410 quibus
585 3367 638 3409 ipsi
650 3366 691 3401 ad
703 3365 898 3402 Pontificem
909 3393 916 3400 .
944 3367 1081 3401 Monacbi
1094 3367 1141 3407 isti

256 3413 295 3448 de
303 3412 359 3455 sua
369 3417 530 3450 Provincia
549 3416 707 3460 Epifkopos
727 3415 886 3460 incusant,
912 3423 990 3450 inter
1006 3428 1078 3459 quos
1105 3417 1142 3456 est

259 3464 407 3497 Paternus
423 3467 586 3500 Tomitanae
594 3472 729 3500 civitatis
743 3466 866 3507 antistes
877 3492 884 3499 .
915 3469 1078 3501 Petitiones
1092 3467 1141 3500 ob-

240 3523 249 3544 .·
257 3513 411 3555 tulerunt,
438 3515 567 3550 &cnaei
575 3518 692 3559 piiffimi
704 3520 853 3560 Principis
873 3518 907 3554 (τ’
921 3520 1040 3551 Domini
1061 3520 1144 3551 Vita-

1887 206 2000 252 „149

1182 264 1560 307 lianijuffioneftequenter
1570 268 1615 298 ad
1620 268 1910 313 audientiameausae
1930 278 2065 308 convenii·

1160 326 1161 329 ’
1184 328 1247 350 mus
1260 339 1271 355 ‚
1295 327 1352 348 non
1363 313 1446 358 quasi
1451 316 1583 350 volentes
1594 327 1646 348 nos
1657 326 1691 350 in
1701 317 1779 361 hisce
1797 325 1925 363 negotiis
1945 331 2062 362 occupa-

1184 378 1237 406 re,
1263 371 1332 407 quia
1342 366 1425 399 nobis
1434 375 1506 400 ante
1524 367 1616 399 oculos
1632 364 1706 408 fimi
1725 371 1934 405 Beatitudinis
1957 372 2062 412 vestrae

1180 425 1332 459 praecepta
1348 442 1359 457 ,
1396 417 1502 459 quibus
1516 415 1697 459 praecepistis
1710 440 1722 456 ‚
1748 429 1782 452 ut
1801 419 1897 464 causae
1918 421 2061 462 tantum,

1181 472 1228 500 cuc·
1235 478 1438 506 veneramus,
1461 472 1573 502 intenti
1592 466 1682 500 nullis
1704 467 1774 500 aliis
1795 478 1912 515 negotiis
1933 470 2063 515 miscere.-

1183 529 1263 550 mur.
1290 518 1350 551 Sed
1351 516 1508 561 sperantes
1528 518 1604 562 poffe
1622 522 1802 551 intentiones
1821 532 1918 564 eorum
1932 528 2064 564 pawn

1182 566 1405 610 deflendimus.
1434 571 1481 603 Et
1503 574 1574 611 quia
1593 567 1677 601 nobis
1698 568 1757 600 -diu
1779 568 2000 613 laborantibus,
2028 573 2064 605 &⁹

1182 619 1242 650 illis
1257 616 1599 661 nullamsuftipe'entibus
1612 624 1758 652 rationem
1768 641 1789 657 ,,
1807 618 2064 662 nibilproficiebae

1182 673 1215 700 in
1225 678 1280 710 quo
1289 666 1484 702 tendebamus
1496 693 1507 709 ‚
1530 669 1774 708 Clementtffimus-
1782 672 1990 710 imperatorin
2001 682 2066 704 con-

1183 728 1274 751 ventu
1293 718 1428 759 publico,
1459 718 1557 753 ubi&
1576 730 1630 751 nos
1657 717 1872 760 interfuimus,
1900 721 2066 755 Paternum

1179 768 1358 810 praediiium
1367 766 1545 811 Episcopum
1558 793 1569 809 ,
1595 771 1631 802 Θ
1651 768 1838 811 magnificum
1858 774 1960 803 virum
1984 773 2067 802 Vita-

1182 818 1226 851 lia
1232 830 1303 852 num
1312 818 1434 852 reduxit
1444 819 1490 850 ad
1491 824 1629 862 gratiam
1639 831 1649 851 .·
1678 815 1864 861 Accusatores
1875 829 1989 862 quoque
2000 820 2067 859 ejus'

1180 866 1234 911 suo
1245 874 1396 911 pracepit»
1401 866 1546 911 Episcopo
1555 866 1723 912 supplicare
1735 892 1742 899 .
1769 868 1991 903 Manachivero
2001 870 2068 902 cum

1178 917 1315 959 similiter
1334 920 1378 952 ad
1385 920 1565 952 concordiam
1574 926 1779 962 quaererentur
1789 943 1800 959 ‚
1813 936 1818 945 ι
1817 917 1901 963 fuga
1907 917 1989 961 lapsi
2004 930 2067 951 ma·

1184 971 1303 1002 luerunt
1324 971 1362 1003 de
1377 975 1504 1003 civitate
1522 968 1669 1013 discedere
1679 992 1690 1009 ,
1715 979 1807 1011 quam
1823 969 1868 1002 ad
1882 970 2068 1003 concordiam

1183 1024 1341 1061 pervenire
1352 1045 1360 1052 .
1386 1022 1562 1065 Magnopere*
1573 1021 1620 1053 ad
1626 1023 1750 1054 Italiam
1759 1023 1915 1058 venientes
1931 1020 2071 1061 aliquan.-

1186 1079 1220 1103 ta
1231 1070 1375 1110 capitula
1383 1075 1544 1112 proponere
1555 1069 1678 1110 babent,
1689 1074 1770 1102 inter
1779 1080 1849 1112 quae
1859 1071 1894 1106 ὡ·
1906 1068 1984 1104 UN
1990 1068 2071 1104 UM

1187 1119 1252 1152 DE
1279 1118 1563 1155 TRINITATE
1590 1118 1913 1155 CRUClFIXUM
1942 1123 2071 1153 contine-

1179 1179 1256 1207 tur,
1276 1167 1494 1211 sperantentci
1502 1169 1668 1211 confirmari
1689 1181 1729 1204 ex
1738 1169 1914 1203 auHoritate
1934 1172 2075 1202 Beatitu..

1188 1220 1268 1251 dinis
1281 1217 1392 1260 vestre,
1411 1217 1485 1260 ficut
1506 1221 1583 1254 &in
1598 1220 1668 1252 aliis
1691 1220 1802 1252 litteris
1815 1218 2071 1265 fignificavimuse

1188 1272 1235 1302 Et
1243 1269 1329 1302 modo
1341 1268 1392 1302 boc
1401 1270 1528 1303 dicimus
1538 1294 1549 1310 ,
1574 1279 1608 1303 ut
1620 1269 1702 1303 nulla
1715 1274 1836 1302 novitas
1856 1272 1877 1301 ἆ
1901 1271 1977 1303 sede
2001 1273 2073 1313 Apo·⁴

1181 1318 1282 1358 stolica
1299 1317 1469 1362 scribatur,
1494 1321 1622 1362 quia&
1643 1322 1695 1351 nos
1715 1329 1791 1353 ame
1800 1324 2012 1362 Imperatorem
2037 1321 2073 1354 ὁ·

1189 1378 1259 1402 ante
1269 1372 1410 1402 Senatum
1420 1368 1484 1403 baec
1489 1371 1699 1410 judicavimus
1712 1392 1724 1409 ,
1735 1370 1863 1402 dicentes
1878 1382 1890 1402 :
1902 1369 2073 1403 EXTRA

1190 1419 1413 1454 SYNODOS
1448 1418 1712 1466 QJATUOR
1724 1443 1736 1459 ‚
1779 1418 1950 1454 EXTRA
1989 1417 2077 1451 EPl-

1190 1468 1372 1503 STOLAS
1399 1469 1439 1502 ‘P
1451 1470 1483 1504 A
1497 1470 1523 1503 P
1539 1469 1590 1502 AE
1628 1469 1801 1504 LEONIS
1838 1468 1939 1512 NEC
1964 1467 2078 1503 DICI-

1189 1519 1316 1559 MUS‚
1331 1519 1431 1552 NEC
1458 1519 1789 1553 ADM1TT1MUS
1804 1517 2076 1566 QJmQUlo

1189 1569 1296 1603 NON
1335 1568 1668 1604 CONTINETVR
1709 1569 1761 1602 IN
1790 1567 2077 1602 PRAEDICTIS

1190 1619 1428 1659 SYNODIS,
1467 1619 1590 1653 AUT
1626 1619 1776 1666 QJOD
1814 1618 1922 1652 NON
1962 1617 2078 1652 EST

1189 1668 1445 1704 scklPTUM
1473 1667 1653 1703 ΑῬΑΡΑ
1680 1668 1845 1705 LEoNE
1872 1667 1980 1702 NON
2001 1659 2080 1702 ευ·-

1190 1719 1415 1755 SC1P1MUS
1426 1743 1433 1751 .
1459 1718 1578 1762 ‚Quiafi
1584 1721 1711 1753 voluerit
1737 1723 1882 1752 Dominus
1902 1718 1994 1759 noster
2005 1729 2079 1761 qua·

1186 1770 1296 1803 lemvis
1309 1775 1474 1803 novitatem
1478 1767 1606 1811 scrihere
1616 1793 1626 1809 ,
1645 1771 1737 1812 pejus
1759 1776 1816 1802 erit
1839 1768 1918 1809 istud
1934 1774 2055 1802 initium
2066 1792 2078 1807 ‚

1190 1821 1282 1863 quam
1293 1818 1390 1859 illud,
1416 1820 1496 1861 quod
1495 1818 1618 1860 sallum
1631 1819 1669 1858 est
1685 1827 1743 1861 per
1753 1818 1922 1858 Eutychen.
1948 1819 2080 1860 sufficere

1189 1869 1276 1903 debet
1285 1867 1443 1910 Ecclefiae,
1468 1870 1550 1910 quod
1553 1878 1610 1910 per
1617 1868 1784 1913 sexaginta
1809 1880 1904 1902 annos
1926 1869 1966 1903 ab
1987 1872 2079 1907 Euty·

1189 1918 1272 1953 chete
1293 1917 1384 1962 usque
1408 1920 1492 1952 modo
1506 1917 1644 1961 sustinuit
1657 1944 1664 1951 .
1693 1918 1791 1951 Nobis
1814 1920 1896 1961 quod
1916 1917 2016 1961 visum
2041 1917 2078 1958 est

1184 1968 1374 2013 scripsimus,
1399 1972 1430 2000 in
1450 1968 1548 2009 wstra
1561 1967 1702 2010 potestate
1720 1968 1758 2010 est
1783 1969 1949 2002 deliberare
1967 1992 1977 2008 ,
2001 1969 2079 2010 quod

1188 2019 1277 2054 vobis
1289 2021 1369 2053 Deus
1391 2024 1587 2060 imperaverit
1599 2033 1610 2052 .-
1637 2021 1791 2062 ,Quoniam
1804 2018 1868 2052 haec
1877 2020 1922 2051 illi
1944 2024 2084 2051 nituntur

1164 2105 1166 2108 ,
1190 2070 1310 2113 afferere
1322 2093 1333 2108 ,
1360 2079 1392 2102 eo
1411 2070 1495 2101 modo
1513 2066 1565 2109 libi
1583 2066 1761 2111 satisfacere
1778 2075 1929 2110 cupientes
1943 2092 1954 2107 ,
1978 2077 2011 2100 ut
2037 2070 2082 2101 itii

1187 2117 1380 2162 profiteamur
1395 2119 1431 2152 Θ
1452 2118 1585 2151 dicamus·
1621 2117 1784 2152 UNUM
1825 2118 1890 2151 DE
1929 2117 2084 2151 TR1N1-

1192 2167 1333 2202 TATE
1352 2165 1555 2202 *PASSUM
1581 2167 1708 2209 ESSE,
1736 2168 1815 2211 quod
1834 2174 1887 2210 nec
1901 2170 2010 2201 Patres
2033 2178 2084 2203 mc

1191 2219 1299 2257 synodi
1306 2218 1451 2252 dixerunt
1467 2232 1481 2250 .*

1244 2268 1360 2312 Legati
1373 2270 1484 2311 iraque
1492 2265 1701 2311 Apostolici‚
1726 2266 1803 2302 licet
1816 2267 1945 2312 nullum
1968 2266 2010 2302 de
2021 2265 2083 2302 hac

1194 2318 1255 2353 rea
1267 2318 1435 2353 Pontifice
1446 2316 1604 2354 habentes
1617 2318 1808 2353 mandatum
1820 2341 1830 2357 ,
1856 2318 2014 2361 compulsi
2027 2329 2085 2353 au-

1194 2368 1302 2402 divere
1325 2366 1533 2407 monach035
1558 2369 1615 2412 qui
1641 2368 1897 2414 propositionem
1922 2370 2010 2402 suam
2036 2369 2083 2402 vi·

1193 2418 1306 2453 dentes
1320 2429 1387 2452 non
1402 2417 1554 2463 probari,
1578 2418 1703 2459 abiere,
1730 2419 1864 2463 Legatis
1886 2430 1955 2452 non
1970 2418 2086 2452 saluta·

1195 2470 1258 2509 tis,
1293 2468 1440 2503 Romam
1456 2492 1468 2509 ‚
1503 2469 1666 2512 sperantes
1687 2469 1759 2503 istic
1784 2469 1935 2504 meliora.
1975 2467 2085 2503 Addit

1197 2519 1377 2552 Dioscorus
1387 2519 1531 2563 Legatus
1543 2520 1575 2552 in
1589 2519 1653 2553 alia
1675 2518 1852 2553 Relatione
1875 2517 1916 2552 ad
1938 2518 2062 2562 Papam
2075 2542 2082 2550 .

1194 2568 1365 2613 significasti
1375 2568 1449 2601 mibi
1461 2572 1481 2602 ἃ
1492 2568 1645 2602 monachis
1655 2570 1761 2601 datam
1775 2568 2008 2608 contestationem
2020 2592 2030 2608 ,
2051 2575 2084 2601 ut

1189 2630 1252 2654 ⁴rum
1265 2619 1338 2651 mihi
1348 2618 1481 2652 haeretici
1493 2620 1716 2662 jungerentur.
1743 2621 1828 2662 ‚Quos
1842 2620 1945 2650 dicunt
1968 2618 2086 2651 haereti-

1196 2680 1241 2701 cos
1254 2693 1264 2709 ,
1290 2680 1339 2712 ego
1351 2674 1451 2712 ignoro
1466 2692 1476 2708 ‚
1502 2667 1557 2710 nist
1564 2668 1629 2702 illos
1631 2668 1715 2711 forte*
1729 2693 1739 2709 ‚
1766 2675 1816 2710 qui
1829 2669 1971 2706 synodum
1995 2666 2084 2701 Chal-

1196 2718 1384 2761 cedonensem
1412 2716 1576 2762 suscipiunt
1589 2742 1600 2759 ,
1625 2730 1696 2762 quos
1726 2730 1776 2762 ego
1804 2717 1968 2752 catholicos
1997 2719 2081 2751 dico.

1199 2770 1279 2802 Non
1292 2768 1462 2803 dumtaxat
1474 2769 1491 2802 a
1516 2769 1714 2813 Legatorum
1728 2768 1852 2811 judicio
1875 2767 2020 2802 Romam
2032 2777 2084 2812 ap-

1196 2818 1354 2862 pellavere
1365 2842 1376 2859 ,
1402 2816 1455 2854 sed
1468 2819 1502 2855 δε
1519 2818 1663 2864 Legatos
1673 2820 1841 2862 praesertim
1855 2818 2058 2853 Dioscorum
2070 2842 2083 2858 ,

1198 2868 1284 2913 apud
1300 2868 1500 2904 Pontificem
1511 2870 1741 2904 accusaverunt
1752 2867 1793 2902 de
1804 2869 2028 2903 familiaritate
2047 2869 2082 2907 &

1198 2919 1390 2954 collusionev
1405 2930 1483 2953 cum
1504 2919 1731 2955 Nestorianis:
1767 2918 1957 2955 Nestoriani
1994 2928 2083 2953 nam-

1198 2980 1260 3014 que
1274 2969 1525 3013 propositionem
1549 2969 1663 3009 illam,
1688 2970 1803 3012 utpote
1823 2969 1872 3003 sui
1894 2969 2007 3003 erroris
2029 2979 2084 3012 pe-

1200 3019 1490 3060 nitfiseverfivam,
1517 3018 1721 3054 hostiliffime
1740 3018 2010 3063 insequebantur.
2038 3019 2083 3052 Et

1199 3072 1283 3104 certe
1313 3067 1552 3104 monachorum
1578 3069 1715 3112 suspicio
1735 3069 1838 3112 potest
1860 3067 2005 3104 habuiffe
2026 3067 2083 3101 ali-

1200 3119 1277 3163 quid
1291 3119 1521 3157 fundamenti,
1537 3119 1571 3152 &
1584 3118 1652 3152 haec
1665 3118 1819 3153 Dioscori
1831 3120 1980 3164 purgatio
1994 3121 2088 3158 ,Nise‘

1198 3169 1275 3211 forte?
1289 3169 1370 3207 illos,
1398 3175 1449 3210 qui
1471 3169 1613 3207 synodum
1625 3168 1889 3212 Chalcedonensem
1896 3167 2057 3212 sufi‘iplunt
2069 3191 2081 3206 ‚

1201 3219 1293 3254 fuisse
1304 3229 1371 3251 non
1384 3217 1475 3262 plene
1496 3219 1673 3254 sufficiens.
1702 3219 1755 3254 Eo
1777 3229 1918 3262 namque
1936 3227 2082 3260 tempore

1200 3269 1244 3303 ob
1253 3267 1415 3312 Principis
1426 3267 1605 3303 orthodoxi
1626 3279 1752 3304 metum
1767 3269 1809 3304 -&
1821 3267 2026 3311 Eutychiani·
2046 3266 2081 3302 δε

1203 3320 1236 3353 N
1239 3317 1707 3354 estorianichalcedonensem
1718 3318 1891 3361 synodum
1904 3319 2002 3361 pleno
2011 3327 2082 3356 ore,

1201 3368 1247 3404 ast
1258 3368 1357 3403 corde
1366 3368 1565 3403 dolosissimo
1589 3368 1821 3412 profitebantur
1832 3391 1843 3407 ‚
1868 3367 1916 3401 uti
1928 3367 2029 3412 liquet
2040 3377 2081 3400 ex

1205 3419 1289 3453 hisce
1310 3419 1408 3453 toties
1419 3418 1598 3454 adversum
1618 3418 1694 3452 illos
1720 3417 1865 3462 repetitis
1894 3417 2080 3455 nostrorum

1204 3468 1431 3512 Capitulorum
1469 3469 1593 3503 verbis.-
1620 3471 1666 3501 Et
1701 3469 1902 3502 calumniatur
1938 3467 2080 3506 synodum

1203 3517 1478 3563 chalcedonensem,
1508 3527 1662 3562 tamquam
1665 3518 1829 3565 secundum
1855 3517 1936 3559 iilum
1956 3522 2081 3562 impium

1987 3572 2032 3600 Μ·

2105 2593 2167 2625 Post
2177 2595 2230 2634 Ep.

2103 2655 2195 2704 Κέω.
2209 2684 2232 2705 ι.
