2340 3736
405 81 502 113 202

364 149 462 182 Facto
485 146 612 183 silentio
627 172 637 188 ,
663 145 747 181 dixit
772 146 934 190 Iuvenalis
956 147 1192 189 Hierosolyma:

312 199 513 242 Episcopus:
541 202 692 243 Legantur
715 199 749 231 (ν
768 196 1051 240 litteraesanc‘lfflml
1065 198 1098 229 <¹5
1110 207 1192 227 rea-e-

313 250 470 290 rendtfflmi
482 248 619 289 celestini
630 251 770 281 Romane
784 247 918 289 Ecclefiae
935 243 1171 286 Archi-Episcopi
1184 268 1194 283 ‚

312 309 391 343 quas
415 299 452 333 de
461 297 518 340 fide
526 296 693 340 perl‘cripfit
704 322 711 330 .
740 298 783 332 Et
794 297 900 331 statim
915 296 1028 329 Petrus
1040 293 1189 328 Ecclefiae

314 348 546 383 Alexandrinae
567 346 738 391 Presbyter
756 359 793 381 ac
811 345 1026 381 Notariorum
1039 343 1190 378 Primice-

313 399 379 432 rius
393 399 473 442 legit
485 398 620 441 primam
630 397 751 432 laudati
764 396 935 432 Pontificis
948 396 987 428 ad
999 394 1189 428 Nestorium

312 448 495 492 Epistolam
508 473 518 490 ‚
543 458 606 491 qua
618 447 785 483 damnavit
799 446 866 488 ejus
876 445 1025 489 exegeses
1038 467 1048 484 ‚
1074 456 1111 477 ac
1141 444 1192 486 ipsi

316 497 537 533 Ecclefiastica
548 499 784 542 communione
796 497 921 540 privato
930 519 941 534 ,
969 494 1027 527 nist
1046 494 1129 527 intra
1140 494 1192 527 de·

312 558 387 582 cem
406 547 475 582 dies
494 546 675 592 resipiscens
698 547 839 591 placaret
855 543 1102 578 scandalizatam
1124 554 1197 587 prc-

313 598 398 634 fanis
406 596 566 633 erroribus
580 598 753 631 Ecclesiam
764 620 776 637 ,
802 595 944 629 minatus
964 595 1068 628 fuerat
1085 605 1192 637 perpe-

313 657 405 683 tuam
427 648 694 693 degradationem
718 647 751 680 &
773 644 914 688 spolium
936 644 1081 679 nominis
1099 643 1193 678 Chri-

310 698 430 733 stiani.
460 699 618 732 Asterum
641 694 846 739 synodalium
870 693 1190 738 Digestorilliadpo-

315 749 380 783 suit
401 746 486 782 hanc
509 746 774 779 subnotationem
791 758 801 779 ,·
828 749 900 778 Haec
910 744 1042 786 Epistola
1054 745 1191 782 &synodo

313 797 462 840 prefina
481 795 555 831 leda
578 795 616 836 est
631 795 693 838 poll
714 794 897 837 depofitt’ones
930 804 1033 827 contra
1063 792 1191 834 Nestorii

313 846 586 889 ,Epist'olamfallas
597 871 606 887 ,
632 858 700 889 quae
711 848 744 881 (⁴5
758 847 852 879 relata
864 844 944 886 estin
958 849 1188 878 commentarios.

293 899 410 932 ‘Lesta
431 897 497 932 fuit
514 897 584 941 post
617 906 811 931 memoratas
835 894 952 937 Cyrilli
979 895 1014 928 δε
1039 893 1186 927 Nestorii

313 946 475 990 Epistolas
489 971 500 988 ‚
523 945 613 991 quod
635 945 676 982 de
696 946 761 980 illis
780 945 935 988 iudicaret
948 967 958 983 ‚
985 941 1123 987 ideoque
1145 943 1186 986 ip·

314 999 420 1034 sarum
435 997 587 1030 notitiam
599 995 738 1030 omnino
750 995 982 1038 praerequiveret
993 1018 1000 1025 .
1066 1012 1069 1016 -

305 1064 309 1067 ·
363 1046 492 1080 Exinde
514 1046 660 1080 laudatus
682 1046 794 1080 Petrus
815 1045 915 1079 etiam
941 1044 1069 1078 tertiam
1082 1042 1187 1076 Sanni

304 1096 430 1140 cyrilli
442 1094 481 1129 ad
494 1096 685 1130 Nestorium
701 1095 881 1139 Epistolam
896 1118 906 1134 ‚
923 1095 1037 1137 utique
1049 1094 1189 1127 famosis·

313 1148 426 1180 simam
449 1147 482 1179 δε
507 1147 524 1180 a
544 1156 614 1181 tota
637 1145 846 1190 AEgyptiacae
865 1143 1040 1178 dioeceseos
1053 1142 1189 1186 Synodo

311 1196 480 1241 probatam
510 1195 685 1231 duodecim
718 1194 947 1239 Capitulorum
983 1193 1164 1236 Epistolam
1181 1217 1189 1232 ,

313 1247 491 1291 postulavit
512 1246 602 1290 legi,
629 1246 646 1279 a
668 1245 826 1279 Flaviano
850 1243 1107 1288 Philippensium
1120 1242 1195 1276 Me·

312 1298 470 1340 tropolita
490 1296 587 1340 jussus
610 1295 708 1340 legit,
734 1305 830 1338 atque
841 1294 985 1328 addidit:
1013 1298 1084 1326 Non
1105 1290 1191 1334 caso·

313 1348 374 1382 lum
387 1372 396 1386 ,
424 1358 489 1389 quae
503 1345 664 1386 Celestinus
683 1344 885 1388 sacratissimus
898 1348 1040 1376 Romanae
1061 1340 1191 1384 Ecclcfiae

316 1396 482 1439 Episcopus
493 1397 536 1428 ad
545 1396 812 1435 reverendiffimum
830 1394 996 1433 Nestorium
1011 1392 1172 1437 scripserat
1184 1415 1193 1430 ,

305 1448 395 1490 -miJJa
418 1451 451 1481 6
476 1447 590 1479 tradita
595 1444 670 1490 sunt
685 1447 802 1485 eidem,
825 1445 933 1491 perum
943 1450 1101 1482 caenam,
1127 1453 1194 1483 quae

307 1496 500 1543 sanc‘liffimus
514 1497 726 1529 Alexandrina
746 1492 880 1534 Ecclefiae
891 1490 1054 1535 Episcopus
1067 1491 1191 1531 Cyrlllus

313 1549 348 1580 (y
382 1544 521 1588 univer-fit
556 1544 696 1587 AEgyptii
722 1544 848 1582 synodus
864 1550 919 1583 per
942 1542 1192 1583 Theopemptum‚

312 1597 488 1633 Danielem,
518 1598 733 1633 Pammenem,
760 1595 793 1626 (5
814 1596 982 1625 Macarium
996 1616 1006 1631 ‚
1035 1590 1191 1634 religiofiffi-

312 1659 374 1681 mos
387 1643 547 1688 Episcopus
560 1669 570 1685 ‚
596 1645 642 1677 ad
657 1644 778 1677 eundem
791 1642 1014 1682 destinaverant
1031 1666 1037 1672 .
1065 1643 1195 1684 ,Quamo-

312 1697 393 1738 brem
405 1708 469 1740 rogo
480 1719 489 1734 ,
516 1703 550 1728 ut
563 1693 777 1736 Theopemptus
791 1692 987 1726 Cabasorum
1001 1716 1011 1731 ‚
1039 1693 1074 1724 Θ
1086 1691 1197 1724 Daniel

311 1747 487 1780 Darnensis
511 1743 672 1789 Episcopi,
698 1742 914 1786 hicpraeseates
928 1754 963 1776 ea
977 1743 1014 1775 de
1024 1753 1055 1775 re
1065 1747 1192 1773 interro-

300 1805 417 1843 ·gentur
439 1821 446 1828 .
486 1795 643 1829 Nestoi-io
666 1793 743 1827 dura
764 1793 934 1838 infligebat
957 1816 967 1832 ‚
1003 1803 1040 1824 ac
1062 1791 1191 1824 duriora

313 1847 501 1881 minabatur
538 1856 672 1887 Utraque
709 1843 854 1886 Epistola
881 1869 892 1884 ,
926 1839 1125 1885 proindeque
1153 1841 1192 1874 de

317 1898 486 1941 utriusque
501 1894 676 1929 traditione
698 1892 813 1928 metito
835 1891 1008 1938 oportebat
1021 1888 1191 1936 Synodum

314 1947 482 1982 certiorari
497 1970 504 1977 .

359 1998 473 2044 Qate
485 2006 563 2028 mox
575 1993 593 2026 a
606 1992 737 2027 laudato
749 1992 906 2027 Flaviano
916 2001 1069 2026 evocatus
1079 1989 1192 2024 Theo-

313 2057 465 2092 pemptus
476 2046 520 2079 est
536 2048 570 2078 in
583 2042 650 2077 haec
663 2042 755 2076 verba
766 2043 930 2078 attestatus
943 2054 950 2073 ε
980 2046 1037 2075 Die
1064 2044 1193 2073 Domini-

314 2108 368 2136 σο,
393 2107 458 2128 cum
477 2093 600 2138 sinaxis
624 2102 761 2136 ageretur
774 2117 784 2132 ,
809 2094 854 2125 ad
862 2089 1037 2134 Episcopale
1044 2091 1193 2132 palatium

316 2145 523 2189 adscendimus
536 2168 547 2185 ,
572 2142 739 2185 ibidemque
760 2152 819 2176 toto
836 2140 981 2185 praesente
992 2142 1092 2181 clero,
1123 2141 1194 2173 mul-

316 2195 411 2241 tisque
425 2208 462 2230 ex
475 2193 632 2235 illustribus
645 2192 832 2232 adstantibus
841 2217 852 2233 ,
881 2193 998 2226 litteras
1008 2216 1018 2231 ,
1042 2192 1079 2224 de
1090 2189 1194 2233 quibus

313 2247 410 2293 sermo
429 2245 485 2286 est,
516 2243 648 2286 Nestorio
670 2244 853 2276 tradidimus
876 2266 883 2273 .
910 2241 1029 2284 ‚Quibus
1052 2245 1196 2282 acceptis,

319 2296 465 2337 constitua
487 2294 569 2328 nobis
590 2300 623 2326 ut
628 2291 763 2336 sequent!
773 2294 820 2326 die
831 2301 1045 2326 reverteremur
1057 2315 1066 2330 ‚
1089 2289 1195 2333 sermo·

320 2357 445 2388 nemque
466 2356 531 2379 cum
552 2356 583 2378 eo
600 2341 790 2377 haberemus.
818 2342 975 2375 abivimus
987 2351 1071 2383 ergo.
1101 2346 1138 2372 At
1146 2348 1197 2381 po·

313 2396 392 2438 llere
415 2396 463 2429 die
474 2392 604 2438 reversos
616 2403 673 2425 non
684 2390 799 2433 admifit
810 2416 821 2432 ,
847 2403 940 2435 neque
952 2391 1072 2433 quidem
1078 2387 1198 2433 satisfe-

321 2451 361 2480 cit
372 2447 478 2480 litteris
491 2469 502 2484 ,
523 2442 582 2486 sed
586 2442 703 2485 publice
707 2451 763 2485 pro
772 2447 900 2476 concione
912 2442 1017 2475 eadem
1030 2451 1096 2481 quae
1107 2441 1177 2472 ante
1189 2461 1199 2477 ,

321 2497 357 2531 (τ
378 2495 426 2529 bis
450 2495 593 2529 deteriora
613 2492 752 2537 dogmata
768 2489 920 2534 proposuit
935 2515 946 2531 ,
971 2488 1102 2532 &usque
1115 2489 1199 2521 hodie

322 2547 423 2580 docere
445 2555 503 2578 non
529 2540 647 2585 definit.
674 2542 797 2577 Daniel
821 2541 999 2584 Episcopus
1019 2539 1064 2572 est
1087 2538 1200 2572 eadem

323 2594 525 2631 contestatus
537 2618 544 2626 .
572 2593 664 2627 Nota
688 2592 849 2636 Episcopo
863 2588 1198 2631 Constantinopolita-

324 2658 373 2681 no
396 2645 489 2680 fuiffe
502 2644 661 2687 palatium
680 2642 714 2677 δε
735 2641 905 2685 Capellam
919 2640 1095 2683 palatinam
1107 2663 1116 2678 ,
1143 2636 1199 2671 ubi

324 2694 517 2731 Dominicis
538 2692 653 2728 diebus
674 2704 751 2727 cum
775 2691 911 2735 primate
931 2685 1201 2723 Cler0&illusti'i

326 2745 502 2780 nobilitate
523 2742 639 2788 agebat
650 2742 802 2787 synaxim
814 2765 825 2781 ,
853 2739 1024 2784 quomode>
1033 2737 1130 2772 etiam
1144 2735 1200 2770 ho·

327 2795 382 2830 die
403 2795 471 2839 agit
483 2795 664 2838 Episcopus
682 2793 913 2826 Romanorum
925 2814 932 2821 .
962 2787 1134 2832 Perperam
1146 2787 1203 2831 igi-

325 2854 380 2879 tur
390 2844 424 2878 id
435 2844 453 2878 a
463 2844 654 2888 quibusdam
664 2841 759 2885 typhi
771 2853 807 2875 ac
820 2838 917 2875 fastus
928 2848 1059 2873 notatur
1070 2864 1077 2870 .

377 2893 559 2929 Posteriora
569 2891 795 2938 Theopempti
806 2888 922 2930 verba,
948 2893 994 2922 Et
1017 2886 1104 2932 usque
1119 2886 1205 2922 hodie

333 2946 430 2979 docere
448 2956 505 2978 non
526 2943 628 2986 definit
639 2967 651 2984 ‚
676 2941 811 2977 discussa
823 2938 937 2973 volens
949 2937 1050 2972 Fidus
1070 2938 1203 2980 Joppen-

332 2995 374 3028 sis
398 2994 573 3038 Episcopus
587 2995 632 3027 est
655 2991 887 3027 interlocutus:
914 2993 951 3021 In
966 2988 1059 3032 suane
1071 2987 1204 3020 doc‘irtna

331 3044 493 3080 etiamnum
511 3046 553 3077 ad
558 3041 692 3087 praeftns
704 3049 819 3083 tempus
826 3038 958 3082 persistat
969 3036 1120 3084 Nestorius
1136 3061 1146 3076 ,
1172 3040 1207 3070 id

331 3093 448 3138 piiffimi
469 3092 607 3135 Episcopi
629 3097 748 3126 Aeacius
771 3088 989 3124 Melitinensis
1014 3113 1026 3129 ,
1061 3086 1205 3121 secundae

336 3142 503 3177 Armenia:
523 3142 760 3186 Metropolita,
786 3142 821 3175 6·
842 3143 988 3173 Dominus
1011 3136 1204 3171 Theodoretus

338 3193 536 3234 Ancyranus
557 3215 568 3233 ,
594 3191 809 3234 Metropolita
830 3190 939 3233 primae
960 3188 1099 3222 Galatiae
1118 3213 1128 3227 ,
1155 3194 1205 3230 qui

338 3252 436 3275 coram
454 3240 586 3285 adsunt,
612 3242 646 3274 (τ
666 3251 722 3273 non
737 3239 798 3283 fine
822 3241 948 3281 alicuius
959 3235 1073 3280 exipfis
1082 3239 1207 3279 periculo

339 3302 405 3324 cum
414 3301 444 3323 eo
455 3291 645 3334 disseruerunt
656 3315 668 3331 ,
692 3290 800 3332 optime*
811 3288 892 3323 nobis
906 3289 1052 3330 explicare
1058 3296 1204 3329 poterunt.

328 3343 408 3372 *Hos
425 3342 548 3381 proinde
568 3341 672 3374 obnixe*
691 3349 828 3383 rogamus
850 3361 861 3377 ,
896 3339 929 3370 (9
947 3347 1001 3379 per
1017 3335 1207 3380 sacrosanc‘la

343 3390 515 3433 Evangelia
536 3389 583 3426 hie
592 3388 738 3439 proposita
759 3385 938 3432 obsecramus
949 3411 961 3430 ,
986 3396 1019 3420 ue
1035 3393 1067 3421 in
1075 3383 1207 3431 praesen·

990 69 1446 111 APPENDix

1253 152 1326 178 tium
1350 148 1482 181 allorum
1498 149 1590 191 fidem
1613 151 1647 184 ζ’)
1667 151 1912 194 confirmationem
1936 151 2016 185 nobis
2035 162 2123 196 expo-

1254 206 1329 228 nant
1342 220 1352 235 ,
1377 199 1522 239 quidnam
1531 210 1602 234 ante
1607 208 1781 242 proximum
1790 201 1842 235 hoc
1854 204 1985 235 triduum
2007 213 2045 235 ex
2055 202 2119 245 ipsi)

1256 244 1385 286 Nestorio
1403 248 1584 281 ⁴audiverint
1606 273 1613 281 .
1651 250 1804 295 Uterque
1824 251 1883 286 iste
1907 252 2124 295 Metropolita

1255 304 1322 328 erat
1335 295 1488 328 Nessorio
1499 297 1705 333 amicissimus
1716 324 1726 339 ‚
1751 302 1784 335 &
1798 313 1833 334 ut
1848 303 1976 345 psoprio
1990 302 2125 335 patriar-

1255 342 1322 379 chae
1343 346 1429 388 quasi
1451 345 1607 388 subjestus
1630 359 1638 379 ι
1667 348 1733 382 Uti
1756 352 1845 385 enim
1866 349 2123 389 Thracicum&

1258 395 1453 437 Asiaticam,
1479 396 1522 429 ita
1545 397 1576 430 &
1597 396 1792 438 Ponticam,
1817 401 1851 433 in
1873 413 1934 445 qua
1948 401 2124 436 Galatia&

1258 444 1435 487 Armenia,
1462 445 1612 480 dioecesin
1633 445 1690 480 fibi
1703 446 1869 491 subjugare
1878 463 1916 483 ex
1930 463 2008 486 tunc
2019 462 2124 494 coepe·

1257 506 1325 528 rant
1348 494 1500 539 Episcopi
1523 496 1905 539 Constantinopolitani.
1932 500 2024 535 Hinc
2047 502 2121 535 isto.

1256 556 1326 579 rum
1338 546 1417 580 alter
1433 557 1486 589 per
1498 545 1643 580 Nestorii
1664 545 1804 590 argutias
1816 550 1939 581 nutasse
1951 551 2076 585 videtur
2085 561 2125 584 ac

1255 593 1403 629 titubasse
1415 619 1425 635 ,
1451 596 1591 639 ideoque
1605 597 1683 630 dicit
1696 595 1736 630 de
1749 597 1818 639 ipso
1831 597 1930 631 fidus
1943 610 1950 629 :
1978 603 2049 634 Non
2058 598 2126 643 abs-

1256 656 1311 687 que
1330 645 1453 687 alicuius
1475 658 1512 679 ex
1537 645 1602 688 ipfis
1622 648 1768 689 periculo.
1799 647 1875 680 Erat
1885 648 2126 693 accusatiogra·

1259 693 1399 734 viffima,
1425 706 1521 738 atque
1542 694 1617 729 ideo
1642 698 1776 730 Sanetus
1793 698 2125 741 Cytillus'ti‘t'rumque

1259 744 1505 787 Metropolitam
1518 746 1661 788 suprema
1674 749 1727 782 sua
1741 747 1906 790 synodalis
1918 745 2060 781 Praesidis
2071 758 2126 782 au-

1255 795 1401 829 ctoritate
1425 795 1464 828 ad
1485 794 1621 837 juratam
1632 797 1871 831 attestationem
1884 798 2010 841 coegit.
2037 797 2128 831 Con-

1256 844 1303 877 sta
1315 845 1458 879 amicum
1473 869 1483 884 ,
1510 844 1584 879 licet
1594 847 1746 891 compulsi
1758 872 1768 888 ,
1779 857 1886 881 tamen
1900 842 2128 891 deposuerunt,

1253 894 1286 928 δε
1306 894 1436 939 quidem
1459 894 1670 938 blasphemias
1695 896 1835 931 nimium
1857 896 2052 939 horrendas,
2079 897 2129 931 su·

1256 946 1359 987 petius
1382 949 1416 979 in
1439 944 1660 980 dissertatione
1681 947 1851 980 adductas.
1881 947 1923 980 Et
1943 946 2021 981 hinc
2038 947 2129 981 vides

1255 995 1295 1027 ad
1318 997 1424 1029 sansta
1437 995 1616 1040 Evangelia
1637 995 1853 1038 juramentum
1865 998 1926 1030 effe
1938 998 1971 1030 in
1986 997 2130 1032 Ecclesia

1258 1045 1524 1086 vetustissimum,
1549 1046 1583 1080 ὃς
1605 1047 1639 1079 in
1663 1046 1739 1080 fidei
1761 1047 1855 1081 causa
1874 1047 1965 1080 fuisse
1976 1048 2074 1081 etiam
2086 1046 2129 1081 ab

1258 1095 1426 1138 Episcopis
1436 1096 1583 1130 exastum
1594 1116 1602 1125 -

1304 1146 1500 1180 Amicorum
1522 1146 1809 1189 Metropolitas-um
1828 1146 1930 1189 jurata
1943 1145 2132 1180 testimonia

1258 1206 1314 1238 pro
1336 1195 1534 1230 authenticis
1554 1196 1678 1239 accepit
1702 1197 1854 1239 Synodus
1880 1221 1890 1236 ,
1928 1197 2129 1239 perrexitque

1260 1246 1431 1279 Flavianus
1452 1245 1668 1288 Metropolita
1681 1245 1913 1289 Philippensis:
1940 1244 2130 1289 Consequens

1257 1295 1296 1336 est
1309 1319 1318 1335 ‚
1343 1305 1377 1328 ut
1399 1295 1547 1328 beatorum
1569 1299 1698 1329 Patrum
1717 1296 1872 1336 nostrorum
1879 1294 2037 1338 sententiae
2049 1320 2060 1336 ‚
2084 1296 2130 1329 ad

1254 1344 1387 1388 praesens
1401 1345 1565 1384 institutum
1578 1345 1729 1386 facientes
1743 1370 1753 1386 ,
1779 1352 1812 1378 in
1832 1347 1961 1378 medium
1973 1344 2131 1388 proferan-

1258 1405 1324 1435 tur,
1348 1396 1535 1438 prolataeque
1555 1397 1589 1429 (τ’
1609 1395 1692 1428 lellae
1714 1402 1746 1428 in
1760 1395 1832 1428 Ma
1842 1395 2026 1437 reserantur.
2055 1395 2130 1430 Ete·

1260 1447 1329 1478 nim
1351 1446 1516 1489 generales
1538 1444 1663 1489 Synodi
1684 1457 1769 1479 nova
1792 1458 1858 1479 non
1883 1451 2047 1486 revelant,
2074 1444 2131 1479 sed

1259 1493 1453 1538 prophetica
1472 1494 1506 1528 δε
1530 1495 1726 1542 Evangelica
1737 1494 1894 1541 dogmata
1907 1496 2022 1538 partim
2031 1506 2075 1530 ex
2086 1496 2132 1529 sa·

1259 1545 1321 1578 cris
1333 1545 1449 1579 litteris
1459 1569 1469 1585 ,
1496 1545 1614 1587 partim
1625 1542 1791 1579 elucidant
1803 1557 1844 1579 ex
1855 1545 1966 1579 sanstis
1981 1544 2131 1579 Ecclefiae

1260 1593 1431 1633 Patribus,
1456 1593 1571 1636 utpote
1590 1594 1663 1627 fidis
1675 1594 1812 1636 Spiritus
1824 1596 1919 1628 saneti
1933 1595 2134 1633 Scriniariis‚

1258 1644 1291 1677 ὅ(
1305 1645 1404 1678 firmis
1415 1643 1602 1677 custodibus
1615 1643 1875 1687 Apostolicarum
1890 1640 2107 1678 traditionum
2121 1662 2134 1683 2

1259 1695 1311 1728 seu
1323 1693 1431 1727 arcani
1445 1693 1533 1727 istius
1546 1694 1690 1737 Depofiti
1704 1718 1714 1733 ,
1731 1695 1771 1728 de
1782 1705 1848 1736 quo
1860 1695 1900 1728 ad
1911 1692 2133 1729 Timotheum

1260 1743 1462 1787 Apostolus.-
1491 1743 1655 1785 Depositum
1681 1743 1804 1784 custodi.
1831 1744 1926 1778 Hine
1953 1745 2053 1788 igitur
2073 1742 2132 1777 Pe·

1257 1804 1323 1828 trus
1346 1792 1515 1835 Presbyter
1538 1794 1616 1837 legit
1641 1793 1826 1827 testimonia
1837 1795 1943 1827 Sancti
1955 1793 2042 1827 Petri
2055 1792 2134 1836 Epi-

1259 1844 1347 1887 scopi
1366 1844 1399 1877 ὄε
1422 1842 1577 1886 Martyris
1600 1842 1815 1877 Alexandrini
1834 1867 1844 1883 ,
1870 1842 1936 1885 ejus
1949 1843 2133 1877 successoris

1258 1894 1361 1929 Sancti
1386 1891 1577 1932 Athanasii,
1603 1893 1708 1926 Sancti
1735 1893 1812 1936 Julii
1836 1892 2134 1927 RomaniPontifi-

1256 1943 1322 1982 cis,
1346 1942 1412 1986 ejus
1432 1942 1615 1976 successoris
1638 1942 1757 1977 Felicis
1768 1943 1922 1983 secundi,
1948 1941 2133 1986 Theophili

1261 1992 1454 2028 Patriarchae
1468 1989 1707 2032 Alexandrini,
1734 1993 1838 2026 Sanffl
1855 1993 2034 2035 Cypriani,
2055 1993 2135 2025 San-

1257 2044 1298 2077 (ti
1314 2042 1500 2080 Ambrosii,
1527 2041 2031 2085 SanstiGregotiiNazianzeni‚
2056 2040 2136 2075 San-

1257 2095 1294 2127 sti
1312 2092 1416 2125 Bafim
1431 2091 1549 2135 Magni
1567 2115 1577 2131 ‚
1603 2091 1709 2125 Sanni
1723 2092 1873 2136 Gregorii
1888 2092 2024 2135 Nysseni
2036 2116 2046 2131 ,
2073 2087 2134 2126 Δι’·

1259 2142 1316 2177 tici
1354 2142 1510 2185 Episcopi
1532 2141 1893 2186 Constantinopolitani
1923 2165 1933 2181 ,
1967 2141 2002 2175 &
2027 2140 2136 2175 Sansti

1261 2190 1488 2234 Amphilochii
1503 2191 1723 2234 Metropolitae
1734 2191 1910 2225 iconiensis
1923 2215 1930 2223 .
1960 2190 2034 2226 Ubi
2049 2200 2130 2225 nota

1262 2243 1337 2285 Julii
1352 2242 1525 2275 Pontificis
1537 2240 1697 2284 Epistolas
1713 2266 1723 2281 ,
1740 2240 1780 2275 de
1791 2241 1910 2286 quibus
1922 2240 2133 2285 postmodum

1262 2292 1378 2336 litigari
1399 2301 1541 2334 coeptutn
1555 2315 1564 2330 ,
1590 2291 1683 2324 fuiffe
1701 2291 1742 2325 ab
1759 2289 1820 2325 hac
1833 2291 1969 2334 Synodo
1981 2292 2014 2324 in
2028 2291 2136 2325 Cano·

1262 2353 1335 2376 nem
1350 2351 1490 2384 receptas
1500 2366 1507 2373 .
1535 2340 1599 2374 Eas
1611 2339 1671 2374 esse
1683 2341 1724 2374 ab
1738 2342 1945 2383 Apollinario
1956 2340 2138 2374 Laodicen-

1241 2382 1246 2393 *
1262 2392 1282 2424 si
1298 2393 1448 2424 confictas
1473 2390 1608 2433 probare
1625 2390 1735 2424 multis
1745 2400 1882 2423 conatur
1894 2390 1927 2422 in
1940 2388 2022 2422 libro
2031 2388 2071 2423 de
2083 2391 2138 2424 Se·
2152 2380 2222 2420 Cap.
2239 2383 2266 2412 ⁸·

1262 2442 1318 2475 &is
1329 2441 1488 2474 Leontius
1501 2440 1699 2483 Byzantinus
1711 2463 1717 2471 .
1747 2439 1802 2472 Est
1816 2439 1949 2483 quaestio
1963 2440 2065 2484 longa
2076 2464 2084 2472 .

1312 2490 1421 2524 Etiam
1442 2490 1527 2523 varia
1540 2502 1580 2523 ex
1593 2489 1737 2523 Nestorii
1752 2489 1883 2532 Scriptis
1894 2488 2048 2523 deflorata
2063 2489 2136 2524 loca.

1263 2540 1344 2585 legit
1369 2540 1518 2573 laudatus
1541 2540 1655 2573 Petrus
1673 2562 1683 2578 ,
1709 2537 1913 2582 blasphemiis
1933 2539 2137 2582 pleniffima,

1264 2592 1297 2624 in
1320 2587 1439 2632 quibus
1461 2589 1667 2632 impudenter
1678 2588 1730 2622 ille
1742 2589 1932 2623 adfirmabat
1943 2596 2088 2622 nemmem
2097 2601 2136 2623 ex

1264 2639 1456 2677 Dodlorffius,
1484 2646 1535 2681 qut·
1559 2649 1630 2672 ante
1653 2640 1735 2672 illum
1757 2639 1929 2680 exstiterunt
1942 2664 1951 2679 ‚
1978 2651 2012 2672 ea
2020 2641 2135 2681 populis

1261 2692 1385 2724 locutum
1399 2713 1410 2730 ,
1435 2700 1494 2731 qua
1517 2687 1576 2731 ipse
1592 2690 1702 2722 locutus
1716 2688 1771 2729 est.
1800 2689 1848 2722 Ita
1861 2690 1921 2723 sese
1935 2689 2056 2723 Filium
2069 2690 2138 2723 sine

1266 2741 1382 2779 Patre,
1408 2750 1561 2782 tyronem
1585 2739 1649 2772 fine
1675 2738 1828 2781 magistro
1848 2764 1859 2779 ,
1893 2749 2079 2782 novumque
2101 2740 2138 2772 in

1267 2789 1404 2824 Ecclesia
1418 2787 1634 2832 dogmatisten
1650 2812 1661 2826 ,
1691 2786 1776 2821 idest
1791 2813 1801 2829 ,
1827 2788 2032 2822 manifestum
2044 2786 2138 2822 haere-

1266 2839 1367 2873 ticum
1389 2838 1434 2872 est
1458 2837 1560 2880 palam
1582 2838 1734 2881 professus
1747 2863 1754 2869 .
1782 2838 1824 2871 Et
1836 2837 1914 2873 hinc
1929 2837 2079 2872 adversus
2093 2838 2139 2872 ul-

1266 2891 1417 2923 teriorem
1444 2887 1613 2921 lectionem
1629 2887 1803 2921 Flavianus
1814 2887 2029 2932 Philippensis
2042 2888 2141 2922 inter·

1266 2939 1378 2972 cessit:
1405 2939 1653 2980 ,Quandoquidem
1679 2937 1823 2970 horrenda
1849 2941 1883 2972 <5
1903 2937 2074 2980 blasphema
2076 2936 2136 2979 fine

1267 2988 1393 3029 Nestorii
1418 2988 1508 3020 Didla
1529 3012 1539 3028 ,
1567 2998 1656 3029 neque
1676 2999 1764 3020 aures
1790 2987 1892 3027 nostrae
1913 2986 1986 3030 lusce
2008 2987 2134 3029 amplifi-s

1265 3043 1418 3081 inquinari
1436 3036 1542 3079 ferunt
1554 3061 1565 3077 ,
1591 3035 1769 3079 blasphema·
1788 3039 1868 3070 illius
1880 3049 1963 3071 voces
1975 3037 2018 3069 ad
2034 3042 2133 3077 perpe·

1266 3098 1348 3121 tuam
1358 3087 1484 3119 auc‘loris
1496 3085 1703 3130 accusationem
1715 3088 1748 3121 (9¹
1760 3097 1860 3120 notam
1872 3086 2040 3132 singulatim
2051 3084 2132 3117 abiis

1267 3136 1456 3182 inserantur.

1317 3187 1447 3221 Exinde
1471 3186 1621 3229 Capi-coli
1650 3184 1912 3231 Carthaginenfis
1941 3181 2135 3226 Archi-Epi-

1270 3238 1353 3280 scopi
1372 3237 1575 3281 dogmaticas
1588 3238 1708 3270 litteras
1721 3261 1731 3277 ,
1757 3248 1812 3280 per
1824 3234 1980 3268 Bess‘ulam
1991 3232 2134 3275 ejusdem

1270 3287 1456 3322 Diaconum
1476 3287 1509 3320 &
1528 3286 1630 3320 totius
1654 3284 1817 3320 Africanae
1837 3283 2008 3317 dioecescos
2038 3281 2134 3317 Vica-

1269 3339 1351 3370 rium
1376 3348 1413 3370 ac
1435 3336 1597 3381 Legatum
1619 3337 1658 3369 ad
1684 3335 1852 3376 synodum
1877 3332 1983 3366 missas
2004 3357 2014 3372 ‚
2051 3333 2133 3377 legit

1271 3386 1356 3422 idem
1376 3387 1489 3422 Petrus
1503 3411 1514 3427 ‚
1540 3387 1573 3420 ἀ
1594 3386 1635 3420 de
1654 3385 1741 3419 lectis
1761 3383 1892 3418 Sanstus
1907 3382 2051 3425 Cyrillus
2062 3393 2132 3423 pro-

2004 3443 2085 3466 nun—
