2340 3736
145 438 181 456 .1.
233 435 249 456 n
269 449 277 457 -

118 428 268 503 {baligdf
295 476 376 517 ciae,
402 487 438 509 ac
450 473 575 517 lllyrici
587 474 839 519 Metropolitas.
868 475 1094 509 Tuasanliitas
1118 485 1183 508 cum

119 505 205 546 Epist·
228 513 274 546 36.

115 773 183 806 Λᾶ.
203 783 230 811 5.

113 892 175 925 La.
193 895 250 923 c.6.

109 1161 196 1201 Epist·
220 1172 233 1199 5
239 1173 266 1192 2·

108 1204 265 1239 L3.Couc.

108 1242 248 1274 chalced.

107 1281 194 1321 EPist·
219 1295 243 1313 2·

106 1331 187 1355 cdx..

103 1516 151 1551 1--1
160 1521 264 1552 50026.

102 1703 242 1743 Epist-29.

100 2285 134 2320 L.-
144 2295 168 2314 2.
183 2294 239 2317 τά..

106 3013 241 3054 Epist-47.

367 208 461 240 120

297 273 459 314 Attamen
485 274 631 322 Legatus
660 284 733 309 non
758 273 822 310 fuit
847 298 860 316 ,
898 273 954 310 sed
978 273 1182 319 Legatorum

294 325 469 361 dumtaxat
478 324 688 361 Confiliarius
702 348 711 357 .

348 376 403 411 De
415 388 434 409 v
459 377 561 409 nturis
582 372 623 408 ad
637 374 811 419 Synodum
823 374 996 419 Episcopis
1016 374 1062 409 ita
1083 372 1183 408 habet

297 426 391 461 Sacra
404 427 438 460 D
451 425 530 458 valis
550 423 672 461 directa
683 425 724 461 ad
735 436 853 461 omnes
878 425 1027 460 Orientis
1042 449 1053 465 ,
1075 423 1182 458 Thra-

294 530 415 568 quantis
437 523 654 566 approbaverit
677 527 934 566 Reverendiffimis
948 524 1104 570 Episcopi:
1124 523 1182 569 sub

288 574 343 619 suo
352 575 518 609 sacerdotio
538 575 699 616 constitutis
705 574 731 619 s
723 576 878 609 anetarum
886 579 917 608 E
919 575 1078 618 cclest‘arum
1095 598 1106 614 ‚
1132 587 1183 610 ex-

287 632 395 668 pertas
406 624 587 659 habentibus
598 629 735 660 Divinas
752 629 920 669 Scripturas
931 650 943 666 ,
970 627 1005 661 &³
1017 632 1049 659 in
1056 623 1183 669 scientia

290 675 472 709 &dodana
480 675 652 710 orthodoxa
672 677 799 711 &vem
806 678 881 720 fidei
899 684 967 719 prae
977 676 1089 710 cuniiis
1112 683 1180 711 emi·

290 725 431 759 nentibus
451 749 464 765 ,
487 727 631 760 advenire
647 725 768 768 festinet
785 754 795 762 .
824 726 1030 771 Epiphanius
1057 727 1179 771 Tyrio-

288 786 363 810 tum
374 776 593 821 Metropolita
604 778 639 811 in
653 778 770 812 litteris
779 778 819 812 ad
832 776 1004 820 synodum
1016 777 1178 812 Constan-

288 826 547 872 tinopolitanam
556 826 616 862 sub
625 827 753 863 Menna
766 827 952 863 Patriarcha
963 827 1081 863 merito
1093 826 1179 862 hanc

288 875 465 921 synodum
483 888 581 913 vocat
614 889 770 923 magnam
791 904 803 920 ,
839 878 976 922 vereque
1006 877 1178 912 Facundus

286 926 538 963 Hermianenfis
558 927 741 973 Episcopus
753 929 862 965 scribit
876 930 970 963 fuifle
992 928 1177 962 numerosis-

285 976 400 1013 simam
409 1004 418 1012 .
445 978 581 1013 Etenim
591 977 772 1023 Cecropius
782 978 1081 1021 Sebastopolitanus
1099 978 1176 1022 Epi·

285 1027 403 1072 scopus
420 1025 456 1064 in
480 1036 595 1072 quarta
604 1027 748 1063 Affione
771 1027 859 1063 dixit
881 1029 974 1064 fisiffe
995 1028 1176 1073 Episcopos

285 1077 380 1112 mille
411 1078 573 1112 ducentos
592 1102 605 1119 ,
641 1079 824 1114 Lucentius
853 1088 963 1114 autem
999 1079 1175 1114 Romanus

285 1127 429 1173 Legatus
449 1126 537 1163 solos
557 1130 730 1163 sexcentos
751 1155 762 1170 ,
798 1129 1076 1174 adstipulaturque
1097 1130 1175 1165 San-

284 1179 353 1211 etus
365 1178 437 1212 Leo
447 1178 483 1212 in
494 1178 611 1214 litteris
622 1179 662 1214 ad
674 1180 857 1223 Episcopos
868 1179 1063 1215 Gallicanos
1075 1204 1082 1212 .
1111 1179 1173 1215 Re-

284 1227 365 1262 latio
378 1228 547 1273 synodalis
555 1229 596 1264 ad
609 1229 779 1264 laudatum
791 1229 991 1265 Pontificem
1001 1254 1013 1270 ,
1042 1231 1076 1264 &
1088 1229 1173 1265 Mar-

282 1278 366 1313 tiani
379 1279 524 1324 Augusti
546 1277 588 1314 ad
599 1278 787 1315 Palladium
811 1280 967 1316 Praetorio
987 1279 1172 1316 Praefeistum

281 1328 401 1363 diretta
423 1327 574 1366 adversus
592 1329 815 1374 Eutychetem
837 1342 876 1366 ac
898 1330 966 1375 ejus
988 1330 1173 1366 monachos

282 1378 337 1414 lex
349 1379 497 1415 statuunt
517 1379 604 1416 solos
614 1381 814 1427 quingentos
838 1381 976 1427 viginti.
1004 1380 1172 1426 Nicepho-

280 1440 335 1465 ωε
356 1428 506 1466 calixtus
531 1430 603 1466 vult
622 1431 717 1467 fuisse
741 1433 909 1467 sexcentos
931 1432 1067 1477 triginta
1093 1433 1172 1473 sex,

283 1478 563 1525 adstipulaturque
584 1482 789 1517 Hincmarus
800 1482 969 1517 Remenfis
989 1482 1171 1527 Episcopus

282 1529 316 1563 in
329 1530 448 1566 litteris
470 1529 511 1566 ad
521 1531 734 1568 Ludovieum
746 1533 880 1567 tertium
892 1533 1093 1567 Francorum
1110 1532 1171 1567 Re-

280 1591 378 1626 gem,
406 1581 496 1625 ajens
518 1582 613 1616 fuine
632 1582 803 1627 plusquam
824 1583 994 1617 sexcentos
1016 1582 1170 1628 triginta.

280 1632 330 1665 At
344 1631 420 1666 vero
439 1632 594 1667 Seleucus
604 1631 787 1668 Amasenus
808 1632 989 1677 Episcopus
1011 1644 1048 1666 ac
1069 1633 1172 1666 Hele-

281 1682 672 1726 nopontiMetropolita,
699 1682 916 1718 inlitterisad
927 1683 1076 1718 Leonem
1102 1682 1172 1717 Au·

278 1732 410 1777 gustum
433 1732 638 1768 exstantibus
658 1733 730 1778 post
753 1731 840 1767 hanc
865 1733 1064 1777 Synodum,
1089 1734 1171 1768 affir-

278 1791 349 1816 mat
372 1781 464 1818 suiffe
475 1784 646 1818 sexcentos
666 1783 823 1828 triginta,
850 1795 921 1828 quae
944 1784 1102 1819 sententia
1122 1784 1168 1819 est

277 1832 423 1867 omnino
434 1834 624 1869 communis
636 1834 671 1868 ὃς
687 1845 761 1869 vera
773 1860 781 1867 .
809 1834 892 1870 Eam
905 1834 1024 1870 affidue
1035 1834 1122 1881 leges
1134 1835 1168 1871 in

278 1882 426 1926 antiquis
440 1885 671 1919 monumentis
683 1909 691 1919 .

329 1930 435 1968 Porro
445 1945 488 1967 ex
511 1934 584 1969 solo
598 1935 760 1976 Oriente,
787 1935 957 1976 Thracia,
983 1946 1081 1980 atque
1091 1934 1166 1979 Illy·

276 1983 348 2019 rico
369 1984 550 2029 Episcopos
571 1985 722 2019 invitavit
755 1986 945 2021 Marcianus
971 1985 1142 2032 Augustus
1155 2010 1166 2026 ,

275 2033 367 2079 quod
388 2032 524 2076 Africa,
551 2033 683 2076 Gallia,
709 2036 871 2078 Hispania
886 2059 897 2076 ,
923 2048 961 2071 ac
972 2037 1082 2071 omnis
1107 2037 1167 2070 fer-

274 2084 329 2119 me
340 2083 507 2119 Occidens
526 2095 672 2129 gemeret
691 2085 751 2120 sub
773 2086 921 2121 Barbaris
941 2086 1166 2130 spernentibus

274 2134 466 2175 Romanam
494 2134 702 2178 Maiestatem
721 2159 732 2176 ‚
767 2135 908 2180 ideoque
929 2147 1040 2170 earum
1063 2137 1167 2182 regio-

274 2196 356 2220 num
375 2184 550 2219 Antistites
571 2184 728 2221 Pontifici
743 2197 858 2220 eorum
880 2185 1075 2220 Patriarchae
1096 2186 1164 2220 reli-

275 2236 348 2280 quit
361 2261 369 2268 .
397 2235 503 2269 Addit
514 2235 676 2281 Evagrius
699 2235 952 2279 Epiphanienfis
964 2261 972 2267 .
998 2235 1165 2275 Nestorium

276 2291 370 2320 etiam
381 2284 545 2327 accerfitum
555 2286 726 2319 Zacharias
739 2286 851 2319 Rhetor
859 2286 1011 2328 affbt‘lione
1031 2288 1166 2329 quadam

277 2342 374 2369 animi
396 2335 537 2368 indubius
557 2336 673 2378 effert:
701 2336 834 2380 Utique
853 2337 893 2370 ad
907 2337 1104 2370 movendam
1129 2347 1165 2371 ac

277 2385 534 2429 promovendam
566 2387 666 2420 causae
684 2388 750 2428 vsuae
772 2386 813 2420 ab
848 2386 1006 2430 Ephefina
1030 2385 1165 2430 Synodo

277 2434 436 2470 damnatae
446 2436 726 2485 retractationem.
755 2435 802 2470 At
814 2436 909 2471 illum
921 2436 1055 2470 mentiri
1078 2437 1167 2471 evin-

277 2487 325 2521 cit
335 2485 387 2520 vel
399 2486 466 2519 sola
477 2486 568 2520 Oasis
579 2511 589 2527 ‚
618 2486 654 2520 in
665 2496 765 2531 quam
777 2484 818 2521 ad
828 2497 1013 2531 perpetuam
1025 2486 1167 2521 oblivio-

277 2547 354 2570 nem
367 2536 428 2570 fuit
438 2535 612 2570 Nestorius
639 2536 853 2580 proscriptus.
882 2536 988 2571 Addit
1003 2536 1167 2570 Eustatius

275 2587 459 2630 Berytensis
481 2586 664 2630 Episcopus
675 2586 711 2621 in
737 2586 854 2622 litteris
863 2587 904 2621 ad
917 2587 1079 2630 Ioannem
1093 2586 1165 2629 Epi-

276 2637 412 2680 scopum
425 2648 463 2670 ac
485 2636 520 2670 in
533 2635 648 2671 litteris
666 2635 707 2670 ad
733 2637 896 2681 Joannem
917 2635 1162 2680 Presbyterum.

277 2690 343 2720 Huc
362 2685 610 2722 Chalcedonem
632 2688 842 2721 adventarunt
854 2711 865 2728 ,
889 2694 943 2730 qui
954 2686 1084 2728 Nestorii
1101 2688 1167 2720 reli-

277 2743 364 2779 quias
371 2735 474 2780 sedulo
490 2742 673 2780 perquirunt
684 2762 694 2777 ‚
721 2739 868 2772 &contra
880 2739 1044 2771 concilium
1061 2739 1105 2770 ita
1114 2747 1167 2771 ια’-

274 2794 388 2827 ‘perum
409 2786 568 2829 vociferari
589 2800 596 2820 :
623 2786 753 2834 QJID
784 2787 877 2822 EST
900 2811 912 2827 ‚
937 2787 1168 2835 QJAMOB-

278 2836 387 2875 REM
414 2836 616 2871 SANCTlS
641 2837 765 2873 VIRIS
784 2837 1165 2874 DENUNClATUR

277 2886 570 2922 ANATHEMA
590 2889 603 2921 ?
627 2889 674 2921 Sic
695 2897 730 2920 ut
751 2892 916 2930 Imperator
947 2900 1010 2922 rem
1028 2893 1168 2932 gravIter

277 2937 427 2972 &acerbe
444 2938 672 2982 ferensjufferit
691 2937 897 2981 satellitibus,
925 2947 959 2971 ut
968 2939 1094 2971 eosinde?
1102 2946 1167 2979 pro.

277 2989 328 3022 cul
334 2988 512 3029 expellerent
521 3014 529 3021 .
557 2988 723 3024 Executus
733 2989 777 3023 est
789 2987 963 3022 Pontificis
974 2988 1164 3023 mandatum

277 3037 320 3073 nd
333 3037 502 3081 Synodum
516 3063 523 3072 .
551 3042 667 3072 Prior-is
676 3037 834 3081 prefinae
851 3040 972 3078 synodi,
1000 3045 1044 3073 cui
1051 3036 1166 3082 sant¹7ae

277 3094 427 3122 memoria*
447 3089 573 3126 cyrillus
588 3087 754 3132 Epiftopus
774 3099 841 3122 tunc
862 3088 1007 3133 praesedit
1033 3113 1043 3129 ‚
1068 3096 1166 3122 contra

280 3138 447 3179 Nestorium
464 3137 630 3182 specialiter
644 3138 763 3179 statuta
778 3147 997 3181 permaneant:
1025 3143 1077 3172 Ne
1098 3146 1167 3172 tunc

281 3191 431 3222 damnata
439 3194 576 3230 impietas
586 3190 650 3222 ideo
653 3188 709 3230 fibi
718 3195 751 3222 in
760 3192 859 3233 aliquo
870 3190 1046 3224 blandiatur
1056 3214 1067 3230 ,
1095 3194 1166 3231 quia

283 3238 423 3277 Eutyches
436 3238 521 3280 justa
532 3243 715 3272 execratione
732 3241 924 3281 percellitur.
953 3243 1078 3273 Puritas
1088 3244 1166 3272 enim

280 3286 451 3331 fideiatque
471 3288 634 3329 cladrim,
662 3299 754 3330 quam
777 3291 898 3330 eodem,
926 3302 982 3332 quo
988 3286 1086 3333 san&
1105 3291 1165 3321 Pa-

285 3344 346 3374 tres
366 3337 450 3375 nostri
472 3362 483 3376 ,
504 3337 615 3381 spiritu
639 3339 840 3379 praedicamus
861 3364 874 3380 ,
901 3339 1110 3378 Nestorianam
1132 3340 1166 3372 (9

286 3385 506 3426 Eutychianam
515 3399 577 3421 cum
592 3387 658 3431 suis
682 3388 847 3422 ‘tucioribus
867 3392 1042 3423 condemnat
1048 3395 1165 3432 pariter

286 3435 322 3468 es
334 3432 522 3477 persequitur
538 3444 729 3478 pravitatem
749 3464 757 3470 .
792 3438 953 3473 Futurum
975 3437 1165 3481 praevidebat

285 3483 444 3519 Pontifex
469 3485 715 3528 sapientiffimus
727 3512 737 3527 ‚
764 3498 801 3522 ut
812 3490 847 3522 ὃ(
860 3489 1048 3523 Nestoriani
1061 3489 1162 3532 'postu-

284 3533 351 3573 lata
363 3535 463 3570 causse
485 3536 780 3578 suaeretrastatione
803 3538 992 3580 turbarent,
1020 3539 1168 3581 &Euty-

910 193 1547 238 Dzssek‘rnr‘to

1239 271 1351 308 chiani
1373 275 1492 318 quovis
1501 276 1630 318 quaefito
1652 279 1732 313 fuco
1755 276 1929 323 synodum
1952 277 1994 314 de
2015 277 2135 315 Nesto·

1240 324 1330 358 tiana
1345 323 1399 357 lue
1423 324 1641 366 infamarent,
1670 327 1808 373 ideoque
1819 328 1933 364 ambos
1953 329 2060 364 voluit
2079 328 2136 363 de·

1242 373 1310 408 nuo
1330 374 1549 417 pariformiter
1566 374 1608 409 ab
1617 374 1674 410 illa
1695 378 1868 415 damnatos
1889 406 1897 413 .
1924 380 2134 428 Qapropter

1242 423 1323 458 bene
1347 425 1518 460 concludit
1540 425 1721 469 Evagrius:
1748 431 1901 472 ,Quomodo
1911 436 2003 475 igitur
2023 428 2131 472 Nesto-

1241 480 1305 508 rius
1311 473 1351 517 fit
1362 475 1510 518 accerfitus
1524 500 1535 516 ,
1561 488 1619 510 non
1625 476 1736 519 poffum
1747 482 1882 520 equidem
1890 482 1983 515 dicere
1994 506 2001 513 .

1293 525 1404 560 Locus
1427 525 1566 569 Synodo
1590 526 1772 562 destinatus
1790 529 1853 562 fuit
1867 528 1985 566 Nicaea
2010 529 2127 574 Bithy·

1243 574 1322 609 niae.
1348 575 1396 610 Ita
1407 575 1524 611 diserte
1546 574 1644 612 habet
1665 577 1759 612 Sacra
1779 576 1926 614 Divalis.
1953 581 1998 614 Et
2017 581 2128 616 lauda*

1243 635 1295 659 tus
1315 625 1494 670 Evagrius.
1522 629 1694 662 Sacerdotes
1712 631 1815 670 primo
1836 632 1980 661 Nicaeam
2003 629 2127 672 accerfiti

1237 673 1311 717 sunt
1324 700 1334 715 ‚
1359 677 1435 709 adeo
1445 686 1480 710 ut
1501 678 1566 710 cum
1577 682 1637 712 Leo
1658 682 1812 713 Romanus
1824 676 1990 721 Episcopus
2015 683 2059 713 ad
2076 693 2127 715 eos

1240 726 1362 759 litteras
1372 727 1460 760 daret
1464 734 1521 768 per
1545 728 1778 772 Pascbafinum‚
1805 733 2000 770 Lucentiam,
2027 731 2128 765 &ce-

1241 784 1319 809 teros
1332 800 1343 816 ‚
1369 788 1442 819 quos
1455 780 1488 810 eb
1509 778 1555 810 ad
1555 776 1741 820 ficumlocum
1758 779 1958 823 supplendum
1979 778 2103 823 miserat
2115 804 2128 821 ,

1239 837 1290 858 eas
1299 825 1337 868 fic
1346 824 1536 870 inscriberet:
1564 828 1798 865 EPISCOPIS
1809 829 1845 863 N
1847 830 2001 864 ICAEAE
2013 830 2128 866 CON-

1242 875 1471 911 VOCATIS.
1499 878 1603 926 Qiod
1614 880 1716 924 ipsum
1738 890 1831 914 notat
1843 880 2008 915 Vaticana
2029 879 2127 926 gene-

1240 926 1355 960 ralium
1370 927 1601 963 Conciliorum
1612 929 1714 965 editio
1726 930 1807 965 facta
1817 929 1899 972 juffu
1911 930 2007 965 Pauli
2029 932 2127 974 quin·

1240 977 1266 1011 ti
1290 976 1482 1012 Pontificis.
1506 978 1645 1015 Addidit
1657 980 1812 1025 Princeps
1839 980 1999 1016 inlitteris
2009 983 2127 1015 traisto-

1237 1026 1293 1060 riis
1310 1027 1352 1062 ad
1372 1026 1571 1064 Anatolium
1595 1030 1795 1075 Episcopum
1819 1030 2126 1075 Constantinopoli=

1239 1087 1373 1111 tanum:
1399 1080 1482 1114 sciat
1505 1081 1619 1125 Religio
1638 1080 1734 1121 vestra
1743 1086 1835 1115 etiam
1854 1082 2053 1116 serenitatem
2075 1094 2123 1116 noe

1230 1127 1326 1168 stram
1338 1130 1504 1164 venerabili
1522 1132 1629 1170 synodo
1647 1131 1864 1173 interfuturam
1874 1155 1887 1172 ,
1912 1130 2052 1175 nififorte
2066 1140 2124 1174 pu·
2141 1118 2308 1188 Ῐςῶἳὲἓε

1237 1177 1320 1212 blicae
1330 1181 1506 1221 neceffitates
1527 1187 1560 1214 ln
1586 1181 1823 1224 expeditionibus
1846 1192 1900 1215 nos
1918 1182 2122 1216 detinuerint.
2144 1178 2283 1235 Epist-37]

1238 1229 1289 1262 Eo
1301 1240 1444 1274 namque
1467 1241 1614 1276 tempore
1628 1232 1691 1266 Dei
1703 1230 1871 1277 flagellum
1900 1231 2007 1266 Attila
2019 1231 2126 1276 Illyri,-

1235 1289 1275 1313 co
1286 1277 1464 1315 imminens
1473 1281 1516 1316 iti
1529 1281 1620 1326 loqui
1628 1282 1770 1327 cogebat
1779 1307 1788 1315 .
1814 1282 1927 1316 Etiam
1939 1282 2011 1325 post
2021 1283 2124 1326 lapsas

1236 1329 1398 1365 Calendas
1408 1331 1608 1376 Septembres
1627 1333 1660 1367 ἀ
1673 1331 1836 1367 adunatos
1860 1331 1979 1367 Nicaeae
1989 1332 2126 1376 Episcm

1238 1391 1295 1422 pos
1316 1381 1450 1415 extorfit
1473 1379 1539 1416 haec
1561 1381 1658 1417 verba
1676 1395 1683 1414 ε
1723 1384 1808 1426 ‚Quia
1830 1383 1968 1417 volumus
1994 1386 2125 1426 inter-effe
2145 1386 2282 1427 Epist.38.

1229 1427 1334 1522 Ῠυιέῖο
1355 1433 1506 1474 Concilio,
1532 1437 1662 1467 retinent
1673 1435 1744 1467 vero
1768 1445 1821 1466 nos
1828 1433 1960 1476 publicae
1982 1431 2126 1476 &neces-

1248 1486 1323 1514 ariae
1333 1483 1482 1516 utilitates
1502 1488 1535 1516 in
1544 1484 1732 1526 expeditione
1756 1484 1843 1528 apud
1855 1482 2026 1526 Illyricum
2038 1507 2050 1523 ‚
2075 1484 2122 1516 di-

1230 1540 1340 1574 gnetur
1352 1531 1448 1571 vestra
1459 1534 1572 1577 Religio
1581 1545 1639 1567 non
1650 1533 1795 1567 arbitrari
1800 1546 1898 1578 grave
1911 1533 2015 1575 nostrae
2025 1535 2121 1567 Tran-

1234 1581 1391 1622 quillitatis
1403 1582 1572 1626 absentiam
1585 1582 1726 1626 sustinere
1738 1607 1748 1623 ‚
1770 1582 1830 1627 sed
1847 1595 1932 1618 orare
1943 1608 1955 1624 ‚
1975 1583 2120 1625 quatenus

1234 1641 1295 1672 ea,
1317 1643 1386 1675 quae
1409 1637 1487 1666 inter
1511 1644 1620 1666 manus·
1642 1632 1786 1667 babemus
1807 1658 1818 1673 ,
1845 1638 1908 1674 Deo
1931 1635 2121 1672 auxiliante,

1234 1680 1306 1714 bene
1325 1681 1515 1725 disponentes
1537 1683 1605 1717 illuc
1622 1688 1728 1717 venire
1746 1683 1885 1724 poffimus
1906 1708 1914 1716 .
1942 1682 2120 1718 Consulari
2141 1690 2280 1732 Ep1st‚39‚

1236 1730 1367 1765 interim
1378 1731 1545 1775 Bithyniae
1566 1733 1717 1778 Stratego
1729 1732 1844 1767 datum
1862 1732 1908 1767 est
1925 1731 2121 1767 mandatum

1232 1782 1458 1824 compescendi
1485 1782 1595 1817 turbas
1617 1806 1627 1822 ,
1664 1782 1881 1826 ejiciendique
1914 1783 2065 1818 Clericos
2083 1783 2120 1817 δε

1234 1828 1422 1866 Monachos
1434 1843 1502 1866 non
1514 1832 1724 1871 necessarios,
1748 1831 1767 1864 ὲ
1777 1831 1897 1876 quibus
1907 1833 2034 1867 soleant
2054 1833 2120 1867 cie·

1233 1880 1258 1915 ri
1279 1891 1407 1916 motus.
1436 1881 1595 1917 Attamen
1618 1881 1806 1926 Apostolici
1817 1882 1936 1928 Legati
1946 1882 1992 1917 ob
2004 1882 2120 1927 cogni-

1232 1942 1303 1967 tum
1327 1931 1652 1976 Eutychianistarum
1684 1932 1820 1978 genium
1841 1932 1934 1968 anxii
1956 1932 2118 1968 haerebant

1234 1983 1266 2016 in
1277 1981 1384 2028 Regia
1394 1984 1524 2019 civitate
1533 2009 1545 2027 ‚
1571 1985 1637 2019 fine
1646 1983 1798 2028 Principe
1811 1985 1960 2019 nolentes
1970 1983 2118 2018 Nicaeam

1231 2031 1382 2068 accedere
1403 2058 1414 2074 ,
1441 2035 1522 2070 varii
1550 2034 1705 2079 Episcopi
1735 2041 1864 2077 corporis
1886 2035 2061 2077 infirmitate
2081 2044 2118 2067 ac

1230 2084 1299 2117 aliis
1320 2083 1443 2125 diverfis
1463 2084 1552 2126 caufis
1573 2084 1771 2125 laborabant,
1797 2082 1941 2128 ideoque
1961 2083 2118 2127 Princeps

1230 2135 1342 2168 venire
1361 2134 1474 2168 volens
1493 2157 1503 2173 ,
1529 2143 1563 2168 at
1582 2145 1651 2168 non
1672 2134 1785 2168 valens
1807 2133 1928 2178 scripsit
1948 2133 1990 2168 ad
2013 2133 2120 2176 Syno-

1230 2183 1310 2218 dum
1322 2209 1330 2217 .
1359 2185 1443 2218 Licit
1449 2186 1650 2226 plurimarum
1655 2184 1841 2226 publicarum
1852 2181 2010 2226 causarum
2031 2181 2118 2216 nobi}
2137 2187 2275 2230 Epist.40.

1224 2233 1262 2276 fit
1284 2233 1332 2267 hic
1356 2235 1526 2268 remorandi
1547 2236 1695 2275 neceffitas
1716 2258 1728 2275 ,
1754 2242 1856 2267 tamen
1879 2233 2118 2275 praeponendam

1230 2283 1367 2318 omnibus
1379 2295 1479 2318 curam
1486 2281 1601 2327 sanliae
1611 2285 1646 2318 &
1657 2283 1825 2317 orthodoxae
1830 2282 1906 2326 fidei
1917 2285 2095 2324 judicamus
2106 2308 2116 2316 .

1230 2332 1754 2378 NamesReligioffimtEpifiopi&
1778 2333 1960 2374 Presbyteri,
1985 2339 2038 2376 qui
2050 2338 2117 2367 vice

1224 2382 1391 2427 sanHifflmi
1411 2385 1447 2418 θ
1471 2387 1533 2417 Deo
1555 2383 1723 2424 diledtfflmi
1742 2386 1851 2417 Leonis
1876 2381 2115 2425 Archi-Epiftopi

1224 2432 1391 2475 feliciffimae
1423 2433 1506 2467 urbis
1529 2437 1632 2467 Rome
1654 2441 1803 2467 venerunt
1825 2457 1836 2474 ,
1862 2433 2001 2480 b-nostra
2021 2435 2118 2467 Tran-

1229 2484 1377 2527 quillitate
1396 2489 1548 2525 petierunt
1560 2508 1571 2523 ‚
1597 2484 1745 2526 quatenus
1754 2488 1835 2516 omni
1852 2481 1937 2517 modo
1945 2494 2000 2517 nos
2019 2483 2116 2527 adi-’ffe

1231 2534 1393 2567 debeamus
1412 2533 1517 2577 sanda
1537 2533 1666 2567 Concilio
1681 2557 1691 2573 ,
1717 2532 1917 2575 adfirmantes
1937 2558 1948 2574 ‚
1973 2539 2114 2576 quoniam

1230 2595 1286 2617 non
1293 2589 1449 2625 patientur
1458 2583 1547 2624 illuc,
1572 2581 1696 2626 absente
1706 2581 1802 2623 nostra
1824 2586 1962 2624 Pietate,
1989 2589 2110 2617 venire.

1231 2634 1394 2667 Secundum
1401 2640 1572 2676 petitionem
1583 2636 1655 2668 vero
1680 2632 1788 2674 vestrae
1796 2634 1973 2667 sanc‘litatis
1995 2645 2048 2666 nos
2061 2632 2118 2676 ipfi

1229 2685 1322 2718 valde
1335 2693 1504 2726 quaerentes
1515 2685 1652 2719 velociter
1661 2683 1790 2725 vestrum
1805 2681 2015 2727 sanHffmum
2036 2687 2114 2716 Con-

1227 2736 1326 2768 cilium
1335 2734 1476 2768 celebrari
1487 2760 1498 2775 ‚
1517 2734 1698 2777 festinamus
1708 2735 1753 2767 ad
1763 2746 1817 2768 vos
1827 2734 2000 2777 quantocyus
2018 2735 2112 2767 adve-
2134 2736 2138 2740 '

1229 2791 1294 2818 nire
1307 2810 1314 2817 .
1341 2786 1427 2818 Unde
1448 2810 1458 2825 ‚
1478 2783 1507 2825 fi
1517 2785 1616 2827 placet
1636 2783 1741 2825 vestrae
1767 2787 1902 2824 Pietati,
1926 2786 1971 2818 ad
1992 2783 2112 2817 Chalcess

1228 2833 1384 2877 donensem
1407 2838 1575 2868 Civitatem
1598 2839 1702 2869 venire
1720 2835 1884 2878 dignemini
1902 2848 1916 2868 .-
1940 2835 2012 2868 Illuc
2031 2839 2113 2868 enm

1228 2895 1417 2920 excurremus
1427 2907 1438 2924 ‚
1461 2886 1529 2919 licit
1538 2885 1586 2918 bic
1594 2897 1645 2918 nos
1652 2884 1782 2927 publicae
1793 2883 1889 2928 causae
1901 2886 2058 2919 detineant·
2068 2908 2076 2915 .
2106 2894 2107 2897 ¹

1249 2967 1254 2973 ,
1282 2934 1329 2969 At
1341 2946 1416 2969 ecce
1426 2935 1612 2979 supervenit
1622 2935 1714 2969 casus
1724 2935 1954 2970 funestiffimus
1968 2959 1979 2975 ‚
1994 2934 2036 2969 de
2046 2943 2114 2977 quo

1227 2985 1431 3020 Theodorus
1452 2984 1599 3021 Ecclefiae
1619 2985 1851 3020 Alexandrinae
1880 2985 2053 3019 Diaconus
2078 2984 2114 3016 in

1227 3035 1350 3070 libellis
1366 3036 1472 3070 Leoni
1496 3034 1651 3070 Pontifici
1671 3034 1707 3069 δε
1729 3035 1867 3078 Synodo
1889 3034 2005 3070 nostra:
2024 3031 2115 3068 exhi·

1229 3085 1305 3121 bitis
1337 3083 1504 3120 adversum
1524 3086 1663 3120 crimina
1694 3084 1848 3129 Episcopi
1866 3086 1920 3120 ‘lui
1941 3083 2109 3120 Dioscori.

1228 3135 1384 3176 ostendam
1401 3138 1436 3170 (9·
1454 3137 1533 3178 quod
1549 3141 1584 3168 in
1605 3139 1715 3169 Nicea
1741 3135 1892 3177 Metropoli
1914 3135 1954 3168 ab
1977 3144 2010 3166 oo
2026 3141 2112 3166 terne-
2128 3142 2196 3180 Ast,
2219 3152 2249 3182 3,

1227 3185 1422 3230 rariegestum
1433 3186 1490 3225 est.
1519 3192 1577 3222 Hic
1599 3196 1727 3227 namque
1732 3179 2109 3229 sanc‘iiffimus‘Dioscvrus,

1227 3242 1324 3280 magis
1345 3244 1445 3270 autem
1454 3241 1529 3269 circa
1539 3242 1637 3270 omnia
1655 3235 1861 3278 ferociffimus,
1887 3238 1920 3266 in
1929 3230 2110 3274 consuetudi-

1227 3299 1264 3321 ne
1278 3286 1394 3320 habens
1412 3288 1488 3330 leges
1509 3293 1710 3326 praevaricari
1722 3311 1732 3326 ,
1759 3285 1839 3318 nihil
1863 3283 2016 3315 arbitrans
2032 3284 2112 3325 quod

1227 3337 1266 3371 ab
1286 3334 1346 3379 ipso
1365 3343 1398 3370 in
1423 3334 1541 3379 sant‘lae
1560 3343 1708 3370 memoriae
1729 3335 1914 3368 Flavianum
1935 3333 2108 3376 commissum

1225 3387 1262 3428 est
1273 3412 1284 3428 ‚
1311 3385 1430 3430 insuper
1439 3387 1482 3418 ad
1502 3386 1584 3420 mala
1595 3389 1709 3428 majora
1720 3382 1874 3426 see-ertit.
1901 3386 2109 3415 Excommuni-

1226 3442 1368 3472 cationem
1380 3448 1506 3480 namque
1512 3435 1634 3478 faciens
1655 3442 1756 3468 contra
1772 3431 1979 3476 sanfflfflmum
1997 3443 2031 3464 ‘1⁶
2042 3432 2109 3467 bea·

1227 3489 1359 3528 tiffimum
1372 3487 1534 3528 Apostolicae
1553 3487 1638 3519 Sedis
1655 3493 1774 3526 magnae
1793 3484 1896 3516 Romae
1908 3480 2088 3524 Episcopum
2098 3506 2111 3522 ‚

1223 3537 1314 3583 suafit
1318 3535 1493 3589 subscribere
1503 3542 1568 3576 eis,
1592 3539 1718 3578 quicum
1731 3532 1792 3577 ipsit
1814 3534 1852 3570 de
1873 3535 2004 3579 AEgypto
2023 3543 2115 3566 venc-

1967 3590 2064 3622 rant,
