<?xml version="1.0" encoding="UTF-8"?>
<!DOCTYPE html PUBLIC "-//W3C//DTD XHTML 1.0 Transitional//EN"
    "http://www.w3.org/TR/xhtml1/DTD/xhtml1-transitional.dtd">
<html xmlns="http://www.w3.org/1999/xhtml" xml:lang="en" lang="en">
 <head>
  <title>
</title>
<meta http-equiv="Content-Type" content="text/html;charset=utf-8" />
  <meta name='ocr-system' content='tesseract 3.04.00' />
  <meta name='ocr-capabilities' content='ocr_page ocr_carea ocr_par ocr_line ocrx_word'/>
</head>
<body>
  <div class='ocr_page' id='page_1' title='image "./operaomniastudio02lupuuoft_0265.png"; bbox 0 0 2340 3736; ppageno 0'>
   <div class='ocr_carea' id='block_1_1' title="bbox 648 152 2012 220">
    <p class='ocr_par' dir='ltr' id='par_1_1' title="bbox 648 152 2012 220">
     <span class='ocr_line' id='line_1_1' title="bbox 648 152 2012 220; baseline -0.002 -17"><span class='ocrx_word' id='word_1_1' title='bbox 648 161 736 208; x_wconf 89' lang='lat' dir='ltr'>AD</span> <span class='ocrx_word' id='word_1_2' title='bbox 770 152 1701 203; x_wconf 41' lang='lat' dir='ltr'>*Sy-nonuntCHALcEDONENSEM.</span> <span class='ocrx_word' id='word_1_3' title='bbox 1916 173 2012 220; x_wconf 81' lang='lat'>243</span> 
     </span>
    </p>
   </div>
   <div class='ocr_carea' id='block_1_2' title="bbox 1169 308 1184 448">
    <p class='ocr_par' dir='ltr' id='par_1_2' title="bbox 1169 308 1184 448">
     <span class='ocr_line' id='line_1_2' title="bbox 1169 308 1184 448; baseline 0 3288"><span class='ocrx_word' id='word_1_4' title='bbox 1169 308 1184 448; x_wconf 95' lang='lat' dir='ltr'> </span> 
     </span>
    </p>
   </div>
   <div class='ocr_carea' id='block_1_3' title="bbox 1633 307 1646 448">
    <p class='ocr_par' dir='ltr' id='par_1_3' title="bbox 1633 307 1646 448">
     <span class='ocr_line' id='line_1_3' title="bbox 1633 307 1646 448; baseline 0 3288"><span class='ocrx_word' id='word_1_5' title='bbox 1633 307 1646 448; x_wconf 95' lang='lat' dir='ltr'> </span> 
     </span>
    </p>
   </div>
   <div class='ocr_carea' id='block_1_4' title="bbox 253 303 2081 453">
    <p class='ocr_par' dir='ltr' id='par_1_4' title="bbox 253 303 2081 453">
     <span class='ocr_line' id='line_1_4' title="bbox 253 303 2081 453; baseline -0.003 -93.997"><span class='ocrx_word' id='word_1_6' title='bbox 253 308 689 453; x_wconf 43' lang='lat' dir='ltr'>&amp;meduanae</span> <span class='ocrx_word' id='word_1_7' title='bbox 710 305 1144 356; x_wconf 51' lang='lat' dir='ltr'>auauaaaaaws,</span> <span class='ocrx_word' id='word_1_8' title='bbox 1197 303 1628 352; x_wconf 51' lang='lat' dir='ltr'>aeaaasszfflaeau</span> <span class='ocrx_word' id='word_1_9' title='bbox 1651 307 1791 382; x_wconf 55' lang='lat' dir='ltr'>afstass„</span> <span class='ocrx_word' id='word_1_10' title='bbox 1723 308 2081 373; x_wconf 38' lang='lat' dir='ltr'>maasias-,aest</span> 
     </span>
    </p>
   </div>
   <div class='ocr_carea' id='block_1_5' title="bbox 252 430 1138 607">
    <p class='ocr_par' dir='ltr' id='par_1_5' title="bbox 253 430 1138 607">
     <span class='ocr_line' id='line_1_5' title="bbox 253 430 776 556; baseline -0.008 -2"><span class='ocrx_word' id='word_1_11' title='bbox 253 457 743 556; x_wconf 54' lang='lat'>33333333</span> <span class='ocrx_word' id='word_1_12' title='bbox 709 430 776 551; x_wconf 39' lang='grc' dir='ltr'>εμὲ,</span> 
     </span>
     <span class='ocr_line' id='line_1_6' title="bbox 252 550 1138 607; baseline -0.01 1.02"><span class='ocrx_word' id='word_1_13' title='bbox 252 555 684 607; x_wconf 49' lang='lat' dir='ltr'>Wwfflfflff</span> <span class='ocrx_word' id='word_1_14' title='bbox 706 553 892 604; x_wconf 50' lang='grc' dir='ltr'><em>ᾞΜΕἩ</em></span> <span class='ocrx_word' id='word_1_15' title='bbox 922 550 1138 601; x_wconf 49' lang='grc' dir='ltr'><em>ἛΕῆΕᾏέΕ</em></span> 
     </span>
    </p>
   </div>
   <div class='ocr_carea' id='block_1_6' title="bbox 253 718 2086 867">
    <p class='ocr_par' dir='ltr' id='par_1_6' title="bbox 253 708 2086 901">
     <span class='ocr_line' id='line_1_7' title="bbox 253 718 2086 867; baseline -0.004 0"><span class='ocrx_word' id='word_1_16' title='bbox 253 718 2086 867; x_wconf 80' lang='lat' dir='ltr'>APPENDIX</span> 
     </span>
    </p>
   </div>
   <div class='ocr_carea' id='block_1_7' title="bbox 353 965 1914 1098">
    <p class='ocr_par' dir='ltr' id='par_1_7' title="bbox 353 965 1914 1098">
     <span class='ocr_line' id='line_1_8' title="bbox 353 965 1914 1098; baseline -0.002 -40"><span class='ocrx_word' id='word_1_17' title='bbox 353 1051 355 1057; x_wconf 72' lang='grc'>,</span> <span class='ocrx_word' id='word_1_18' title='bbox 424 970 568 1058; x_wconf 82' lang='lat' dir='ltr'>Ad</span> <span class='ocrx_word' id='word_1_19' title='bbox 623 966 1051 1098; x_wconf 87' lang='lat' dir='ltr'>Synodum</span> <span class='ocrx_word' id='word_1_20' title='bbox 1110 965 1867 1061; x_wconf 72' lang='lat' dir='ltr'>Chalcedonenscm</span> <span class='ocrx_word' id='word_1_21' title='bbox 1896 1037 1914 1066; x_wconf 90' lang='lat'><strong>‚</strong></span> 
     </span>
    </p>
   </div>
   <div class='ocr_carea' id='block_1_8' title="bbox 654 1080 1689 1285">
    <p class='ocr_par' dir='ltr' id='par_1_8' title="bbox 654 1080 1689 1281">
     <span class='ocr_line' id='line_1_9' title="bbox 654 1080 1689 1199; baseline -0.002 -29"><span class='ocrx_word' id='word_1_22' title='bbox 654 1113 1073 1199; x_wconf 83' lang='lat' dir='ltr'>exponens</span> <span class='ocrx_word' id='word_1_23' title='bbox 1128 1080 1473 1192; x_wconf 76' lang='lat' dir='ltr'>singulas</span> <span class='ocrx_word' id='word_1_24' title='bbox 1527 1089 1689 1185; x_wconf 76' lang='lat' dir='ltr'>ejus</span> 
     </span>
     <span class='ocr_line' id='line_1_10' title="bbox 950 1195 1400 1285; baseline -0.004 -4"><span class='ocrx_word' id='word_1_25' title='bbox 950 1195 1365 1285; x_wconf 63' lang='lat' dir='ltr'>Actiones</span> <span class='ocrx_word' id='word_1_26' title='bbox 1383 1260 1400 1279; x_wconf 91' lang='lat'><em>.</em></span> 
     </span>
    </p>
   </div>
   <div class='ocr_carea' id='block_1_9' title="bbox 851 1412 1485 1468">
    <p class='ocr_par' dir='ltr' id='par_1_9' title="bbox 851 1412 1485 1468">
     <span class='ocr_line' id='line_1_11' title="bbox 851 1412 1485 1468; baseline 0 -2"><span class='ocrx_word' id='word_1_27' title='bbox 851 1412 1485 1468; x_wconf 79' lang='lat' dir='ltr'>ACTIOI.</span> 
     </span>
    </p>
   </div>
   <div class='ocr_carea' id='block_1_10' title="bbox 346 1584 2091 1817">
    <p class='ocr_par' dir='ltr' id='par_1_10' title="bbox 346 1584 2091 1817">
     <span class='ocr_line' id='line_1_12' title="bbox 423 1584 2091 1634; baseline -0.003 -8"><span class='ocrx_word' id='word_1_28' title='bbox 423 1611 425 1613; x_wconf 90' lang='lat'>·</span> <span class='ocrx_word' id='word_1_29' title='bbox 506 1591 589 1626; x_wconf 89' lang='lat' dir='ltr'>Ctio</span> <span class='ocrx_word' id='word_1_30' title='bbox 624 1589 726 1634; x_wconf 75' lang='lat' dir='ltr'>prima</span> <span class='ocrx_word' id='word_1_31' title='bbox 752 1590 836 1626; x_wconf 69' lang='lat' dir='ltr'>facta</span> <span class='ocrx_word' id='word_1_32' title='bbox 867 1588 930 1625; x_wconf 85' lang='lat' dir='ltr'>fuit</span> <span class='ocrx_word' id='word_1_33' title='bbox 967 1588 1138 1626; x_wconf 82' lang='lat' dir='ltr'>consulatu</span> <span class='ocrx_word' id='word_1_34' title='bbox 1205 1596 1319 1622; x_wconf 76' lang='lat' dir='ltr'>autnos</span> <span class='ocrx_word' id='word_1_35' title='bbox 1340 1593 1477 1622; x_wconf 81' lang='lat' dir='ltr'>eximus.</span> <span class='ocrx_word' id='word_1_36' title='bbox 1503 1584 1633 1631; x_wconf 88' lang='lat' dir='ltr'>Synod1</span> <span class='ocrx_word' id='word_1_37' title='bbox 1646 1585 1897 1630; x_wconf 80' lang='lat' dir='ltr'>praefidentiam</span> <span class='ocrx_word' id='word_1_38' title='bbox 1925 1585 2091 1625; x_wconf 72' lang='lat' dir='ltr'>Romanae</span> 
     </span>
     <span class='ocr_line' id='line_1_13' title="bbox 346 1594 2091 1817; baseline -0.003 -142"><span class='ocrx_word' id='word_1_39' title='bbox 346 1594 416 1817; x_wconf 45' lang='lat'>23</span> <span class='ocrx_word' id='word_1_40' title='bbox 531 1641 697 1675; x_wconf 88' lang='lat' dir='ltr'>Marciani</span> <span class='ocrx_word' id='word_1_41' title='bbox 718 1639 861 1686; x_wconf 79' lang='lat' dir='ltr'>Augusti</span> <span class='ocrx_word' id='word_1_42' title='bbox 883 1666 893 1682; x_wconf 91' lang='lat'>,</span> <span class='ocrx_word' id='word_1_43' title='bbox 920 1641 1036 1674; x_wconf 61' lang='lat' dir='ltr'>octavo</span> <span class='ocrx_word' id='word_1_44' title='bbox 1062 1638 1138 1673; x_wconf 87' lang='lat' dir='ltr'>ldus</span> <span class='ocrx_word' id='word_1_45' title='bbox 1208 1638 1354 1674; x_wconf 80' lang='lat' dir='ltr'>Ecclefiae</span> <span class='ocrx_word' id='word_1_46' title='bbox 1374 1638 1520 1672; x_wconf 85' lang='lat' dir='ltr'>debitam</span> <span class='ocrx_word' id='word_1_47' title='bbox 1544 1637 1724 1679; x_wconf 77' lang='lat' dir='ltr'>invaserat,</span> <span class='ocrx_word' id='word_1_48' title='bbox 1748 1636 1891 1680; x_wconf 80' lang='lat' dir='ltr'>ejusdem</span> <span class='ocrx_word' id='word_1_49' title='bbox 1914 1637 2091 1677; x_wconf 78' lang='lat' dir='ltr'>Ecclefiae,</span> 
     </span>
    </p>
   </div>
   <div class='ocr_carea' id='block_1_11' title="bbox 781 407 2086 607">
    <p class='ocr_par' dir='ltr' id='par_1_11' title="bbox 781 407 2086 603">
     <span class='ocr_line' id='line_1_14' title="bbox 781 407 2084 598; baseline 0.002 -46.05"><span class='ocrx_word' id='word_1_50' title='bbox 781 407 892 552; x_wconf 72' lang='lat'>33</span> <span class='ocrx_word' id='word_1_51' title='bbox 886 405 1481 598; x_wconf 37' lang='lat'>333311352233*</span> <span class='ocrx_word' id='word_1_52' title='bbox 1519 452 1722 597; x_wconf 63' lang='lat'>3313</span> <span class='ocrx_word' id='word_1_53' title='bbox 1757 416 2084 554; x_wconf 51' lang='lat' dir='ltr'>{zaraa</span> 
     </span>
     <span class='ocr_line' id='line_1_15' title="bbox 1191 514 2086 607; baseline 0.006 -9"><span class='ocrx_word' id='word_1_54' title='bbox 1191 530 1359 607; x_wconf 49' lang='grc' dir='ltr'><em>ᾝΕᾞΕπ</em></span> <span class='ocrx_word' id='word_1_55' title='bbox 1361 551 1622 601; x_wconf 47' lang='grc' dir='ltr'><em>ΞΕἙΞΕἮΕΞΞΕ</em></span> <span class='ocrx_word' id='word_1_56' title='bbox 1647 514 2086 604; x_wconf 52' lang='grc' dir='ltr'><em>ὛΕἨΕᾞΕΞΞΕᾙΕἮΕ</em></span> 
     </span>
    </p>
   </div>
   <div class='ocr_carea' id='block_1_12' title="bbox 531 1685 2102 1786">
    <p class='ocr_par' dir='ltr' id='par_1_12' title="bbox 531 1685 2102 1786">
     <span class='ocr_line' id='line_1_16' title="bbox 532 1685 2090 1733; baseline -0.004 -7"><span class='ocrx_word' id='word_1_57' title='bbox 532 1690 722 1733; x_wconf 66' lang='lat' dir='ltr'>octobres,</span> <span class='ocrx_word' id='word_1_58' title='bbox 747 1690 873 1726; x_wconf 85' lang='lat' dir='ltr'>Christi</span> <span class='ocrx_word' id='word_1_59' title='bbox 898 1690 1041 1725; x_wconf 78' lang='lat' dir='ltr'>Domini</span> <span class='ocrx_word' id='word_1_60' title='bbox 1065 1700 1139 1733; x_wconf 87' lang='lat' dir='ltr'>qua·</span> <span class='ocrx_word' id='word_1_61' title='bbox 1206 1688 1254 1724; x_wconf 85' lang='lat' dir='ltr'>uti</span> <span class='ocrx_word' id='word_1_62' title='bbox 1275 1699 1331 1733; x_wconf 88' lang='lat' dir='ltr'>per</span> <span class='ocrx_word' id='word_1_63' title='bbox 1352 1685 1548 1732; x_wconf 80' lang='lat' dir='ltr'>Eutychetis</span> <span class='ocrx_word' id='word_1_64' title='bbox 1574 1687 1825 1732; x_wconf 87' lang='lat' dir='ltr'>appellationem</span> <span class='ocrx_word' id='word_1_65' title='bbox 1848 1699 1889 1722; x_wconf 84' lang='lat' dir='ltr'>ex</span> <span class='ocrx_word' id='word_1_66' title='bbox 1910 1686 2019 1730; x_wconf 85' lang='lat' dir='ltr'>judice</span> <span class='ocrx_word' id='word_1_67' title='bbox 2051 1689 2090 1720; x_wconf 87' lang='lat' dir='ltr'>in</span> 
     </span>
     <span class='ocr_line' id='line_1_17' title="bbox 531 1737 2102 1786; baseline -0.002 -12"><span class='ocrx_word' id='word_1_68' title='bbox 531 1739 785 1786; x_wconf 85' lang='lat' dir='ltr'>dringentessmo</span> <span class='ocrx_word' id='word_1_69' title='bbox 796 1741 1069 1786; x_wconf 85' lang='lat' dir='ltr'>quinquagefimo</span> <span class='ocrx_word' id='word_1_70' title='bbox 1081 1737 1138 1783; x_wconf 85' lang='lat' dir='ltr'>pri·</span> <span class='ocrx_word' id='word_1_71' title='bbox 1204 1739 1432 1774; x_wconf 83' lang='lat' dir='ltr'>accusatricem</span> <span class='ocrx_word' id='word_1_72' title='bbox 1445 1748 1502 1773; x_wconf 91' lang='lat' dir='ltr'>aut</span> <span class='ocrx_word' id='word_1_73' title='bbox 1523 1748 1610 1772; x_wconf 88' lang='lat' dir='ltr'>ream</span> <span class='ocrx_word' id='word_1_74' title='bbox 1622 1738 1817 1778; x_wconf 66' lang='lat' dir='ltr'>demutatae,</span> <span class='ocrx_word' id='word_1_75' title='bbox 1838 1737 2027 1782; x_wconf 85' lang='lat' dir='ltr'>Legatosin</span> <span class='ocrx_word' id='word_1_76' title='bbox 2040 1748 2102 1771; x_wconf 55' lang='lat' dir='ltr'>ac*</span> 
     </span>
    </p>
   </div>
   <div class='ocr_carea' id='block_1_13' title="bbox 541 1787 2087 1831">
    <p class='ocr_par' dir='ltr' id='par_1_13' title="bbox 541 1787 2087 1831">
     <span class='ocr_line' id='line_1_18' title="bbox 541 1787 2087 1831; baseline -0.003 -6"><span class='ocrx_word' id='word_1_77' title='bbox 541 1802 629 1830; x_wconf 88' lang='lat' dir='ltr'>mo,</span> <span class='ocrx_word' id='word_1_78' title='bbox 665 1791 774 1825; x_wconf 75' lang='lat' dir='ltr'>Sancti</span> <span class='ocrx_word' id='word_1_79' title='bbox 808 1791 932 1827; x_wconf 81' lang='lat' dir='ltr'>Leonis</span> <span class='ocrx_word' id='word_1_80' title='bbox 966 1789 1140 1824; x_wconf 75' lang='lat' dir='ltr'>pontificis</span> <span class='ocrx_word' id='word_1_81' title='bbox 1203 1789 1388 1824; x_wconf 88' lang='lat' dir='ltr'>cusantium</span> <span class='ocrx_word' id='word_1_82' title='bbox 1412 1787 1728 1823; x_wconf 83' lang='lat' dir='ltr'>autreorumlocum</span> <span class='ocrx_word' id='word_1_83' title='bbox 1741 1788 1922 1831; x_wconf 73' lang='lat' dir='ltr'>dejecerat,</span> <span class='ocrx_word' id='word_1_84' title='bbox 1949 1787 2087 1831; x_wconf 75' lang='lat' dir='ltr'>&amp;Apo-</span> 
     </span>
    </p>
   </div>
   <div class='ocr_carea' id='block_1_14' title="bbox 191 1834 1138 3531">
    <p class='ocr_par' dir='ltr' id='par_1_14' title="bbox 191 1834 1138 3531">
     <span class='ocr_line' id='line_1_19' title="bbox 252 1834 1136 1885; baseline 0.003 -15.01"><span class='ocrx_word' id='word_1_85' title='bbox 252 1834 469 1879; x_wconf 79' lang='lat' dir='ltr'>duodecimo,</span> <span class='ocrx_word' id='word_1_86' title='bbox 483 1840 710 1875; x_wconf 76' lang='lat' dir='ltr'>Valentiniani</span> <span class='ocrx_word' id='word_1_87' title='bbox 724 1841 811 1875; x_wconf 81' lang='lat' dir='ltr'>tertii</span> <span class='ocrx_word' id='word_1_88' title='bbox 823 1839 966 1885; x_wconf 86' lang='lat' dir='ltr'>Augusti</span> <span class='ocrx_word' id='word_1_89' title='bbox 978 1839 1136 1884; x_wconf 85' lang='lat' dir='ltr'>vigefimo</span> 
     </span>
     <span class='ocr_line' id='line_1_20' title="bbox 249 1886 1138 1935; baseline 0.002 -15"><span class='ocrx_word' id='word_1_90' title='bbox 249 1886 365 1929; x_wconf 83' lang='lat' dir='ltr'>sexto,</span> <span class='ocrx_word' id='word_1_91' title='bbox 390 1889 570 1935; x_wconf 69' lang='lat' dir='ltr'>&amp;collegae</span> <span class='ocrx_word' id='word_1_92' title='bbox 584 1890 753 1926; x_wconf 78' lang='lat' dir='ltr'>Marciani</span> <span class='ocrx_word' id='word_1_93' title='bbox 772 1895 862 1925; x_wconf 84' lang='lat' dir='ltr'>anno</span> <span class='ocrx_word' id='word_1_94' title='bbox 876 1890 1008 1934; x_wconf 87' lang='lat' dir='ltr'>primo,</span> <span class='ocrx_word' id='word_1_95' title='bbox 1034 1889 1070 1923; x_wconf 82' lang='lat' dir='ltr'>in</span> <span class='ocrx_word' id='word_1_96' title='bbox 1095 1889 1138 1924; x_wconf 86' lang='lat' dir='ltr'>ci-</span> 
     </span>
     <span class='ocr_line' id='line_1_21' title="bbox 248 1931 1134 1983; baseline 0.006 -14"><span class='ocrx_word' id='word_1_97' title='bbox 248 1936 353 1971; x_wconf 85' lang='lat' dir='ltr'>vitate</span> <span class='ocrx_word' id='word_1_98' title='bbox 373 1937 635 1974; x_wconf 79' lang='lat' dir='ltr'>Chalcedonensi</span> <span class='ocrx_word' id='word_1_99' title='bbox 658 1931 843 1975; x_wconf 77' lang='lat' dir='ltr'>Provinciae</span> <span class='ocrx_word' id='word_1_100' title='bbox 866 1938 1033 1983; x_wconf 85' lang='lat' dir='ltr'>Bythiniae</span> <span class='ocrx_word' id='word_1_101' title='bbox 1058 1964 1069 1981; x_wconf 94' lang='lat'>‚</span> <span class='ocrx_word' id='word_1_102' title='bbox 1099 1940 1134 1974; x_wconf 88' lang='lat' dir='ltr'>in</span> 
     </span>
     <span class='ocr_line' id='line_1_22' title="bbox 249 1985 1134 2034; baseline 0.005 -15"><span class='ocrx_word' id='word_1_103' title='bbox 249 1985 393 2022; x_wconf 78' lang='lat' dir='ltr'>Ecclefia</span> <span class='ocrx_word' id='word_1_104' title='bbox 417 1988 596 2024; x_wconf 69' lang='lat' dir='ltr'>cathedrali</span> <span class='ocrx_word' id='word_1_105' title='bbox 624 1991 740 2024; x_wconf 67' lang='lat' dir='ltr'>sant&#39;ilae</span> <span class='ocrx_word' id='word_1_106' title='bbox 761 1991 923 2034; x_wconf 84' lang='lat' dir='ltr'>Martyris</span> <span class='ocrx_word' id='word_1_107' title='bbox 951 1989 1134 2024; x_wconf 81' lang='lat' dir='ltr'>Eufetniae.</span> 
     </span>
     <span class='ocr_line' id='line_1_23' title="bbox 248 2035 1135 2084; baseline 0.005 -15"><span class='ocrx_word' id='word_1_108' title='bbox 248 2035 404 2070; x_wconf 84' lang='lat' dir='ltr'>Ecclefiae</span> <span class='ocrx_word' id='word_1_109' title='bbox 435 2039 645 2083; x_wconf 85' lang='lat' dir='ltr'>magnificam</span> <span class='ocrx_word' id='word_1_110' title='bbox 671 2040 846 2081; x_wconf 83' lang='lat' dir='ltr'>formam,</span> <span class='ocrx_word' id='word_1_111' title='bbox 881 2041 917 2074; x_wconf 78' lang='grc' dir='ltr'>δε</span> <span class='ocrx_word' id='word_1_112' title='bbox 940 2039 1135 2084; x_wconf 84' lang='lat' dir='ltr'>quotidiana</span> 
     </span>
     <span class='ocr_line' id='line_1_24' title="bbox 250 2085 1136 2136; baseline 0.005 -18"><span class='ocrx_word' id='word_1_113' title='bbox 250 2085 365 2120; x_wconf 66' lang='lat' dir='ltr'>sanstae</span> <span class='ocrx_word' id='word_1_114' title='bbox 386 2085 536 2133; x_wconf 79' lang='lat' dir='ltr'>Virginis</span> <span class='ocrx_word' id='word_1_115' title='bbox 557 2089 712 2123; x_wconf 89' lang='lat' dir='ltr'>miracula</span> <span class='ocrx_word' id='word_1_116' title='bbox 736 2113 748 2130; x_wconf 86' lang='lat'><em>‚</em></span> <span class='ocrx_word' id='word_1_117' title='bbox 773 2089 941 2136; x_wconf 83' lang='lat' dir='ltr'>effluentis</span> <span class='ocrx_word' id='word_1_118' title='bbox 964 2089 1136 2133; x_wconf 72' lang='lat' dir='ltr'>praesertim</span> 
     </span>
     <span class='ocr_line' id='line_1_25' title="bbox 248 2135 1138 2184; baseline 0.002 -14"><span class='ocrx_word' id='word_1_119' title='bbox 248 2147 293 2170; x_wconf 83' lang='lat' dir='ltr'>ex</span> <span class='ocrx_word' id='word_1_120' title='bbox 303 2135 373 2178; x_wconf 80' lang='lat' dir='ltr'>ejus</span> <span class='ocrx_word' id='word_1_121' title='bbox 382 2138 478 2172; x_wconf 89' lang='lat' dir='ltr'>sacris</span> <span class='ocrx_word' id='word_1_122' title='bbox 489 2138 635 2183; x_wconf 82' lang='lat' dir='ltr'>reliquiis</span> <span class='ocrx_word' id='word_1_123' title='bbox 655 2138 778 2173; x_wconf 80' lang='lat' dir='ltr'>adfidui</span> <span class='ocrx_word' id='word_1_124' title='bbox 790 2139 951 2184; x_wconf 83' lang='lat' dir='ltr'>unguenti</span> <span class='ocrx_word' id='word_1_125' title='bbox 975 2137 1138 2173; x_wconf 78' lang='lat' dir='ltr'>admiran-</span> 
     </span>
     <span class='ocr_line' id='line_1_26' title="bbox 248 2186 1134 2234; baseline 0.003 -15"><span class='ocrx_word' id='word_1_126' title='bbox 248 2186 326 2220; x_wconf 86' lang='lat' dir='ltr'>dam</span> <span class='ocrx_word' id='word_1_127' title='bbox 345 2187 501 2222; x_wconf 80' lang='lat' dir='ltr'>virtutem</span> <span class='ocrx_word' id='word_1_128' title='bbox 521 2188 674 2223; x_wconf 83' lang='lat' dir='ltr'>describit</span> <span class='ocrx_word' id='word_1_129' title='bbox 690 2189 849 2234; x_wconf 75' lang='lat' dir='ltr'>Evagrius</span> <span class='ocrx_word' id='word_1_130' title='bbox 864 2187 1134 2232; x_wconf 80' lang='lat' dir='ltr'>Epiphanienfis.</span> 
     </span>
     <span class='ocr_line' id='line_1_27' title="bbox 247 2234 1137 2281; baseline 0.003 -11"><span class='ocrx_word' id='word_1_131' title='bbox 247 2234 371 2271; x_wconf 83' lang='lat' dir='ltr'>videri</span> <span class='ocrx_word' id='word_1_132' title='bbox 379 2238 475 2281; x_wconf 87' lang='lat' dir='ltr'>poffit</span> <span class='ocrx_word' id='word_1_133' title='bbox 487 2238 673 2273; x_wconf 84' lang='lat' dir='ltr'>Cardinalis</span> <span class='ocrx_word' id='word_1_134' title='bbox 683 2239 785 2274; x_wconf 79' lang='lat' dir='ltr'>Caesar</span> <span class='ocrx_word' id='word_1_135' title='bbox 797 2239 988 2273; x_wconf 78' lang='lat' dir='ltr'>Batonius</span> <span class='ocrx_word' id='word_1_136' title='bbox 980 2251 1014 2273; x_wconf 83' lang='lat' dir='ltr'>in</span> <span class='ocrx_word' id='word_1_137' title='bbox 1031 2239 1137 2273; x_wconf 83' lang='lat' dir='ltr'>Notis</span> 
     </span>
     <span class='ocr_line' id='line_1_28' title="bbox 246 2285 1131 2334; baseline 0.003 -15"><span class='ocrx_word' id='word_1_138' title='bbox 246 2285 394 2320; x_wconf 87' lang='lat' dir='ltr'>Romani</span> <span class='ocrx_word' id='word_1_139' title='bbox 414 2288 702 2334; x_wconf 85' lang='lat' dir='ltr'>Martyrologiiad</span> <span class='ocrx_word' id='word_1_140' title='bbox 723 2290 812 2324; x_wconf 85' lang='lat' dir='ltr'>diem</span> <span class='ocrx_word' id='word_1_141' title='bbox 826 2290 952 2323; x_wconf 86' lang='lat' dir='ltr'>sextum</span> <span class='ocrx_word' id='word_1_142' title='bbox 964 2289 1131 2324; x_wconf 86' lang='lat' dir='ltr'>decimum</span> 
     </span>
     <span class='ocr_line' id='line_1_29' title="bbox 249 2336 1135 2383; baseline 0.002 -14"><span class='ocrx_word' id='word_1_143' title='bbox 249 2336 468 2372; x_wconf 86' lang='lat' dir='ltr'>Novembris.</span> <span class='ocrx_word' id='word_1_144' title='bbox 498 2339 580 2373; x_wconf 69' lang='lat' dir='ltr'>Aeta</span> <span class='ocrx_word' id='word_1_145' title='bbox 592 2339 763 2383; x_wconf 83' lang='lat' dir='ltr'>synodalia</span> <span class='ocrx_word' id='word_1_146' title='bbox 776 2339 1135 2383; x_wconf 64' lang='lat' dir='ltr'>magnificentissimum</span> 
     </span>
     <span class='ocr_line' id='line_1_30' title="bbox 248 2387 1133 2433; baseline 0.001 -12"><span class='ocrx_word' id='word_1_147' title='bbox 248 2387 404 2421; x_wconf 86' lang='lat' dir='ltr'>Senatum</span> <span class='ocrx_word' id='word_1_148' title='bbox 429 2390 608 2423; x_wconf 84' lang='lat' dir='ltr'>nominant</span> <span class='ocrx_word' id='word_1_149' title='bbox 628 2400 705 2423; x_wconf 85' lang='lat' dir='ltr'>ante</span> <span class='ocrx_word' id='word_1_150' title='bbox 727 2389 928 2433; x_wconf 63' lang='lat' dir='ltr'>Episcopos,</span> <span class='ocrx_word' id='word_1_151' title='bbox 953 2389 1054 2423; x_wconf 89' lang='lat' dir='ltr'>etiam</span> <span class='ocrx_word' id='word_1_152' title='bbox 1078 2387 1133 2422; x_wconf 88' lang='lat' dir='ltr'>Pa-</span> 
     </span>
     <span class='ocr_line' id='line_1_31' title="bbox 247 2435 1133 2484; baseline 0.002 -14"><span class='ocrx_word' id='word_1_153' title='bbox 247 2435 407 2471; x_wconf 81' lang='lat' dir='ltr'>triarchas</span> <span class='ocrx_word' id='word_1_154' title='bbox 426 2460 436 2476; x_wconf 92' lang='lat'>,</span> <span class='ocrx_word' id='word_1_155' title='bbox 461 2439 541 2482; x_wconf 86' lang='lat' dir='ltr'>quin</span> <span class='ocrx_word' id='word_1_156' title='bbox 569 2439 605 2471; x_wconf 86' lang='lat'>&amp;</span> <span class='ocrx_word' id='word_1_157' title='bbox 625 2439 715 2472; x_wconf 88' lang='lat' dir='ltr'>Sedis</span> <span class='ocrx_word' id='word_1_158' title='bbox 739 2438 937 2481; x_wconf 78' lang='lat' dir='ltr'>Apostolicae</span> <span class='ocrx_word' id='word_1_159' title='bbox 965 2438 1133 2484; x_wconf 87' lang='lat' dir='ltr'>Legatos,</span> 
     </span>
     <span class='ocr_line' id='line_1_32' title="bbox 249 2486 1136 2533; baseline 0.001 -13"><span class='ocrx_word' id='word_1_160' title='bbox 249 2486 391 2529; x_wconf 76' lang='lat' dir='ltr'>ideoque</span> <span class='ocrx_word' id='word_1_161' title='bbox 412 2487 506 2522; x_wconf 89' lang='lat' dir='ltr'>illum</span> <span class='ocrx_word' id='word_1_162' title='bbox 519 2487 657 2530; x_wconf 89' lang='lat' dir='ltr'>Synodo</span> <span class='ocrx_word' id='word_1_163' title='bbox 679 2488 849 2531; x_wconf 76' lang='lat' dir='ltr'>praesedisse</span> <span class='ocrx_word' id='word_1_164' title='bbox 860 2488 1005 2533; x_wconf 86' lang='lat' dir='ltr'>garriunt</span> <span class='ocrx_word' id='word_1_165' title='bbox 1026 2489 1136 2523; x_wconf 86' lang='lat' dir='ltr'>Eccle-</span> 
     </span>
     <span class='ocr_line' id='line_1_33' title="bbox 249 2535 1134 2582; baseline 0.002 -13"><span class='ocrx_word' id='word_1_166' title='bbox 249 2535 383 2571; x_wconf 77' lang='lat' dir='ltr'>fiasticae</span> <span class='ocrx_word' id='word_1_167' title='bbox 400 2537 571 2582; x_wconf 87' lang='lat' dir='ltr'>dignitatis</span> <span class='ocrx_word' id='word_1_168' title='bbox 595 2536 720 2572; x_wconf 82' lang='lat' dir='ltr'>hostes.</span> <span class='ocrx_word' id='word_1_169' title='bbox 752 2538 800 2572; x_wconf 87' lang='lat' dir='ltr'>At</span> <span class='ocrx_word' id='word_1_170' title='bbox 823 2549 959 2572; x_wconf 83' lang='lat' dir='ltr'>vacuum</span> <span class='ocrx_word' id='word_1_171' title='bbox 986 2538 1080 2573; x_wconf 77' lang='lat' dir='ltr'>fuiffe</span> <span class='ocrx_word' id='word_1_172' title='bbox 1099 2538 1134 2572; x_wconf 86' lang='lat' dir='ltr'>il·</span> 
     </span>
     <span class='ocr_line' id='line_1_34' title="bbox 250 2585 1138 2631; baseline 0.003 -11"><span class='ocrx_word' id='word_1_173' title='bbox 250 2585 320 2620; x_wconf 86' lang='lat' dir='ltr'>lum</span> <span class='ocrx_word' id='word_1_174' title='bbox 336 2587 495 2621; x_wconf 87' lang='lat' dir='ltr'>Romano</span> <span class='ocrx_word' id='word_1_175' title='bbox 508 2587 651 2631; x_wconf 90' lang='lat' dir='ltr'>Imperio</span> <span class='ocrx_word' id='word_1_176' title='bbox 662 2587 807 2622; x_wconf 86' lang='lat' dir='ltr'>delatum</span> <span class='ocrx_word' id='word_1_177' title='bbox 819 2586 978 2622; x_wconf 88' lang='lat' dir='ltr'>honorem</span> <span class='ocrx_word' id='word_1_178' title='bbox 989 2588 1138 2623; x_wconf 86' lang='lat' dir='ltr'>ostendit.</span> 
     </span>
     <span class='ocr_line' id='line_1_35' title="bbox 249 2635 1135 2681; baseline 0.005 -12"><span class='ocrx_word' id='word_1_179' title='bbox 249 2635 400 2670; x_wconf 89' lang='lat' dir='ltr'>laudatus</span> <span class='ocrx_word' id='word_1_180' title='bbox 420 2637 580 2681; x_wconf 84' lang='lat' dir='ltr'>Evagrius</span> <span class='ocrx_word' id='word_1_181' title='bbox 592 2660 602 2676; x_wconf 88' lang='lat'><em>,</em></span> <span class='ocrx_word' id='word_1_182' title='bbox 632 2637 745 2671; x_wconf 87' lang='lat' dir='ltr'>dicens</span> <span class='ocrx_word' id='word_1_183' title='bbox 764 2635 901 2679; x_wconf 71' lang='lat' dir='ltr'>Synodo</span> <span class='ocrx_word' id='word_1_184' title='bbox 926 2638 1061 2672; x_wconf 73' lang='lat' dir='ltr'>adfuisse</span> <span class='ocrx_word' id='word_1_185' title='bbox 1074 2639 1135 2673; x_wconf 86' lang='lat' dir='ltr'>Le·</span> 
     </span>
     <span class='ocr_line' id='line_1_36' title="bbox 219 2685 1134 2731; baseline 0.003 -12"><span class='ocrx_word' id='word_1_186' title='bbox 219 2686 223 2689; x_wconf 81' lang='grc'><strong>“</strong></span> <span class='ocrx_word' id='word_1_187' title='bbox 251 2695 348 2731; x_wconf 84' lang='lat' dir='ltr'>gatos</span> <span class='ocrx_word' id='word_1_188' title='bbox 360 2685 551 2728; x_wconf 86' lang='lat' dir='ltr'>Romanos,</span> <span class='ocrx_word' id='word_1_189' title='bbox 578 2687 737 2721; x_wconf 84' lang='lat' dir='ltr'>&amp;ornnes</span> <span class='ocrx_word' id='word_1_190' title='bbox 751 2685 976 2728; x_wconf 70' lang='lat' dir='ltr'>patriarchas,</span> <span class='ocrx_word' id='word_1_191' title='bbox 1003 2686 1134 2722; x_wconf 78' lang='lat' dir='ltr'>addens-</span> 
     </span>
     <span class='ocr_line' id='line_1_37' title="bbox 252 2737 1134 2780; baseline 0.001 -11"><span class='ocrx_word' id='word_1_192' title='bbox 252 2746 319 2779; x_wconf 88' lang='lat' dir='ltr'>que</span> <span class='ocrx_word' id='word_1_193' title='bbox 346 2747 354 2767; x_wconf 75' lang='grc' dir='ltr'><strong><em>ε</em></strong></span> <span class='ocrx_word' id='word_1_194' title='bbox 390 2738 526 2780; x_wconf 75' lang='lat' dir='ltr'>,Quorum</span> <span class='ocrx_word' id='word_1_195' title='bbox 551 2749 667 2771; x_wconf 83' lang='lat' dir='ltr'>numero</span> <span class='ocrx_word' id='word_1_196' title='bbox 693 2737 831 2778; x_wconf 68' lang='lat' dir='ltr'>adjunm</span> <span class='ocrx_word' id='word_1_197' title='bbox 856 2747 943 2771; x_wconf 75' lang='lat' dir='ltr'>eram</span> <span class='ocrx_word' id='word_1_198' title='bbox 979 2740 1134 2771; x_wconf 81' lang='lat' dir='ltr'>Senatores</span> 
     </span>
     <span class='ocr_line' id='line_1_38' title="bbox 248 2791 1051 2829; baseline -0.006 -10"><span class='ocrx_word' id='word_1_199' title='bbox 248 2791 412 2829; x_wconf 64' lang='lat' dir='ltr'>primarii.</span> <span class='ocrx_word' id='word_1_200' title='bbox 1047 2810 1051 2814; x_wconf 93' lang='lat'><em>.</em></span> 
     </span>
     <span class='ocr_line' id='line_1_39' title="bbox 191 2835 1135 2882; baseline 0.004 -14"><span class='ocrx_word' id='word_1_201' title='bbox 191 2872 193 2874; x_wconf 21' lang='lat'><strong><em>¹</em></strong></span> <span class='ocrx_word' id='word_1_202' title='bbox 304 2835 478 2878; x_wconf 81' lang='lat' dir='ltr'>synodum</span> <span class='ocrx_word' id='word_1_203' title='bbox 498 2849 537 2871; x_wconf 90' lang='lat' dir='ltr'>ac</span> <span class='ocrx_word' id='word_1_204' title='bbox 556 2838 712 2872; x_wconf 82' lang='lat' dir='ltr'>Senatum</span> <span class='ocrx_word' id='word_1_205' title='bbox 734 2837 854 2881; x_wconf 89' lang='lat' dir='ltr'>alloqui</span> <span class='ocrx_word' id='word_1_206' title='bbox 881 2837 980 2882; x_wconf 84' lang='lat' dir='ltr'>coepit</span> <span class='ocrx_word' id='word_1_207' title='bbox 1001 2838 1135 2872; x_wconf 66' lang='lat' dir='ltr'>Sanctus</span> 
     </span>
     <span class='ocr_line' id='line_1_40' title="bbox 254 2883 1133 2932; baseline 0.002 -13"><span class='ocrx_word' id='word_1_208' title='bbox 254 2883 465 2921; x_wconf 84' lang='lat' dir='ltr'>Paschafinus</span> <span class='ocrx_word' id='word_1_209' title='bbox 475 2887 620 2931; x_wconf 84' lang='lat' dir='ltr'>Lilybeti</span> <span class='ocrx_word' id='word_1_210' title='bbox 632 2888 666 2921; x_wconf 89' lang='lat' dir='ltr'>in</span> <span class='ocrx_word' id='word_1_211' title='bbox 677 2888 788 2922; x_wconf 79' lang='lat' dir='ltr'>Sicilia</span> <span class='ocrx_word' id='word_1_212' title='bbox 801 2887 981 2932; x_wconf 89' lang='lat' dir='ltr'>Episcopus</span> <span class='ocrx_word' id='word_1_213' title='bbox 991 2909 1001 2926; x_wconf 90' lang='lat'>,</span> <span class='ocrx_word' id='word_1_214' title='bbox 1027 2887 1133 2922; x_wconf 67' lang='lat' dir='ltr'>Sancti</span> 
     </span>
     <span class='ocr_line' id='line_1_41' title="bbox 255 2936 1133 2982; baseline 0.005 -13"><span class='ocrx_word' id='word_1_215' title='bbox 255 2936 380 2970; x_wconf 85' lang='lat' dir='ltr'>Leonis</span> <span class='ocrx_word' id='word_1_216' title='bbox 398 2936 570 2971; x_wconf 87' lang='lat' dir='ltr'>Pontificis</span> <span class='ocrx_word' id='word_1_217' title='bbox 582 2938 732 2972; x_wconf 80' lang='lat' dir='ltr'>Vicarius</span> <span class='ocrx_word' id='word_1_218' title='bbox 747 2939 780 2971; x_wconf 90' lang='lat'>&amp;</span> <span class='ocrx_word' id='word_1_219' title='bbox 794 2937 958 2982; x_wconf 73' lang='lat' dir='ltr'>Legams,</span> <span class='ocrx_word' id='word_1_220' title='bbox 983 2939 1047 2971; x_wconf 70' lang='lat' dir='ltr'>una</span> <span class='ocrx_word' id='word_1_221' title='bbox 1057 2950 1133 2973; x_wconf 91' lang='lat' dir='ltr'>cum</span> 
     </span>
     <span class='ocr_line' id='line_1_42' title="bbox 255 2987 1133 3032; baseline 0.005 -13"><span class='ocrx_word' id='word_1_222' title='bbox 255 2987 420 3020; x_wconf 87' lang='lat' dir='ltr'>Lucentio</span> <span class='ocrx_word' id='word_1_223' title='bbox 444 2988 608 3021; x_wconf 88' lang='lat' dir='ltr'>Esculano</span> <span class='ocrx_word' id='word_1_224' title='bbox 628 2987 714 3031; x_wconf 87' lang='lat' dir='ltr'>apud</span> <span class='ocrx_word' id='word_1_225' title='bbox 737 2988 866 3030; x_wconf 85' lang='lat' dir='ltr'>Apulos</span> <span class='ocrx_word' id='word_1_226' title='bbox 886 2988 1075 3032; x_wconf 83' lang='lat' dir='ltr'>Episcopo,</span> <span class='ocrx_word' id='word_1_227' title='bbox 1102 2989 1133 3022; x_wconf 88' lang='lat'>&amp;</span> 
     </span>
     <span class='ocr_line' id='line_1_43' title="bbox 256 3032 1132 3081; baseline 0.005 -13"><span class='ocrx_word' id='word_1_228' title='bbox 256 3036 431 3070; x_wconf 85' lang='lat' dir='ltr'>Bonifacio</span> <span class='ocrx_word' id='word_1_229' title='bbox 454 3038 614 3071; x_wconf 77' lang='lat' dir='ltr'>Romanae</span> <span class='ocrx_word' id='word_1_230' title='bbox 646 3038 799 3073; x_wconf 78' lang='lat' dir='ltr'>Ecclefiae</span> <span class='ocrx_word' id='word_1_231' title='bbox 818 3032 1011 3081; x_wconf 74' lang='lat' dir='ltr'>Presbytero</span> <span class='ocrx_word' id='word_1_232' title='bbox 1034 3063 1044 3078; x_wconf 92' lang='lat'>,</span> <span class='ocrx_word' id='word_1_233' title='bbox 1071 3039 1132 3072; x_wconf 80' lang='lat' dir='ltr'>suis</span> 
     </span>
     <span class='ocr_line' id='line_1_44' title="bbox 254 3086 1137 3132; baseline 0.002 -13"><span class='ocrx_word' id='word_1_234' title='bbox 254 3086 291 3119; x_wconf 88' lang='lat' dir='ltr'>in</span> <span class='ocrx_word' id='word_1_235' title='bbox 303 3087 488 3130; x_wconf 86' lang='lat' dir='ltr'>Legatione</span> <span class='ocrx_word' id='word_1_236' title='bbox 506 3087 662 3132; x_wconf 83' lang='lat' dir='ltr'>collegis,</span> <span class='ocrx_word' id='word_1_237' title='bbox 687 3088 773 3122; x_wconf 88' lang='lat' dir='ltr'>stans</span> <span class='ocrx_word' id='word_1_238' title='bbox 796 3088 830 3121; x_wconf 91' lang='lat' dir='ltr'>in</span> <span class='ocrx_word' id='word_1_239' title='bbox 856 3088 968 3123; x_wconf 87' lang='lat' dir='ltr'>medio</span> <span class='ocrx_word' id='word_1_240' title='bbox 982 3102 993 3122; x_wconf 89' lang='lat'>.·</span> <span class='ocrx_word' id='word_1_241' title='bbox 1020 3087 1137 3131; x_wconf 75' lang='lat' dir='ltr'>Beatis-</span> 
     </span>
     <span class='ocr_line' id='line_1_45' title="bbox 247 3135 1134 3181; baseline 0.006 -14"><span class='ocrx_word' id='word_1_242' title='bbox 247 3135 318 3178; x_wconf 79' lang='lat' dir='ltr'>fimi</span> <span class='ocrx_word' id='word_1_243' title='bbox 338 3146 428 3179; x_wconf 77' lang='lat' dir='ltr'>atque</span> <span class='ocrx_word' id='word_1_244' title='bbox 442 3137 680 3180; x_wconf 74' lang='lat' dir='ltr'>Apostolictvm,</span> <span class='ocrx_word' id='word_1_245' title='bbox 709 3141 802 3180; x_wconf 79' lang='lat' dir='ltr'>Papae</span> <span class='ocrx_word' id='word_1_246' title='bbox 823 3138 903 3171; x_wconf 72' lang='lat' dir='ltr'>urbis</span> <span class='ocrx_word' id='word_1_247' title='bbox 915 3142 1017 3172; x_wconf 78' lang='lat' dir='ltr'>Romae</span> <span class='ocrx_word' id='word_1_248' title='bbox 1031 3163 1040 3178; x_wconf 95' lang='lat'>,</span> <span class='ocrx_word' id='word_1_249' title='bbox 1067 3150 1134 3181; x_wconf 85' lang='lat' dir='ltr'>quae</span> 
     </span>
     <span class='ocr_line' id='line_1_46' title="bbox 251 3186 1131 3230; baseline 0.005 -12"><span class='ocrx_word' id='word_1_250' title='bbox 251 3186 292 3226; x_wconf 88' lang='lat' dir='ltr'>est</span> <span class='ocrx_word' id='word_1_251' title='bbox 313 3195 403 3229; x_wconf 86' lang='lat' dir='ltr'>caput</span> <span class='ocrx_word' id='word_1_252' title='bbox 425 3186 763 3228; x_wconf 71' lang='lat' dir='ltr'>omniumEcclcfiarum</span> <span class='ocrx_word' id='word_1_253' title='bbox 775 3213 786 3228; x_wconf 89' lang='lat'><em>,</em></span> <span class='ocrx_word' id='word_1_254' title='bbox 809 3196 966 3230; x_wconf 82' lang='lat' dir='ltr'>praecepta</span> <span class='ocrx_word' id='word_1_255' title='bbox 988 3189 1131 3223; x_wconf 69' lang='lat' dir='ltr'>habemus</span> 
     </span>
     <span class='ocr_line' id='line_1_47' title="bbox 253 3236 1133 3282; baseline 0.003 -14"><span class='ocrx_word' id='word_1_256' title='bbox 253 3243 320 3278; x_wconf 80' lang='lat' dir='ltr'>prae</span> <span class='ocrx_word' id='word_1_257' title='bbox 342 3238 482 3269; x_wconf 67' lang='lat' dir='ltr'>manibus</span> <span class='ocrx_word' id='word_1_258' title='bbox 498 3263 508 3279; x_wconf 88' lang='lat'>,</span> <span class='ocrx_word' id='word_1_259' title='bbox 534 3236 640 3280; x_wconf 78' lang='lat' dir='ltr'>quibus</span> <span class='ocrx_word' id='word_1_260' title='bbox 658 3244 818 3279; x_wconf 76' lang='lat' dir='ltr'>praeclpere</span> <span class='ocrx_word' id='word_1_261' title='bbox 839 3239 982 3282; x_wconf 83' lang='lat' dir='ltr'>dignatus</span> <span class='ocrx_word' id='word_1_262' title='bbox 1007 3239 1045 3278; x_wconf 82' lang='lat' dir='ltr'>est</span> <span class='ocrx_word' id='word_1_263' title='bbox 1067 3242 1133 3281; x_wconf 81' lang='lat' dir='ltr'>ejus</span> 
     </span>
     <span class='ocr_line' id='line_1_48' title="bbox 253 3285 1132 3330; baseline 0.003 -13"><span class='ocrx_word' id='word_1_264' title='bbox 253 3285 438 3327; x_wconf 80' lang='lat' dir='ltr'>Apostolatus</span> <span class='ocrx_word' id='word_1_265' title='bbox 463 3311 472 3326; x_wconf 85' lang='lat'>‚</span> <span class='ocrx_word' id='word_1_266' title='bbox 497 3297 531 3320; x_wconf 85' lang='lat' dir='ltr'>ut</span> <span class='ocrx_word' id='word_1_267' title='bbox 554 3286 706 3330; x_wconf 57' lang='lat' dir='ltr'>Dioscorus</span> <span class='ocrx_word' id='word_1_268' title='bbox 734 3287 1005 3320; x_wconf 68' lang='lat' dir='ltr'>Alexandrinorum</span> <span class='ocrx_word' id='word_1_269' title='bbox 1035 3288 1132 3321; x_wconf 78' lang='lat' dir='ltr'>Archi-</span> 
     </span>
     <span class='ocr_line' id='line_1_49' title="bbox 255 3333 1132 3382; baseline 0.005 -15"><span class='ocrx_word' id='word_1_270' title='bbox 255 3333 418 3378; x_wconf 72' lang='lat' dir='ltr'>Epescopus</span> <span class='ocrx_word' id='word_1_271' title='bbox 431 3349 489 3370; x_wconf 83' lang='lat' dir='ltr'>non</span> <span class='ocrx_word' id='word_1_272' title='bbox 502 3337 605 3382; x_wconf 78' lang='lat' dir='ltr'>sedeat</span> <span class='ocrx_word' id='word_1_273' title='bbox 630 3344 661 3370; x_wconf 84' lang='lat' dir='ltr'>in</span> <span class='ocrx_word' id='word_1_274' title='bbox 673 3338 799 3370; x_wconf 67' lang='lat' dir='ltr'>Concilio</span> <span class='ocrx_word' id='word_1_275' title='bbox 815 3361 824 3375; x_wconf 93' lang='lat'>,</span> <span class='ocrx_word' id='word_1_276' title='bbox 844 3335 902 3379; x_wconf 85' lang='lat' dir='ltr'>sed</span> <span class='ocrx_word' id='word_1_277' title='bbox 909 3339 1079 3372; x_wconf 71' lang='lat' dir='ltr'>audiendus</span> <span class='ocrx_word' id='word_1_278' title='bbox 1093 3344 1132 3371; x_wconf 60' lang='lat' dir='ltr'>in&gt;</span> 
     </span>
     <span class='ocr_line' id='line_1_50' title="bbox 253 3385 1000 3430; baseline 0 -12"><span class='ocrx_word' id='word_1_279' title='bbox 253 3391 460 3420; x_wconf 70' lang='lat' dir='ltr'>tronuttatur.</span> <span class='ocrx_word' id='word_1_280' title='bbox 491 3395 552 3423; x_wconf 83' lang='lat' dir='ltr'>Hoc</span> <span class='ocrx_word' id='word_1_281' title='bbox 573 3399 624 3421; x_wconf 84' lang='lat' dir='ltr'>nos</span> <span class='ocrx_word' id='word_1_282' title='bbox 643 3386 797 3430; x_wconf 73' lang='lat' dir='ltr'>obfhrvare</span> <span class='ocrx_word' id='word_1_283' title='bbox 818 3388 920 3428; x_wconf 67' lang='lat' dir='ltr'>necesJi·</span> <span class='ocrx_word' id='word_1_284' title='bbox 943 3385 1000 3426; x_wconf 88' lang='lat' dir='ltr'>est.</span> 
     </span>
     <span class='ocr_line' id='line_1_51' title="bbox 251 3436 1134 3482; baseline 0.005 -15"><span class='ocrx_word' id='word_1_285' title='bbox 251 3440 394 3479; x_wconf 71' lang='lat' dir='ltr'>pra-cipit</span> <span class='ocrx_word' id='word_1_286' title='bbox 418 3436 516 3477; x_wconf 80' lang='lat' dir='ltr'>vestra</span> <span class='ocrx_word' id='word_1_287' title='bbox 525 3438 768 3482; x_wconf 72' lang='lat' dir='ltr'>Magnifice-ntia,</span> <span class='ocrx_word' id='word_1_288' title='bbox 796 3445 849 3470; x_wconf 80' lang='lat' dir='ltr'>aut</span> <span class='ocrx_word' id='word_1_289' title='bbox 871 3436 921 3470; x_wconf 82' lang='lat' dir='ltr'>ille</span> <span class='ocrx_word' id='word_1_290' title='bbox 941 3438 1134 3479; x_wconf 64' lang='lat' dir='ltr'>egrediatur,</span> 
     </span>
     <span class='ocr_line' id='line_1_52' title="bbox 358 3484 772 3531; baseline 0 -11"><span class='ocrx_word' id='word_1_291' title='bbox 358 3484 461 3528; x_wconf 76' lang='lat' dir='ltr'>Christ.</span> <span class='ocrx_word' id='word_1_292' title='bbox 473 3491 549 3530; x_wconf 72' lang='lat' dir='ltr'>Lupi</span> <span class='ocrx_word' id='word_1_293' title='bbox 559 3492 642 3531; x_wconf 87' lang='lat' dir='ltr'>Oper.</span> <span class='ocrx_word' id='word_1_294' title='bbox 653 3490 772 3520; x_wconf 74' lang='lat' dir='ltr'>Tomss.</span> 
     </span>
    </p>
   </div>
   <div class='ocr_carea' id='block_1_15' title="bbox 1195 1836 2095 3083">
    <p class='ocr_par' dir='ltr' id='par_1_15' title="bbox 1199 1836 2095 2373">
     <span class='ocr_line' id='line_1_53' title="bbox 1202 1836 2087 1874; baseline -0.003 -1"><span class='ocrx_word' id='word_1_295' title='bbox 1202 1839 1352 1874; x_wconf 84' lang='lat' dir='ltr'>stolicam</span> <span class='ocrx_word' id='word_1_296' title='bbox 1383 1838 1499 1873; x_wconf 89' lang='lat' dir='ltr'>Sedem</span> <span class='ocrx_word' id='word_1_297' title='bbox 1522 1838 1558 1873; x_wconf 90' lang='lat' dir='ltr'>in</span> <span class='ocrx_word' id='word_1_298' title='bbox 1585 1849 1799 1872; x_wconf 90' lang='lat' dir='ltr'>communem</span> <span class='ocrx_word' id='word_1_299' title='bbox 1822 1836 2087 1872; x_wconf 80' lang='lat' dir='ltr'>patriarcharum</span> 
     </span>
     <span class='ocr_line' id='line_1_54' title="bbox 1201 1887 2095 1932; baseline -0.003 -10"><span class='ocrx_word' id='word_1_300' title='bbox 1201 1890 1351 1924; x_wconf 83' lang='lat' dir='ltr'>ordinem</span> <span class='ocrx_word' id='word_1_301' title='bbox 1377 1888 1563 1923; x_wconf 88' lang='lat' dir='ltr'>Eusebiano</span> <span class='ocrx_word' id='word_1_302' title='bbox 1582 1889 1693 1931; x_wconf 85' lang='lat' dir='ltr'>spiritu</span> <span class='ocrx_word' id='word_1_303' title='bbox 1716 1887 1864 1932; x_wconf 83' lang='lat' dir='ltr'>redigere</span> <span class='ocrx_word' id='word_1_304' title='bbox 1886 1896 2027 1921; x_wconf 87' lang='lat' dir='ltr'>tentarat</span> <span class='ocrx_word' id='word_1_305' title='bbox 2050 1887 2095 1920; x_wconf 77' lang='lat' dir='ltr'>in.</span> 
     </span>
     <span class='ocr_line' id='line_1_55' title="bbox 1204 1934 2087 1983; baseline -0.002 -11"><span class='ocrx_word' id='word_1_306' title='bbox 1204 1936 1365 1983; x_wconf 81' lang='lat' dir='ltr'>Ephesino</span> <span class='ocrx_word' id='word_1_307' title='bbox 1377 1938 1554 1973; x_wconf 84' lang='lat' dir='ltr'>latrocinio</span> <span class='ocrx_word' id='word_1_308' title='bbox 1564 1938 1775 1971; x_wconf 58' lang='lat' dir='ltr'>Dioscorus„</span> <span class='ocrx_word' id='word_1_309' title='bbox 1784 1934 1886 1970; x_wconf 80' lang='lat' dir='ltr'>Hinc</span> <span class='ocrx_word' id='word_1_310' title='bbox 1900 1938 2003 1981; x_wconf 84' lang='lat' dir='ltr'>prima</span> <span class='ocrx_word' id='word_1_311' title='bbox 2018 1936 2087 1970; x_wconf 68' lang='lat' dir='ltr'>Ro»</span> 
     </span>
     <span class='ocr_line' id='line_1_56' title="bbox 1200 1988 2094 2033; baseline -0.007 -9"><span class='ocrx_word' id='word_1_312' title='bbox 1200 1999 1375 2024; x_wconf 86' lang='lat' dir='ltr'>manorum</span> <span class='ocrx_word' id='word_1_313' title='bbox 1396 1988 1598 2033; x_wconf 85' lang='lat' dir='ltr'>Legatorum</span> <span class='ocrx_word' id='word_1_314' title='bbox 1622 1998 1713 2027; x_wconf 84' lang='lat' dir='ltr'>vox,</span> <span class='ocrx_word' id='word_1_315' title='bbox 1737 1998 1793 2031; x_wconf 89' lang='lat' dir='ltr'>per</span> <span class='ocrx_word' id='word_1_316' title='bbox 1813 1997 1950 2021; x_wconf 87' lang='lat' dir='ltr'>omnem</span> <span class='ocrx_word' id='word_1_317' title='bbox 1977 1988 2094 2031; x_wconf 57' lang='lat' dir='ltr'>Syrio*</span> 
     </span>
     <span class='ocr_line' id='line_1_57' title="bbox 1200 2036 2089 2082; baseline -0.004 -8"><span class='ocrx_word' id='word_1_318' title='bbox 1200 2039 1281 2074; x_wconf 86' lang='lat' dir='ltr'>dum</span> <span class='ocrx_word' id='word_1_319' title='bbox 1302 2038 1514 2082; x_wconf 85' lang='lat' dir='ltr'>comprobata</span> <span class='ocrx_word' id='word_1_320' title='bbox 1525 2062 1536 2079; x_wconf 93' lang='lat'>‚</span> <span class='ocrx_word' id='word_1_321' title='bbox 1562 2037 1624 2071; x_wconf 86' lang='lat' dir='ltr'>fuit</span> <span class='ocrx_word' id='word_1_322' title='bbox 1637 2037 1680 2071; x_wconf 90' lang='lat' dir='ltr'>de</span> <span class='ocrx_word' id='word_1_323' title='bbox 1696 2037 1810 2071; x_wconf 88' lang='lat' dir='ltr'>eadem</span> <span class='ocrx_word' id='word_1_324' title='bbox 1823 2037 1906 2071; x_wconf 85' lang='lat' dir='ltr'>Sede</span> <span class='ocrx_word' id='word_1_325' title='bbox 1918 2036 2089 2081; x_wconf 77' lang='lat' dir='ltr'>Apostoli-</span> 
     </span>
     <span class='ocr_line' id='line_1_58' title="bbox 1200 2086 2086 2133; baseline -0.002 -11"><span class='ocrx_word' id='word_1_326' title='bbox 1200 2100 1238 2124; x_wconf 84' lang='lat' dir='ltr'>ca</span> <span class='ocrx_word' id='word_1_327' title='bbox 1261 2102 1272 2122; x_wconf 90' lang='grc'>.·</span> <span class='ocrx_word' id='word_1_328' title='bbox 1300 2090 1380 2132; x_wconf 73' lang='lat' dir='ltr'>,Quae</span> <span class='ocrx_word' id='word_1_329' title='bbox 1399 2087 1438 2129; x_wconf 78' lang='lat' dir='ltr'>est</span> <span class='ocrx_word' id='word_1_330' title='bbox 1460 2097 1548 2130; x_wconf 82' lang='lat' dir='ltr'>caput</span> <span class='ocrx_word' id='word_1_331' title='bbox 1570 2094 1702 2120; x_wconf 76' lang='lat' dir='ltr'>omnium</span> <span class='ocrx_word' id='word_1_332' title='bbox 1725 2086 1920 2128; x_wconf 84' lang='lat' dir='ltr'>Ecclefiarum</span> <span class='ocrx_word' id='word_1_333' title='bbox 1939 2112 1946 2119; x_wconf 91' lang='lat'>.</span> <span class='ocrx_word' id='word_1_334' title='bbox 1979 2086 2086 2133; x_wconf 81' lang='lat' dir='ltr'>Qod</span> 
     </span>
     <span class='ocr_line' id='line_1_59' title="bbox 1201 2135 2090 2182; baseline -0.006 -8"><span class='ocrx_word' id='word_1_335' title='bbox 1201 2140 1306 2182; x_wconf 81' lang='lat' dir='ltr'>ipsum</span> <span class='ocrx_word' id='word_1_336' title='bbox 1327 2139 1498 2182; x_wconf 87' lang='lat' dir='ltr'>quousque</span> <span class='ocrx_word' id='word_1_337' title='bbox 1518 2136 1730 2180; x_wconf 86' lang='lat' dir='ltr'>profiteantur</span> <span class='ocrx_word' id='word_1_338' title='bbox 1754 2135 1937 2170; x_wconf 86' lang='lat' dir='ltr'>Lutherani</span> <span class='ocrx_word' id='word_1_339' title='bbox 1957 2137 1991 2170; x_wconf 91' lang='lat'>&amp;</span> <span class='ocrx_word' id='word_1_340' title='bbox 2011 2136 2090 2170; x_wconf 65' lang='lat' dir='ltr'>Cal÷</span> 
     </span>
     <span class='ocr_line' id='line_1_60' title="bbox 1201 2183 2091 2231; baseline -0.002 -9"><span class='ocrx_word' id='word_1_341' title='bbox 1201 2188 1325 2222; x_wconf 84' lang='lat' dir='ltr'>vinistae</span> <span class='ocrx_word' id='word_1_342' title='bbox 1346 2211 1357 2229; x_wconf 86' lang='lat'>,</span> <span class='ocrx_word' id='word_1_343' title='bbox 1382 2197 1524 2231; x_wconf 83' lang='lat' dir='ltr'>quatuor</span> <span class='ocrx_word' id='word_1_344' title='bbox 1544 2187 1727 2230; x_wconf 86' lang='lat' dir='ltr'>primorum</span> <span class='ocrx_word' id='word_1_345' title='bbox 1751 2183 2015 2221; x_wconf 78' lang='lat' dir='ltr'>Christianorum</span> <span class='ocrx_word' id='word_1_346' title='bbox 2037 2187 2091 2220; x_wconf 55' lang='lat' dir='ltr'>sm*</span> 
     </span>
     <span class='ocr_line' id='line_1_61' title="bbox 1199 2236 2092 2281; baseline -0.004 -8"><span class='ocrx_word' id='word_1_347' title='bbox 1199 2239 1350 2273; x_wconf 87' lang='lat' dir='ltr'>culorum</span> <span class='ocrx_word' id='word_1_348' title='bbox 1369 2237 1551 2281; x_wconf 84' lang='lat' dir='ltr'>&amp;quatuor</span> <span class='ocrx_word' id='word_1_349' title='bbox 1577 2238 1756 2281; x_wconf 82' lang='lat' dir='ltr'>primorum</span> <span class='ocrx_word' id='word_1_350' title='bbox 1776 2237 1980 2281; x_wconf 84' lang='lat' dir='ltr'>generalium</span> <span class='ocrx_word' id='word_1_351' title='bbox 1993 2236 2092 2270; x_wconf 87' lang='lat' dir='ltr'>Con-</span> 
     </span>
     <span class='ocr_line' id='line_1_62' title="bbox 1200 2286 2091 2331; baseline -0.006 -8"><span class='ocrx_word' id='word_1_352' title='bbox 1200 2287 1353 2324; x_wconf 88' lang='lat' dir='ltr'>ciliorum</span> <span class='ocrx_word' id='word_1_353' title='bbox 1373 2287 1472 2322; x_wconf 83' lang='lat' dir='ltr'>fidem</span> <span class='ocrx_word' id='word_1_354' title='bbox 1497 2289 1515 2322; x_wconf 76' lang='grc' dir='ltr'>ὸ.</span> <span class='ocrx_word' id='word_1_355' title='bbox 1541 2287 1573 2321; x_wconf 91' lang='lat' dir='ltr'>se</span> <span class='ocrx_word' id='word_1_356' title='bbox 1594 2287 1697 2321; x_wconf 88' lang='lat' dir='ltr'>teneri</span> <span class='ocrx_word' id='word_1_357' title='bbox 1719 2286 1921 2322; x_wconf 80' lang='lat' dir='ltr'>mendaciter</span> <span class='ocrx_word' id='word_1_358' title='bbox 1944 2287 2091 2331; x_wconf 83' lang='lat' dir='ltr'>glorian-</span> 
     </span>
     <span class='ocr_line' id='line_1_63' title="bbox 1200 2348 1268 2373; baseline 0 0"><span class='ocrx_word' id='word_1_359' title='bbox 1200 2348 1268 2373; x_wconf 87' lang='lat' dir='ltr'>tur</span> 
     </span>
    </p>

    <p class='ocr_par' dir='ltr' id='par_1_16' title="bbox 1195 2385 2088 3083">
     <span class='ocr_line' id='line_1_64' title="bbox 1249 2385 2088 2432; baseline -0.001 -10"><span class='ocrx_word' id='word_1_360' title='bbox 1249 2386 1404 2432; x_wconf 79' lang='lat' dir='ltr'>Ephelini</span> <span class='ocrx_word' id='word_1_361' title='bbox 1427 2387 1592 2424; x_wconf 86' lang='lat' dir='ltr'>latrocinii</span> <span class='ocrx_word' id='word_1_362' title='bbox 1617 2385 1697 2421; x_wconf 68' lang='lat' dir='ltr'>Asta</span> <span class='ocrx_word' id='word_1_363' title='bbox 1721 2388 1843 2422; x_wconf 62' lang='lat' dir='ltr'>castaus</span> <span class='ocrx_word' id='word_1_364' title='bbox 1854 2387 1990 2422; x_wconf 67' lang='lat' dir='ltr'>Sanctus</span> <span class='ocrx_word' id='word_1_365' title='bbox 2015 2385 2088 2421; x_wconf 87' lang='lat' dir='ltr'>Leo</span> 
     </span>
     <span class='ocr_line' id='line_1_65' title="bbox 1201 2435 2086 2478; baseline -0.003 -5"><span class='ocrx_word' id='word_1_366' title='bbox 1201 2438 1400 2473; x_wconf 88' lang='lat' dir='ltr'>Dioscorum</span> <span class='ocrx_word' id='word_1_367' title='bbox 1425 2462 1436 2478; x_wconf 89' lang='lat'><strong>,</strong></span> <span class='ocrx_word' id='word_1_368' title='bbox 1462 2437 1670 2472; x_wconf 77' lang='lat' dir='ltr'>Thalassium</span> <span class='ocrx_word' id='word_1_369' title='bbox 1694 2435 1929 2473; x_wconf 79' lang='lat' dir='ltr'>Caesareensein</span> <span class='ocrx_word' id='word_1_370' title='bbox 1953 2462 1964 2477; x_wconf 93' lang='lat'>,</span> <span class='ocrx_word' id='word_1_371' title='bbox 2000 2437 2086 2470; x_wconf 82' lang='lat' dir='ltr'>Bast-</span> 
     </span>
     <span class='ocr_line' id='line_1_66' title="bbox 1199 2487 2087 2530; baseline 0 -9"><span class='ocrx_word' id='word_1_372' title='bbox 1199 2488 1281 2523; x_wconf 86' lang='lat' dir='ltr'>lium</span> <span class='ocrx_word' id='word_1_373' title='bbox 1291 2488 1531 2523; x_wconf 83' lang='lat' dir='ltr'>Seleuciensem</span> <span class='ocrx_word' id='word_1_374' title='bbox 1545 2511 1555 2527; x_wconf 90' lang='lat'>,</span> <span class='ocrx_word' id='word_1_375' title='bbox 1584 2487 1771 2522; x_wconf 81' lang='lat' dir='ltr'>Eussatium</span> <span class='ocrx_word' id='word_1_376' title='bbox 1794 2488 2006 2530; x_wconf 84' lang='lat' dir='ltr'>Berytensem</span> <span class='ocrx_word' id='word_1_377' title='bbox 2020 2512 2029 2528; x_wconf 97' lang='lat'>,</span> <span class='ocrx_word' id='word_1_378' title='bbox 2051 2487 2087 2521; x_wconf 78' lang='grc' dir='ltr'>δε</span> 
     </span>
     <span class='ocr_line' id='line_1_67' title="bbox 1198 2537 2087 2581; baseline -0.003 -8"><span class='ocrx_word' id='word_1_379' title='bbox 1198 2539 1282 2573; x_wconf 84' lang='lat' dir='ltr'>alios</span> <span class='ocrx_word' id='word_1_380' title='bbox 1304 2538 1417 2573; x_wconf 68' lang='lat' dir='ltr'>faedius</span> <span class='ocrx_word' id='word_1_381' title='bbox 1438 2538 1509 2572; x_wconf 86' lang='lat' dir='ltr'>istic</span> <span class='ocrx_word' id='word_1_382' title='bbox 1524 2537 1627 2581; x_wconf 78' lang='lat' dir='ltr'>lapsos</span> <span class='ocrx_word' id='word_1_383' title='bbox 1649 2538 1830 2580; x_wconf 86' lang='lat' dir='ltr'>Episcopos</span> <span class='ocrx_word' id='word_1_384' title='bbox 1850 2537 1868 2569; x_wconf 70' lang='lat' dir='ltr'>a</span> <span class='ocrx_word' id='word_1_385' title='bbox 1892 2537 2087 2571; x_wconf 78' lang='lat' dir='ltr'>pontificali</span> 
     </span>
     <span class='ocr_line' id='line_1_68' title="bbox 1197 2586 2086 2630; baseline -0.002 -7"><span class='ocrx_word' id='word_1_386' title='bbox 1197 2588 1311 2623; x_wconf 87' lang='lat' dir='ltr'>officio</span> <span class='ocrx_word' id='word_1_387' title='bbox 1335 2589 1368 2622; x_wconf 89' lang='lat'>&amp;</span> <span class='ocrx_word' id='word_1_388' title='bbox 1388 2587 1627 2622; x_wconf 85' lang='lat' dir='ltr'>communione</span> <span class='ocrx_word' id='word_1_389' title='bbox 1663 2586 1868 2630; x_wconf 86' lang='lat' dir='ltr'>suspenderat</span> <span class='ocrx_word' id='word_1_390' title='bbox 1889 2610 1899 2627; x_wconf 90' lang='lat'><strong>,</strong></span> <span class='ocrx_word' id='word_1_391' title='bbox 1939 2587 2086 2630; x_wconf 85' lang='lat' dir='ltr'>ipsorum</span> 
     </span>
     <span class='ocr_line' id='line_1_69' title="bbox 1199 2637 2086 2681; baseline -0.002 -8"><span class='ocrx_word' id='word_1_392' title='bbox 1199 2640 1336 2675; x_wconf 81' lang='lat' dir='ltr'>nomina</span> <span class='ocrx_word' id='word_1_393' title='bbox 1352 2648 1465 2672; x_wconf 82' lang='lat' dir='ltr'>vetans</span> <span class='ocrx_word' id='word_1_394' title='bbox 1477 2638 1518 2672; x_wconf 87' lang='lat' dir='ltr'>ad</span> <span class='ocrx_word' id='word_1_395' title='bbox 1541 2637 1734 2671; x_wconf 86' lang='lat' dir='ltr'>sacrificium</span> <span class='ocrx_word' id='word_1_396' title='bbox 1756 2637 1884 2671; x_wconf 86' lang='lat' dir='ltr'>recitari</span> <span class='ocrx_word' id='word_1_397' title='bbox 1901 2661 1912 2681; x_wconf 62' lang='lat'><em>2</em></span> <span class='ocrx_word' id='word_1_398' title='bbox 1937 2647 2086 2671; x_wconf 83' lang='lat' dir='ltr'>attamen</span> 
     </span>
     <span class='ocr_line' id='line_1_70' title="bbox 1198 2685 2086 2732; baseline -0.002 -10"><span class='ocrx_word' id='word_1_399' title='bbox 1198 2700 1265 2724; x_wconf 89' lang='lat' dir='ltr'>non</span> <span class='ocrx_word' id='word_1_400' title='bbox 1277 2686 1468 2732; x_wconf 83' lang='lat' dir='ltr'>degradarat</span> <span class='ocrx_word' id='word_1_401' title='bbox 1481 2700 1489 2719; x_wconf 85' lang='lat'>:</span> <span class='ocrx_word' id='word_1_402' title='bbox 1516 2688 1611 2721; x_wconf 86' lang='lat' dir='ltr'>Hinc</span> <span class='ocrx_word' id='word_1_403' title='bbox 1624 2687 1756 2721; x_wconf 69' lang='lat' dir='ltr'>Sanetus</span> <span class='ocrx_word' id='word_1_404' title='bbox 1778 2685 1990 2721; x_wconf 85' lang='lat' dir='ltr'>Paschafinus</span> <span class='ocrx_word' id='word_1_405' title='bbox 2002 2687 2086 2721; x_wconf 83' lang='lat' dir='ltr'>Dio·</span> 
     </span>
     <span class='ocr_line' id='line_1_71' title="bbox 1197 2734 2085 2781; baseline -0.002 -9"><span class='ocrx_word' id='word_1_406' title='bbox 1197 2740 1327 2772; x_wconf 85' lang='lat' dir='ltr'>scorum</span> <span class='ocrx_word' id='word_1_407' title='bbox 1345 2737 1456 2772; x_wconf 75' lang='lat' dir='ltr'>adhuc</span> <span class='ocrx_word' id='word_1_408' title='bbox 1478 2746 1576 2771; x_wconf 85' lang='lat' dir='ltr'>vocat</span> <span class='ocrx_word' id='word_1_409' title='bbox 1599 2734 1919 2781; x_wconf 81' lang='lat' dir='ltr'>Archi—Episcopum</span> <span class='ocrx_word' id='word_1_410' title='bbox 1942 2737 2085 2772; x_wconf 78' lang='lat' dir='ltr'>Alexan·</span> 
     </span>
     <span class='ocr_line' id='line_1_72' title="bbox 1195 2786 2085 2830; baseline 0 -8"><span class='ocrx_word' id='word_1_411' title='bbox 1195 2788 1368 2822; x_wconf 86' lang='lat' dir='ltr'>drinorum</span> <span class='ocrx_word' id='word_1_412' title='bbox 1383 2812 1390 2819; x_wconf 94' lang='lat'><strong>.</strong></span> <span class='ocrx_word' id='word_1_413' title='bbox 1418 2787 1585 2821; x_wconf 90' lang='lat' dir='ltr'>Eumdem</span> <span class='ocrx_word' id='word_1_414' title='bbox 1607 2787 1679 2822; x_wconf 89' lang='lat' dir='ltr'>vult</span> <span class='ocrx_word' id='word_1_415' title='bbox 1699 2798 1768 2821; x_wconf 90' lang='lat' dir='ltr'>non</span> <span class='ocrx_word' id='word_1_416' title='bbox 1791 2786 1984 2830; x_wconf 81' lang='lat' dir='ltr'>utjudicem</span> <span class='ocrx_word' id='word_1_417' title='bbox 2008 2787 2085 2823; x_wconf 82' lang='lat' dir='ltr'>adfi-</span> 
     </span>
     <span class='ocr_line' id='line_1_73' title="bbox 1198 2834 2083 2880; baseline 0 -8"><span class='ocrx_word' id='word_1_418' title='bbox 1198 2838 1275 2873; x_wconf 86' lang='lat' dir='ltr'>dere</span> <span class='ocrx_word' id='word_1_419' title='bbox 1287 2834 1427 2880; x_wconf 82' lang='lat' dir='ltr'>synodo</span> <span class='ocrx_word' id='word_1_420' title='bbox 1441 2860 1452 2877; x_wconf 92' lang='lat'><em>‚</em></span> <span class='ocrx_word' id='word_1_421' title='bbox 1480 2836 1533 2871; x_wconf 90' lang='lat' dir='ltr'>sed</span> <span class='ocrx_word' id='word_1_422' title='bbox 1545 2837 1626 2871; x_wconf 85' lang='lat' dir='ltr'>flare</span> <span class='ocrx_word' id='word_1_423' title='bbox 1637 2848 1674 2871; x_wconf 89' lang='lat' dir='ltr'>ut</span> <span class='ocrx_word' id='word_1_424' title='bbox 1685 2839 1904 2872; x_wconf 82' lang='lat' dir='ltr'>accusatorem</span> <span class='ocrx_word' id='word_1_425' title='bbox 1928 2837 1962 2872; x_wconf 74' lang='grc' dir='ltr'>δε</span> <span class='ocrx_word' id='word_1_426' title='bbox 1973 2848 2061 2872; x_wconf 90' lang='lat' dir='ltr'>reum</span> <span class='ocrx_word' id='word_1_427' title='bbox 2072 2863 2083 2879; x_wconf 95' lang='lat'><em>‚</em></span> 
     </span>
     <span class='ocr_line' id='line_1_74' title="bbox 1196 2884 2083 2923; baseline -0.002 0"><span class='ocrx_word' id='word_1_428' title='bbox 1196 2888 1238 2923; x_wconf 89' lang='lat' dir='ltr'>de</span> <span class='ocrx_word' id='word_1_429' title='bbox 1260 2888 1318 2923; x_wconf 90' lang='lat' dir='ltr'>suo</span> <span class='ocrx_word' id='word_1_430' title='bbox 1342 2889 1377 2921; x_wconf 89' lang='lat' dir='ltr'>in</span> <span class='ocrx_word' id='word_1_431' title='bbox 1394 2887 1548 2923; x_wconf 65' lang='lat' dir='ltr'>Sanctum</span> <span class='ocrx_word' id='word_1_432' title='bbox 1570 2887 1764 2921; x_wconf 85' lang='lat' dir='ltr'>Flavianum</span> <span class='ocrx_word' id='word_1_433' title='bbox 1786 2888 1819 2921; x_wconf 91' lang='lat'>&amp;</span> <span class='ocrx_word' id='word_1_434' title='bbox 1843 2886 1925 2922; x_wconf 84' lang='lat' dir='ltr'>alios</span> <span class='ocrx_word' id='word_1_435' title='bbox 1945 2884 2083 2923; x_wconf 76' lang='lat' dir='ltr'>illustres</span> 
     </span>
     <span class='ocr_line' id='line_1_75' title="bbox 1198 2937 2083 2982; baseline 0.001 -10"><span class='ocrx_word' id='word_1_436' title='bbox 1198 2939 1381 2982; x_wconf 78' lang='lat' dir='ltr'>Episcopus</span> <span class='ocrx_word' id='word_1_437' title='bbox 1406 2938 1590 2972; x_wconf 81' lang='lat' dir='ltr'>latrocinali</span> <span class='ocrx_word' id='word_1_438' title='bbox 1602 2937 1727 2981; x_wconf 86' lang='lat' dir='ltr'>judicio</span> <span class='ocrx_word' id='word_1_439' title='bbox 1744 2937 1895 2972; x_wconf 87' lang='lat' dir='ltr'>daturum</span> <span class='ocrx_word' id='word_1_440' title='bbox 1916 2939 2059 2973; x_wconf 88' lang='lat' dir='ltr'>rationes</span> <span class='ocrx_word' id='word_1_441' title='bbox 2070 2962 2083 2980; x_wconf 91' lang='lat'>‚</span> 
     </span>
     <span class='ocr_line' id='line_1_76' title="bbox 1196 2986 2085 3033; baseline 0.001 -11"><span class='ocrx_word' id='word_1_442' title='bbox 1196 2989 1356 3033; x_wconf 86' lang='lat' dir='ltr'>quoniam</span> <span class='ocrx_word' id='word_1_443' title='bbox 1380 2988 1433 3022; x_wconf 79' lang='lat' dir='ltr'>isti</span> <span class='ocrx_word' id='word_1_444' title='bbox 1458 2987 1569 3023; x_wconf 81' lang='lat' dir='ltr'>abillo</span> <span class='ocrx_word' id='word_1_445' title='bbox 1591 2988 1630 3021; x_wconf 87' lang='lat' dir='ltr'>ad</span> <span class='ocrx_word' id='word_1_446' title='bbox 1642 2986 1758 3022; x_wconf 73' lang='lat' dir='ltr'>sedem</span> <span class='ocrx_word' id='word_1_447' title='bbox 1772 2986 1998 3031; x_wconf 84' lang='lat' dir='ltr'>Apostolicam</span> <span class='ocrx_word' id='word_1_448' title='bbox 2011 3001 2085 3032; x_wconf 88' lang='lat' dir='ltr'>pro-</span> 
     </span>
     <span class='ocr_line' id='line_1_77' title="bbox 1198 3036 2082 3083; baseline 0.002 -12"><span class='ocrx_word' id='word_1_449' title='bbox 1198 3039 1383 3073; x_wconf 73' lang='lat' dir='ltr'>vocassent.</span> <span class='ocrx_word' id='word_1_450' title='bbox 1410 3038 1459 3071; x_wconf 82' lang='lat' dir='ltr'>Ita</span> <span class='ocrx_word' id='word_1_451' title='bbox 1486 3036 1734 3071; x_wconf 87' lang='lat' dir='ltr'>subordinatum</span> <span class='ocrx_word' id='word_1_452' title='bbox 1756 3038 1898 3081; x_wconf 84' lang='lat' dir='ltr'>judicem</span> <span class='ocrx_word' id='word_1_453' title='bbox 1922 3063 1932 3079; x_wconf 88' lang='lat'>‚</span> <span class='ocrx_word' id='word_1_454' title='bbox 1960 3040 2082 3083; x_wconf 83' lang='lat' dir='ltr'>praeser-</span> 
     </span>
    </p>
   </div>
   <div class='ocr_carea' id='block_1_16' title="bbox 2108 2716 2264 2757">
    <p class='ocr_par' dir='ltr' id='par_1_17' title="bbox 2108 2716 2264 2757">
     <span class='ocr_line' id='line_1_78' title="bbox 2108 2716 2264 2757; baseline 0.026 -10"><span class='ocrx_word' id='word_1_455' title='bbox 2108 2716 2194 2757; x_wconf 64' lang='lat' dir='ltr'>Epist.</span> <span class='ocrx_word' id='word_1_456' title='bbox 2216 2730 2264 2756; x_wconf 79' lang='lat'>40.</span> 
     </span>
    </p>
   </div>
   <div class='ocr_carea' id='block_1_17' title="bbox 1197 3086 2081 3383">
    <p class='ocr_par' dir='ltr' id='par_1_18' title="bbox 1197 3086 2081 3383">
     <span class='ocr_line' id='line_1_79' title="bbox 1197 3086 2080 3131; baseline 0 -9"><span class='ocrx_word' id='word_1_457' title='bbox 1197 3090 1257 3123; x_wconf 89' lang='lat' dir='ltr'>tirn</span> <span class='ocrx_word' id='word_1_458' title='bbox 1270 3089 1326 3131; x_wconf 90' lang='lat' dir='ltr'>qui</span> <span class='ocrx_word' id='word_1_459' title='bbox 1340 3086 1450 3120; x_wconf 82' lang='lat' dir='ltr'>hostili</span> <span class='ocrx_word' id='word_1_460' title='bbox 1474 3087 1588 3120; x_wconf 87' lang='lat' dir='ltr'>animo</span> <span class='ocrx_word' id='word_1_461' title='bbox 1608 3088 1843 3122; x_wconf 81' lang='lat' dir='ltr'>latrocinaliter</span> <span class='ocrx_word' id='word_1_462' title='bbox 1865 3088 2019 3131; x_wconf 69' lang='lat' dir='ltr'>judicasse</span> <span class='ocrx_word' id='word_1_463' title='bbox 2031 3100 2080 3122; x_wconf 87' lang='lat' dir='ltr'>ac-</span> 
     </span>
     <span class='ocr_line' id='line_1_80' title="bbox 1197 3136 2079 3178; baseline -0.001 -6"><span class='ocrx_word' id='word_1_464' title='bbox 1197 3141 1345 3178; x_wconf 87' lang='lat' dir='ltr'>cusatur,</span> <span class='ocrx_word' id='word_1_465' title='bbox 1371 3137 1495 3170; x_wconf 65' lang='lat' dir='ltr'>trattati</span> <span class='ocrx_word' id='word_1_466' title='bbox 1508 3136 1616 3170; x_wconf 65' lang='lat' dir='ltr'>revera</span> <span class='ocrx_word' id='word_1_467' title='bbox 1628 3138 1785 3172; x_wconf 85' lang='lat' dir='ltr'>mandant</span> <span class='ocrx_word' id='word_1_468' title='bbox 1808 3138 1842 3172; x_wconf 75' lang='lat' dir='ltr'>&lt;Sc</span> <span class='ocrx_word' id='word_1_469' title='bbox 1857 3138 2003 3172; x_wconf 78' lang='lat' dir='ltr'>Ecclesiae</span> <span class='ocrx_word' id='word_1_470' title='bbox 2016 3137 2079 3172; x_wconf 89' lang='lat' dir='ltr'>Ca-</span> 
     </span>
     <span class='ocr_line' id='line_1_81' title="bbox 1200 3186 2080 3232; baseline -0.001 -9"><span class='ocrx_word' id='word_1_471' title='bbox 1200 3199 1302 3223; x_wconf 89' lang='lat' dir='ltr'>nones</span> <span class='ocrx_word' id='word_1_472' title='bbox 1327 3187 1362 3220; x_wconf 89' lang='lat'>&amp;</span> <span class='ocrx_word' id='word_1_473' title='bbox 1385 3186 1515 3229; x_wconf 88' lang='lat' dir='ltr'>Imperii</span> <span class='ocrx_word' id='word_1_474' title='bbox 1539 3187 1625 3232; x_wconf 87' lang='lat' dir='ltr'>leges</span> <span class='ocrx_word' id='word_1_475' title='bbox 1649 3211 1657 3219; x_wconf 83' lang='lat'><strong>.</strong></span> <span class='ocrx_word' id='word_1_476' title='bbox 1683 3189 1816 3223; x_wconf 65' lang='lat' dir='ltr'>sanetus</span> <span class='ocrx_word' id='word_1_477' title='bbox 1842 3188 2080 3229; x_wconf 73' lang='lat' dir='ltr'>paschasinus,</span> 
     </span>
     <span class='ocr_line' id='line_1_82' title="bbox 1198 3235 2078 3282; baseline 0 -10"><span class='ocrx_word' id='word_1_478' title='bbox 1198 3237 1311 3282; x_wconf 77' lang='lat' dir='ltr'>utpote</span> <span class='ocrx_word' id='word_1_479' title='bbox 1325 3235 1453 3271; x_wconf 82' lang='lat' dir='ltr'>Siculus</span> <span class='ocrx_word' id='word_1_480' title='bbox 1467 3236 1645 3281; x_wconf 86' lang='lat' dir='ltr'>Episcopus</span> <span class='ocrx_word' id='word_1_481' title='bbox 1656 3263 1666 3278; x_wconf 87' lang='lat'>,</span> <span class='ocrx_word' id='word_1_482' title='bbox 1693 3237 1834 3274; x_wconf 77' lang='lat' dir='ltr'>omnino</span> <span class='ocrx_word' id='word_1_483' title='bbox 1846 3237 1948 3282; x_wconf 75' lang='lat' dir='ltr'>graece</span> <span class='ocrx_word' id='word_1_484' title='bbox 1962 3247 2056 3273; x_wconf 84' lang='lat' dir='ltr'>norat</span> <span class='ocrx_word' id='word_1_485' title='bbox 2067 3262 2078 3279; x_wconf 92' lang='lat'>,</span> 
     </span>
     <span class='ocr_line' id='line_1_83' title="bbox 1202 3286 2080 3331; baseline -0.001 -8"><span class='ocrx_word' id='word_1_486' title='bbox 1202 3288 1299 3323; x_wconf 76' lang='lat' dir='ltr'>latine</span> <span class='ocrx_word' id='word_1_487' title='bbox 1319 3297 1427 3320; x_wconf 80' lang='lat' dir='ltr'>tamen</span> <span class='ocrx_word' id='word_1_488' title='bbox 1440 3288 1562 3331; x_wconf 82' lang='lat' dir='ltr'>semper</span> <span class='ocrx_word' id='word_1_489' title='bbox 1585 3288 1730 3331; x_wconf 83' lang='lat' dir='ltr'>loquitur</span> <span class='ocrx_word' id='word_1_490' title='bbox 1750 3289 1790 3322; x_wconf 84' lang='lat' dir='ltr'>ad</span> <span class='ocrx_word' id='word_1_491' title='bbox 1802 3286 1995 3330; x_wconf 77' lang='lat' dir='ltr'>synodum,</span> <span class='ocrx_word' id='word_1_492' title='bbox 2023 3287 2080 3322; x_wconf 87' lang='lat' dir='ltr'>ha-</span> 
     </span>
     <span class='ocr_line' id='line_1_84' title="bbox 1198 3337 2081 3383; baseline -0.003 -9"><span class='ocrx_word' id='word_1_493' title='bbox 1198 3342 1316 3383; x_wconf 90' lang='lat' dir='ltr'>betque</span> <span class='ocrx_word' id='word_1_494' title='bbox 1341 3338 1545 3380; x_wconf 72' lang='lat' dir='ltr'>interpretem</span> <span class='ocrx_word' id='word_1_495' title='bbox 1571 3337 1845 3377; x_wconf 69' lang='lat' dir='ltr'>Beronicianum,</span> <span class='ocrx_word' id='word_1_496' title='bbox 1875 3338 1953 3372; x_wconf 82' lang='lat' dir='ltr'>sacri</span> <span class='ocrx_word' id='word_1_497' title='bbox 1965 3337 2081 3372; x_wconf 86' lang='lat' dir='ltr'>Confi·</span> 
     </span>
    </p>
   </div>
   <div class='ocr_carea' id='block_1_18' title="bbox 1027 3387 2080 3432">
    <p class='ocr_par' dir='ltr' id='par_1_19' title="bbox 1027 3387 2080 3432">
     <span class='ocr_line' id='line_1_85' title="bbox 1027 3387 2080 3432; baseline 0 -11"><span class='ocrx_word' id='word_1_498' title='bbox 1027 3390 1060 3420; x_wconf 66' lang='lat'>51</span> <span class='ocrx_word' id='word_1_499' title='bbox 1073 3400 1135 3431; x_wconf 76' lang='lat' dir='ltr'>ergo</span> <span class='ocrx_word' id='word_1_500' title='bbox 1198 3389 1286 3423; x_wconf 88' lang='lat' dir='ltr'>storii</span> <span class='ocrx_word' id='word_1_501' title='bbox 1307 3387 1519 3422; x_wconf 75' lang='lat' dir='ltr'>secretarium</span> <span class='ocrx_word' id='word_1_502' title='bbox 1534 3402 1544 3420; x_wconf 87' lang='lat'>.-</span> <span class='ocrx_word' id='word_1_503' title='bbox 1570 3388 1627 3422; x_wconf 91' lang='lat' dir='ltr'>Ob</span> <span class='ocrx_word' id='word_1_504' title='bbox 1638 3388 1716 3420; x_wconf 87' lang='lat' dir='ltr'>alibi</span> <span class='ocrx_word' id='word_1_505' title='bbox 1737 3389 1914 3430; x_wconf 72' lang='lat' dir='ltr'>expolitam</span> <span class='ocrx_word' id='word_1_506' title='bbox 1936 3388 2080 3432; x_wconf 86' lang='lat' dir='ltr'>dignita-</span> 
     </span>
    </p>
   </div>
   <div class='ocr_carea' id='block_1_19' title="bbox 1197 3437 2081 3526">
    <p class='ocr_par' dir='ltr' id='par_1_20' title="bbox 1197 3437 2081 3526">
     <span class='ocr_line' id='line_1_86' title="bbox 1197 3437 2081 3481; baseline -0.002 -7"><span class='ocrx_word' id='word_1_507' title='bbox 1197 3450 1264 3475; x_wconf 85' lang='lat' dir='ltr'>tem</span> <span class='ocrx_word' id='word_1_508' title='bbox 1286 3438 1318 3473; x_wconf 89' lang='lat'>&amp;</span> <span class='ocrx_word' id='word_1_509' title='bbox 1342 3449 1466 3473; x_wconf 86' lang='lat' dir='ltr'>morem</span> <span class='ocrx_word' id='word_1_510' title='bbox 1493 3437 1637 3471; x_wconf 79' lang='lat' dir='ltr'>Ecclefiae</span> <span class='ocrx_word' id='word_1_511' title='bbox 1660 3438 1819 3472; x_wconf 73' lang='lat' dir='ltr'>Romanae</span> <span class='ocrx_word' id='word_1_512' title='bbox 1839 3462 1846 3471; x_wconf 90' lang='lat'><strong>.</strong></span> <span class='ocrx_word' id='word_1_513' title='bbox 1875 3437 2022 3481; x_wconf 81' lang='lat' dir='ltr'>Lilybeti</span> <span class='ocrx_word' id='word_1_514' title='bbox 2045 3437 2081 3473; x_wconf 83' lang='lat' dir='ltr'>in</span> 
     </span>
     <span class='ocr_line' id='line_1_87' title="bbox 1559 3484 2031 3526; baseline 0.006 -5"><span class='ocrx_word' id='word_1_515' title='bbox 1559 3488 1595 3522; x_wconf 87' lang='lat' dir='ltr'>H</span> <span class='ocrx_word' id='word_1_516' title='bbox 1622 3484 1644 3520; x_wconf 91' lang='lat' dir='ltr'>h</span> <span class='ocrx_word' id='word_1_517' title='bbox 1698 3499 1717 3526; x_wconf 73' lang='grc' dir='ltr'><em>ι</em></span> <span class='ocrx_word' id='word_1_518' title='bbox 1918 3487 2031 3524; x_wconf 73' lang='lat' dir='ltr'>Sicilia</span> 
     </span>
    </p>
   </div>
  </div>
 </body>
</html>
