2340 3736
424 84 509 128 AD
544 90 1019 126 saeuosANcruM
1055 75 1414 120 CONCILIUM
1448 73 1824 118 EPHESINUM.

254 164 318 197 ssus
328 161 465 197 confidit
477 172 512 197 ut
523 163 594 196 Leo
604 185 615 200 ,
626 160 660 193 ὅ(
672 159 815 202 Cyrillus
827 161 860 194 &
872 155 1033 197 Memnon
1047 159 1132 192 adse-

256 225 366 248 verant
378 214 440 246 sese
451 210 650 251 sibimetipsis
672 210 704 242 in
718 208 777 242 hac
797 211 889 243 causa
915 222 983 242 non
1005 208 1133 243 defutu-

255 275 308 298 ros
318 289 325 295 .
352 261 405 295 Ex
419 260 521 295 verbis
534 284 543 300 ‚
569 260 695 292 Nullam
702 268 754 300 per
765 264 901 292 canones
918 269 970 292 aut
991 264 1131 301 Imperia-

192 334 199 345 .
231 315 282 346 .1e
307 309 490 354 Rescriptum
509 308 646 342 habentis
663 308 855 350 potestatem,
880 309 926 343 D.
951 309 1064 342 Petrus
1089 308 1131 342 de

256 362 369 396 Marca
394 360 688 403 Archi-Episcopus
711 359 895 393 Parifienfis
915 360 948 392 in
968 369 1065 401 opere
1091 358 1130 391 de

257 409 434 446 Sacerdotii
455 421 491 444 ac
518 410 645 452 Imperii
656 408 832 443 concordia
854 409 952 442 infert
973 403 1131 451 Augustis

257 459 463 503 Principibus
473 461 555 493 olim
566 461 658 493 fuiffe
669 469 793 493 morem
803 457 988 492 criminales
998 457 1131 499 Episco-

258 522 377 555 porum
388 511 496 544 causas
507 509 679 554 delegandi
692 507 865 552 peregrinis
875 506 1004 540 alterius
1016 506 1130 540 dioece-

255 561 324 595 seos
337 559 505 604 Episcopis
521 583 530 599 ,
555 560 652 600 idque
660 558 758 591 etiam
771 558 803 590 in
816 557 951 599 Synodo
963 556 1105 600 generali
1120 579 1130 594 ‚

255 620 292 643 ac
302 608 386 643 istud
398 609 524 653 probari
538 607 591 642 hic
603 609 621 642 a
632 608 814 640 Memnone
836 618 873 640 ac
883 607 999 639 Sancto
1021 605 1131 649 Cyril-

257 660 292 694 lo
305 684 312 691 .
339 660 456 693 Fateor
466 669 590 693 morem
602 656 695 690 illurn
709 656 789 690 olim
802 657 892 690 fuisse
903 670 917 698 ,-
943 666 974 689 at
989 655 1130 689 Canoni-

257 709 318 743 bus
330 709 494 743 adversum
507 732 519 748 ,
543 708 577 741 &
595 708 628 740 in
643 705 731 739 nulla
753 716 897 749 unquam
917 706 1057 750 generali
1076 705 1131 748 Sy-

258 757 370 799 nodo,
395 758 498 791 nifiin
511 756 581 791 solo
599 754 760 799 Ephesino
772 755 943 790 latrocinio
965 757 1065 789 visum
1090 766 1132 788 at-

260 819 322 852 que
333 809 521 842 damnatum
533 831 541 838 .
569 806 682 852 Qem
695 806 774 839 abfit
796 805 849 839 hic
863 805 987 849 probari
999 805 1016 838 ὲ
1028 805 1133 838 Mem·

259 869 349 892 noue
369 867 424 891 aut
434 856 550 889 Sansto
562 855 710 896 Cyrillo.
738 855 845 898 Ajunt
866 855 984 899 Joanni
998 854 1135 888 Patriar-

259 906 328 941 chae
346 905 469 940 nullam
494 905 586 939 fuisse
597 906 630 938 in
642 906 672 938 se
692 915 749 939 aut
760 916 814 948 per
826 905 979 939 Canones
1002 904 1133 948 potesta-

257 966 324 991 tem
338 980 348 996 ,
373 967 430 990 aut
443 967 496 1000 per
507 956 675 998 imperiale
697 955 900 997 Rescriptum
915 955 1079 997 potestatis
1089 954 1135 987 fu-

257 1016 354 1046 cum,
382 1018 479 1049 quem
488 1005 618 1039 soluma
631 1005 782 1048 Principe
803 1006 944 1040 conferri
968 1006 1055 1049 posse
1078 1006 1134 1038 suo

258 1055 335 1089 loco
350 1056 536 1089 ostendetur
548 1081 556 1087 .

308 1104 492 1153 Qomodo
502 1106 544 1139 ab
556 1105 678 1139 Acacio
694 1103 883 1139 Berrhaeenfi
908 1105 1070 1148 Episcopo
1090 1103 1136 1136 in-

259 1154 372 1189 dustus
399 1154 609 1190 Theodofius
645 1155 814 1199 Augustus
838 1159 971 1188 'omnem
1000 1156 1135 1197 primam

259 1205 460 1245 Affionem,
484 1205 630 1239 adversas
640 1207 803 1248 utriusque
825 1206 922 1248 partis
945 1205 1136 1241 sententias,

259 1254 294 1287 &
305 1254 492 1287 Nestorii&
503 1254 622 1297 Cyrilli
634 1266 671 1288 ac
682 1256 877 1288 Memnonis
890 1253 1042 1296 Ephesini
1054 1253 1138 1285 dam·

259 1303 432 1338 nationem
444 1303 541 1336 miffis
561 1315 617 1347 per
638 1305 798 1347 Ioannem
819 1305 977 1337 sacrarum
998 1302 1138 1346 largitio-

260 1364 341 1387 num
353 1354 520 1387 Comitem
534 1352 707 1387 Divalibus
718 1353 831 1386 litteris
851 1352 1068 1392 confirmarit,
1094 1351 1137 1385 est

259 1403 352 1446 supra
365 1404 528 1438 ostensum
542 1428 548 1434 .
573 1402 650 1436 Post
663 1403 809 1437 advestas
819 1415 854 1436 ac
866 1402 1044 1446 publicatas
1066 1402 1138 1434 istas

259 1454 383 1487 litteras
393 1453 454 1487 fuit
465 1452 624 1499 celebrata
643 1452 711 1486 haec
738 1455 857 1493 Actio,
884 1463 979 1495 atque
1003 1452 1046 1486 ita
1071 1453 1139 1495 ipsis

259 1502 418 1537 obediens
430 1504 574 1545 Cyrillus
585 1502 602 1535 e
615 1502 757 1536 Praesxdis
767 1501 917 1537 cathedra
930 1502 1091 1536 descendit
1105 1503 1137 1534 in

260 1553 429 1597 degradati
445 1555 487 1587 rei
502 1553 659 1586 humilem
671 1553 782 1586 locum
796 1577 805 1592 ‚
831 1553 865 1586 <Sc
886 1553 1007 1586 direckae
1029 1564 1083 1595 per
1094 1553 1138 1585 so·

260 1602 311 1636 los
334 1604 503 1636 Romanos
527 1603 667 1646 Legatos
678 1603 814 1644 Synodo
837 1601 958 1636 obtulit
979 1604 1041 1635 una
1064 1612 1139 1635 cum

261 1653 447 1686 Memnone
458 1653 518 1693 jam
528 1652 829 1685 dissumlibellum.
860 1652 1000 1686 Aeacius
1020 1651 1143 1685 Meliti-

262 1702 367 1736 nensis
393 1703 570 1745 Epi‘copus
596 1703 736 1744 reposuit
760 1702 894 1745 loannis
916 1700 1140 1741 Antiocheni‚

261 1751 411 1786 hominis
423 1752 525 1795 palam
537 1751 577 1783 ab
587 1755 790 1784 oecumenica
810 1751 948 1793 Synodo
970 1749 1142 1785 schismati-

262 1801 315 1842 ci,
344 1801 378 1834 &
401 1802 546 1835 damnati
569 1800 715 1833 Nestorii
736 1800 885 1835 haeretica
910 1801 1145 1835 communione

263 1850 405 1896 polluti,
430 1852 465 1884 in
492 1851 657 1893 Cyrillum
690 1862 726 1883 ac
749 1851 988 1890 Memnonem,
1015 1861 1141 1884 autoce-

1900 86 1996 132 207

1192 160 1276 191 inter
1287 154 1409 190 milites
1419 154 1554 188 Clericis
1565 155 1835 199 improperatum:
1862 159 1930 188 Nos
1944 155 2068 188 bomini-

1192 207 1245 239 bus
1262 214 1320 249 per
1341 216 1391 237 nos
1414 202 1548 246 depofitt‘s
1571 206 1605 238 (ι’
1624 209 1878 238 excommunicatis
1897 203 2069 248 responsum

1192 258 1304 290 nullum
1316 257 1423 288 damus
1435 279 1442 286 .

1243 307 1352 352 Qare
1363 305 1491 338 tertiam
1501 313 1631 346 quoque
1650 315 1689 337 ex
1713 301 1861 347 synodali
1883 314 1974 337 more
1992 303 2069 339 cita-

1192 355 1318 390 tionem
1330 355 1398 388 fieri
1421 353 1638 397 efflagitarunt
1660 353 1804 395 Cyrillus
1823 366 1861 388 ac
1880 353 2069 395 Memnon,

1191 404 1312 439 addens
1326 405 1494 450 plerosque
1506 401 1641 446 Ioannis
1659 402 1694 435 in
1713 413 1834 445 patrato
1856 404 2004 438 facinore
2029 414 2069 437 ae

1193 456 1335 498 praesenti
1346 453 1557 489 contumacia
1567 450 1698 486 asseclas
1710 453 1776 485 esse
1787 452 1937 487 homines
1947 451 2069 487 haere.i-

1191 516 1272 546 cos,
1297 505 1507 549 degradatos,
1535 513 1591 536 aut
1612 501 1781 546 degradari
1801 501 1937 547 dignos.
1963 502 2013 536 lta
2033 503 2069 537 &

1192 567 1231 590 ex
1244 556 1387 599 priorum
1403 553 1563 587 Astorum
1573 552 1691 587 tabulis
1704 575 1715 591 ,
1741 551 1775 585 &
1786 562 1826 584 ex
1838 554 1979 594 praesenti
1992 564 2070 587 con-

1193 605 1334 639 tumacia
1356 603 1511 647 Synodus
1531 602 1612 636 vidit
1633 601 1767 645 Joannis
1791 601 1824 633 in
1847 601 2009 644 Cyrillum
2033 602 2070 636 δε

1194 655 1412 688 Memnonem
1422 663 1578 687 attentata
1598 663 1639 686 ex
1662 651 1766 685 animi
1786 650 1978 695 impotentia
1999 663 2071 694 pro·

1194 704 1332 745 ceffisse,
1360 705 1418 736 rite
1438 712 1547 736 tamen
1575 702 1753 736 Canonum
1774 701 1826 735 via
1846 701 1937 745 gradi
1958 701 2071 735 volens

1193 755 1335 789 decrevit
1345 753 1458 787 omnia
1468 751 1629 785 referenda
1638 751 1747 785 Princi
1751 751 1781 795 pi
1792 775 1803 792 ,
1825 750 1945 795 Joanni
1956 750 2074 785 facien-

1195 806 1271 838 dam
1280 805 1407 838 tertiam
1419 802 1613 837 citationem
1622 825 1634 843 ,
1653 803 1774 836 &tunc
1784 800 2073 845 pronunciandum

1197 857 1229 889 in
1242 862 1471 889 contumacem
1481 877 1489 884 .
2076 867 2078 869 >

1403 1033 1735 1083 ACTIO
1800 1037 1857 1082 V.

1318 1152 1444 1201 Qinta
1465 1149 1625 1198 Astione,
1652 1153 1729 1186 fasta
1751 1153 1881 1187 decimo
1902 1154 1994 1186 sexto
2016 1152 2081 1186 Ca-

1319 1203 1429 1236 lendas
1441 1201 1584 1245 Augusti
1596 1203 1629 1235 in
1643 1202 1783 1236 Ecclesia
1795 1203 2054 1245 Metropolitana
2067 1225 2080 1239 ‚

1201 1255 1333 1288 sanctus
1345 1252 1490 1295 Cyrillus
1511 1252 1588 1283 urflt
1610 1252 1730 1295 Joanni
1755 1252 1970 1287 Antiocheno
1991 1252 2080 1286 mitti

1201 1305 1330 1338 tertiam
1349 1302 1540 1335 citationem
1562 1312 1601 1335 ac
1628 1303 1874 1346 peremptoriam
1894 1328 1905 1344 ‚
1940 1304 2082 1348 graviter

1200 1364 1336 1398 querens
1346 1355 1377 1386 se
1396 1351 1437 1385 ab
1460 1352 1518 1384 illo
1541 1350 1654 1390 fuisse,
1681 1352 1779 1396 idque
1806 1364 1861 1396 per
1887 1353 2084 1386 stntentiam

1203 1403 1329 1448 publice
1342 1403 1504 1441 adfixam,
1530 1400 1710 1435 traductum
1730 1403 1770 1435 de
1781 1402 1851 1435 Arii
1865 1425 1876 1440 ,
1901 1401 2085 1439 Eunomi'r,

1202 1466 1238 1488 ac
1251 1452 1445 1496 Apollinarii
1457 1450 1616 1485 erroribus
1630 1476 1639 1491 ,
1665 1452 1769 1485 virum
1782 1453 1837 1494 qui
1850 1452 1868 1484 a
1880 1452 1982 1495 prima
1994 1460 2086 1484 aetate

1205 1501 1685 1537 sacraslitterasinmonasterio
1706 1502 1875 1542 didicerit,
1901 1502 1935 1534 in
1961 1502 2085 1535 saneto·

1202 1564 1271 1587 rum
1285 1565 1321 1586 ac
1333 1551 1596 1586 orthodoxorum
1620 1550 1754 1584 Parrum
1767 1551 1918 1585 manibus
1939 1552 1973 1585 ὅ(
1994 1549 2089 1584 disci-

1206 1603 1290 1645 plina
1303 1601 1476 1636 educatus.
1506 1601 1670 1643 Loquitur
1690 1601 1858 1635 adversum
1872 1602 2007 1645 Joannis
2019 1600 2090 1633 An·

1205 1651 1548 1687 tiochenicalumnias
1562 1675 1572 1690 ,
1598 1651 1760 1693 quiillum
1782 1652 1817 1685 in
1838 1651 2017 1685 Relatione
2045 1649 2086 1683 ad

1209 1703 1391 1746 Principem
1415 1702 1575 1743 scripserat
1597 1710 1710 1734 natum
1729 1702 1761 1736 ὅ(
1774 1702 1948 1735 educatum
1971 1699 2010 1734 acl
2025 1712 2089 1744 per-

1206 1753 1324 1787 niciem
1361 1751 1595 1785 Ecclefiarum.
1638 1751 1680 1785 Et
1704 1751 1875 1786 adversum
1895 1750 2089 1796 quotidiana

1207 1800 1402 1836 Candidiani
1415 1802 1448 1835 δε
1462 1800 1570 1834 [επὶ
1583 1800 1754 1835 Comitum
1763 1800 1929 1836 mendacia
1952 1802 1984 1834 ὃ(
1995 1801 2091 1834 falsas

1204 1853 1242 1886 ad
1265 1852 1449 1894 Principem
1476 1850 1669 1885 Relationes
1689 1852 1833 1886 addidit:
1859 1852 2021 1894 Sanbi‘itatl
2040 1862 2090 1884 ve·

262 1900 366 1945 phalae
386 1900 526 1934 dioecefis
548 1899 706 1933 Primates
727 1899 903 1943 Episcopus
923 1926 933 1940 ,
960 1901 1047 1944 gesta
1075 1911 1140 1934 non
1199 1900 1462 1945 straesummopere'
1471 1912 1545 1934 curae
1566 1899 1617 1945 effi’
1636 1901 1745 1942 debet,
1770 1913 1810 1935 ne
1826 1908 1891 1943 plae
1914 1904 2090 1941 Princlpum

264 1950 358 1985 fuisse
369 1949 569 1984 sacerdotale
588 1962 623 1984 ac
638 1949 792 1990 synodale
817 1950 998 1993 Jufflcium,
1026 1950 1077 1983 sed
1099 1961 1144 1983 at-

262 2010 426 2034 tentatum
439 2001 628 2041 impotentis
641 1999 741 2032 animi
765 2001 949 2033 convicium
962 2024 970 2040 ,
1000 2001 1143 2044 adeoque

264 2048 431 2083 nullis—hic
453 2060 534 2090 opus
553 2049 614 2081 effe
637 2048 753 2081 libellis
767 2073 775 2087 ,
804 2049 893 2081 nullo
914 2051 1161 2086 retractationis}

265 2099 398 2141 strepitu
411 2123 422 2138 ‚
450 2099 538 2131 nulla
575 2097 781 2131 absolutione
805 2121 813 2129 .
850 2098 951 2144 Qod
986 2090 1162 2142 judiciuml

266 2147 420 2190 synodus
440 2147 485 2180 est
512 2147 651 2181 omnino
678 2149 801 2180 secuta.
826 2148 869 2180 Et
893 2149 970 2182 hinc
989 2150 1143 2183 Actorum

266 2197 474 2241 synodalium
488 2196 640 2241 Digestor
653 2196 771 2239 scripsit
785 2197 950 2238 Cyrillum
963 2198 1038 2232 huic
1050 2201 1146 2232 etiam

266 2247 403 2281 Astioni
427 2246 618 2290 praesedisse.
648 2246 725 2289 Jus,
749 2257 815 2279 non
843 2248 962 2281 factum
990 2250 1148 2282 attendit.

268 2297 580 2341 Quin&Joannem
601 2294 849 2330 Antiochcnum
873 2308 923 2339 per
948 2296 1145 2332 Archelaum

267 2346 491 2389 Myndensern
518 2348 551 2379 in
573 2346 691 2386 Caria,
718 2346 859 2379 Paulum
878 2347 1090 2390 Lampenstm
1111 2350 1144 2382 in

268 2396 390 2436 Creta,
424 2397 458 2430 ὅ(
481 2396 614 2429 Petrum
637 2395 902 2431 parembolarum
925 2398 958 2430 in
980 2398 1143 2432 Palaestina

267 2447 447 2489 Episcopos
463 2446 502 2478 ad
518 2445 674 2487 judicium
694 2446 727 2479 &
746 2444 867 2480 dandas
888 2448 1080 2482 temeritatis
1103 2461 1146 2482 ra-

268 2496 378 2529 tiones
389 2495 538 2536 Synodus
548 2497 714 2528 evocavit.

319 2545 367 2578 At
388 2545 440 2577 ille
462 2544 648 2578 Nestorium
672 2544 814 2578 imitatus
834 2545 970 2580 domum
993 2548 1080 2581 suam
1100 2560 1146 2582 ar-

269 2605 363 2628 mato
378 2595 482 2627 milite
497 2594 602 2627 cinxit
615 2618 625 2633 ,
651 2596 667 2627 a
680 2605 746 2636 quo
757 2595 840 2627 male
850 2597 975 2635 excepti
990 2597 1142 2641 Episcopi

269 2645 336 2678 fine
347 2643 496 2685 responso
508 2643 687 2677 redierunt.
714 2643 810 2676 Hinc
827 2645 1001 2679 secundam
1021 2648 1145 2680 citatio-

269 2705 346 2727 nem
361 2693 425 2726 fieri
438 2693 552 2725 institit
565 2693 707 2736 Cyrillus
720 2717 731 2733 ‚
757 2694 790 2727 &
813 2694 866 2737 ipli
888 2707 925 2729 ac
946 2697 1009 2730 una
1027 2697 1141 2744 ssoma·

269 2744 322 2778 nis
335 2743 468 2786 Legatis
479 2751 576 2785 caput
588 2743 663 2777 oleo
677 2745 852 2785 peccatoris
877 2746 1071 2787 perfundens
1094 2748 1141 2789 Ju-

271 2794 394 2826 venalis
420 2792 656 2835 Hierosolyma:
679 2792 854 2835 Episcopus
881 2795 985 2828 edixit
1009 2796 1143 2838 postula-

271 2843 397 2876 tionem
409 2842 472 2875 esse
490 2842 686 2884 justissimam
700 2867 710 2882 ‚
737 2843 825 2886 quod
846 2843 980 2886 Synodo
1004 2846 1143 2880 adessent

271 2894 304 2926 δε
327 2891 626 2933 Hierosolymitana
647 2893 679 2926 δε
706 2894 854 2926 Romana
876 2895 1034 2934 Ecclefia,
1061 2898 1144 2938 apud

272 2954 351 2985 quas
365 2940 572 2975 Antiochena
586 2954 626 2975 ex
641 2943 833 2985 Apostolico
843 2943 982 2977 Canone
994 2947 1053 2980 fuit
1069 2949 1144 2980 sem-

271 3004 326 3035 per
336 2991 475 3034 judicata
487 3016 494 3023 .
517 2991 570 3024 Ad
587 2991 828 3026 Antiochenam
840 2994 1145 3038 Hierosolymitanae

271 3039 470 3075 subdendam
482 3063 492 3079 ‚
503 3042 536 3074 &
549 3041 615 3083 ejus
626 3042 800 3076 nobiliores
812 3044 994 3085 provincias
1005 3046 1036 3078 in
1055 3047 1143 3080 suum

271 3088 525 3126 patriarchicum
538 3090 587 3133 jus
598 3093 834 3126 transcribenda
850 3095 963 3135 partim
979 3097 1146 3130 occafione

273 3140 450 3183 temporis,
477 3141 592 3184 partim
616 3143 787 3175 mendacio
809 3142 893 3178 viam
913 3143 1021 3178 stravit
1045 3145 1145 3180 homo

274 3191 446 3224 versatilis.
473 3190 518 3224 At
532 3190 597 3232 ejus
619 3192 823 3234 nugamentis
844 3203 940 3226 nemo
963 3197 1142 3237 respondit.

275 3240 372 3273 Missa
401 3240 476 3273 vero
497 3239 540 3272 est
563 3240 700 3274 secunda
723 3242 835 3274 citatio
854 3253 910 3284 per
930 3243 1147 3279 Timotheum

276 3288 420 3323 Termefi
436 3291 467 3322 ὃς
482 3288 697 3330 Eudociadis,
726 3290 906 3324 Eustatium
922 3294 1066 3327 Docimii
1079 3319 1090 3334 ,
1114 3296 1146 3329 ἀ

276 3338 467 3372 Eudoxium
482 3338 653 3373 Chomatis
664 3339 697 3372 in
719 3340 820 3381 Lycia
833 3339 1027 3385 Episcopum
1040 3368 1050 3382 ‚
1080 3345 1147 3387 qui-

277 3387 336 3421 bus
346 3389 444 3422 etiam
458 3389 614 3431 Joannem
630 3389 737 3423 videre
749 3400 814 3423 non
825 3389 913 3423 licuit
924 3416 934 3431 ‚
962 3393 1012 3426 sed
1031 3392 1071 3426 ab
1082 3394 1147 3436 ejus

1205 1963 1289 1985 aures
1306 1959 1362 1993 per
1376 1951 1533 1991 fallaciam
1558 1957 1733 1992 capiantur.
1773 1952 1876 1985 Erant
1913 1950 2089 1994 justiffimae

1208 2013 1333 2044 preces,
1359 2001 1496 2043 ideoque
1507 1999 1596 2033 miffa
1610 2012 1688 2034 mox
1708 2002 1770 2035 fuit
1791 2002 1886 2036 tertia
1899 2001 2012 2034 citatio
2031 2012 2090 2043 per

1207 2051 1381 2086 Danielem
1391 2050 1627 2083 coloniensem
1648 2051 1679 2082 in
1694 2051 1832 2085 secunda
1852 2050 2062 2093 Cappadocia
2076 2074 2088 2089 ‚

1207 2100 1430 2134 Commodum
1443 2099 1693 2141 Tripolitanum
1707 2102 1740 2132 in
1754 2099 1859 2143 Lydia
1873 2124 1883 2139 ,
1908 2112 1945 2134 ac
1966 2099 2089 2133 Timo-

1208 2149 1318 2184 theum
1341 2149 1553 2182 Termensem
1577 2149 1607 2181 in
1621 2148 1839 2194 Hellesponto
1862 2150 2062 2193 Episcopum
2076 2174 2088 2189 ,

1206 2201 1322 2243 quibus
1334 2198 1501 2242 adjunctus
1513 2198 1694 2233 Muzonius
1704 2201 1862 2235 Notarius
1873 2225 1884 2241 ,
1894 2199 2087 2235 citationem

1206 2250 1357 2284 lesturus.

1257 2300 1315 2332 Per
1324 2300 1411 2332 viam
1423 2298 1629 2332 offenderunt
1641 2294 1836 2343 Asphalium
1857 2301 2005 2337 Ecclefiae
2016 2299 2086 2335 An-

1206 2348 1363 2383 tiochenae
1376 2347 1603 2390 Presbyterum
1617 2373 1627 2388 ‚
1653 2350 1797 2391 ejusdem
1819 2352 1966 2386 Ecclefiae
1987 2362 2088 2396 nego-

1207 2400 1250 2433 tia
1277 2410 1386 2432 curare
1413 2399 1607 2432 consuetum
1642 2399 1952 2445 Constantinopoli,
1979 2402 2086 2435 virum

1207 2448 1348 2488 bonum,
1377 2446 1541 2491 dequoad
1553 2449 1726 2490 Synodum
1737 2451 1858 2485 Daniel
1883 2452 2084 2495 Episcopus:

1210 2503 1262 2531 Hic
1285 2500 1328 2530 ad
1353 2499 1431 2531 aedes
1445 2521 1454 2536 ‚
1480 2503 1512 2530 in
1537 2497 1642 2540 quibus
1663 2501 1804 2540 piiffimus
1815 2502 1978 2545 Episcopus
1981 2507 2086 2546 Joam

1196 2560 1258 2590 ‘nes
1281 2556 1491 2587 commoratur,
1526 2549 1648 2590 propius
1683 2560 1735 2581 nos
1768 2552 1920 2591 adduxit,
1947 2550 2085 2594 nobisque

1205 2598 1376 2639 conjunc‘lus
1399 2605 1543 2630 irruentes
1559 2597 1755 2639 prolnbehat.
1795 2602 1946 2634 Caeterum
1981 2603 2086 2636 militi-

1207 2649 1260 2680 bus
1276 2654 1393 2691 gratias
1415 2654 1550 2691 agimus.
1579 2652 1619 2680 Hi
1640 2653 1717 2680 enim
1731 2673 1740 2688 ,
1765 2651 1988 2692 cumptffmum
2008 2645 2086 2693 Epi-

1205 2697 1321 2739 scopum
1342 2698 1531 2731 commodum
1558 2696 1765 2740 agnoscerent,
1791 2702 1824 2732 εὸ
1848 2703 1929 2743 quod
1949 2708 1983 2734 ln
2004 2703 2085 2734 illius

1207 2754 1332 2780 civitate
1352 2746 1413 2788 fint
1438 2747 1580 2786 constituti
1594 2772 1601 2786 ,
1629 2759 1727 2781 omnes
1754 2750 1879 2785 clericos
1892 2775 1902 2792 ,
1927 2757 2022 2793 quiin
2032 2763 2084 2784 nos

1206 2804 1347 2839 impetum
1375 2796 1547 2837 faciebant,
1575 2798 1768 2840 represserunt
1787 2825 1794 2831 .
1846 2801 2085 2844 Episcoporum

1210 2848 1337 2880 interim
1364 2846 1540 2880 adventum
1563 2847 1681 2890 Joanni
1704 2848 1896 2884 Patriarchae
1919 2851 2084 2885 nuntiavit

1211 2896 1563 2940 AsphaliusPresbyter
1575 2922 1586 2938 ,
1613 2910 1695 2941 quos
1705 2899 1759 2932 ille
1772 2901 1880 2934 videre
1888 2902 2009 2935 nolens
2024 2901 2086 2934 mi-

1210 2948 1243 2980 sit
1266 2947 1356 2980 suum
1383 2943 1707 2988 Archi-Diaconum,
1745 2949 1863 2984 faedum
1891 2950 2086 2985 homuncio-

1208 3008 1282 3029 nem
1308 2997 1396 3039 supra
1418 2997 1630 3039 descriptum,
1658 3011 1733 3031 cum
1755 3000 1863 3035 neseio
1884 3011 1947 3044 qua
1968 2999 2083 3035 scheda

1207 3048 1239 3080 ὃς
1250 3044 1335 3079 hisce
1349 3044 1468 3078 verbis:
1494 3049 1582 3079 sacra
1591 3050 1716 3085 Synodus
1728 3048 1806 3083 hanc
1824 3051 1866 3083 ad
1892 3046 1947 3084 vus
1967 3056 2061 3084 mittit
2072 3074 2083 3090 ,

1208 3105 1240 3128 ut
1255 3107 1320 3128 eam
1329 3101 1492 3135 accipiatis.
1520 3098 1602 3129 -Sese
1625 3108 1689 3130 non
1712 3098 1751 3131 ad
1770 3098 1902 3134 schedas
1925 3101 2084 3143 accipien-

1207 3144 1262 3178 das
1275 3169 1283 3182 ‚
1310 3144 1362 3176 std
1377 3144 1417 3177 ad
1431 3145 1560 3186 pacifica
1574 3148 1697 3188 Synodi
1722 3151 1875 3184 mandata
1900 3149 2082 3184 intimanda

1209 3193 1317 3228 mzffos
1328 3192 1544 3229 adserentibus
1557 3197 1722 3241 Episcopis
1731 3201 1898 3234 consultus
1919 3209 1973 3241 per
1993 3209 2083 3233 eum-

1208 3245 1281 3278 dem
1295 3243 1747 3286 NanumJoannesreddidit:
1775 3255 1879 3292 Neque
1898 3260 1951 3282 vos
1963 3250 2008 3281 ad
2027 3261 2081 3282 nos

1207 3298 1337 3326 mittatis
1350 3316 1359 3332 ,
1385 3304 1477 3336 neque
1490 3307 1541 3328 nos
1551 3298 1712 3339 quldquam
1725 3302 1769 3331 ad
1786 3311 1839 3332 'vos
1859 3303 2025 3338 mittemus,
2046 3297 2082 3340 fi·

1208 3344 1325 3386 quidem
1333 3342 1518 3386 posteaquam
1531 3350 1654 3380 Decreta
1673 3349 1765 3387 nostra
1782 3347 1874 3391 semel
1891 3350 1935 3381 ad
1951 3353 2084 3391 Impera·

1210 3404 1296 3426 rorem
1320 3393 1498 3435 detulimus,
1524 3399 1599 3439 quid
1617 3407 1687 3439 opus
1705 3397 1743 3439 fit
1759 3398 1843 3440 fiu‘lo
1863 3407 1898 3433 ut
1911 3396 1972 3442 ipse
1994 3400 2083 3432 nobisx

1952 3457 2033 3492 prae—
