2340 3736
104 540 187 577 Epist.
211 544 257 572 62.

103 592 158 620 94.

341 162 405 208 24

354 273 610 340 CAPUT
666 283 1090 339 SEPTIMUM.

356 419 609 484 Exponuntur
633 411 775 479 reliqua
802 418 833 459 S
820 414 939 478 ynodi
952 411 1055 463 Atia
1070 448 1083 462 .

371 535 466 570 Liam
477 533 601 577 Synodi
614 532 708 577 hujus
718 533 916 568 decisionem
928 534 1019 567 refert
1032 533 1166 567 Sanetus

396 585 465 619 Leo
489 584 644 618 Pontifex
656 585 690 618 in
709 584 825 618 litteris
836 584 877 618 ad
903 583 1092 621 Maximum
1106 581 1165 616 Pa-

280 634 452 671 triarcham
465 633 726 668 Antiochenum.
751 633 933 676 subrependi·
945 631 1094 675 occafiones
1107 644 1165 666 non

274 690 483 732 praetermittit
505 685 628 718 ambitio
639 710 648 724 ,
675 686 709 718 ὀ·
720 690 829 726 quoties
856 684 890 717 ob
904 690 1087 717 incurrentes
1098 694 1165 718 cau-

273 736 331 786 sas
348 737 497 780 generalis
524 740 705 778 congregatio
722 734 813 776 fac‘i'a
829 735 927 778 fuerit
953 735 1140 767 Sacerdotum
1153 757 1164 773 ,

280 787 393 829 difficile
417 784 472 826 est,
499 794 531 818 ut
542 785 691 826 cupiditas
714 784 912 827 improborum
924 796 980 816 non
990 785 1109 826 aliquid
1114 781 1165 826 su-

275 847 337 884 pra
357 834 524 879 mensuram
530 833 618 877 suam
639 836 778 869 moliatur
799 843 956 877 appetere.
984 836 1063 867 sicut
1074 839 1165 867 etiam

279 894 311 922 in
323 886 472 928 Epheffiia
483 887 502 918 5
498 886 590 924 ynodo
600 910 609 925 ,
636 895 701 927 quae
713 890 836 927 impium
849 884 1016 924 Nestorium
1026 891 1092 916 cum
1113 881 1166 926 suo

281 940 415 982 dogmate
435 937 580 977 perculit,
601 935 772 977 Juvenalis
797 933 961 977 Episcopus
973 935 1017 966 ad
1035 932 1166 965 obtinen-

248 1007 251 1009 —
281 990 353 1022 dum
378 985 544 1026 Palaestinae
566 986 737 1017 Provincia
761 987 967 1026 Principatum
994 980 1166 1026 credidisse

276 1038 353 1083 posse
369 1035 520 1079 sufficere,
547 1035 581 1068 (9⁹
604 1032 756 1075 insolentes
777 1033 864 1076 ausus
882 1042 940 1074 per
966 1037 1165 1066 commentitia

274 1086 390 1135 scripta
396 1085 540 1128 firmare.
568 1082 782 1126 ,Quodsane‘lae
792 1090 939 1116 memoriae
950 1084 1075 1122 cyrillus
1102 1084 1166 1116 Ale-

279 1138 453 1169 xandrinus
479 1130 642 1175 Epifi‘opus
662 1135 767 1166 merito
787 1131 1012 1176 perhonefiens
1041 1131 1163 1177 scriptis

273 1185 339 1232 suis
360 1183 451 1224 mibi,
480 1183 639 1217 Romanae
649 1181 798 1216 Ecclefiae
821 1192 900 1216 tunc
927 1182 1029 1217 Archi
1046 1183 1166 1217 Diaco-

277 1247 323 1269 no
336 1259 347 1274 ‚
397 1234 473 1276 quid
487 1231 639 1274 praedieia
651 1234 800 1273 cupiditas
810 1231 884 1276 ausa
903 1231 961 1274 fit,
989 1234 1140 1267 indicavit
1153 1258 1163 1274 ‚

277 1284 434 1328 &solicita
441 1292 528 1325 prece
538 1283 663 1315 multiim
668 1281 799 1327 poposcit
811 1307 821 1323 ‚
848 1292 881 1315 ut
892 1284 974 1316 nulla
999 1285 1113 1316 illicitis
1124 1295 1166 1317 co-

276 1334 399 1368 natibus
420 1332 605 1375 praeberetur
627 1332 739 1376 affenfio
764 1358 771 1365 .
810 1331 917 1367 Addit
944 1333 1162 1368 Orientalium

275 1385 512 1428 Episcoporum
537 1383 639 1426 prima
650 1382 766 1425 petitio
777 1382 818 1417 ad
836 1383 1021 1427 Principem
1036 1384 1126 1417 missa
1147 1383 1164 1416 ὲ

275 1436 410 1469 civitate
421 1432 677 1468 Chalcedonensi
694 1457 701 1464 .
730 1436 760 1465 E
769 1433 853 1465 nobis
866 1434 991 1475 quidam
1002 1436 1022 1466 ἃ
1030 1435 1155 1475 pientiffi

276 1497 322 1517 mo
325 1488 358 1529 J
360 1485 481 1518 avennis
505 1480 828 1525 Hierosolymitanorum
840 1482 984 1527 Episcopo
1004 1486 1072 1517 olim
1086 1485 1152 1516 ordi

276 1540 343 1568 nati
360 1534 515 1576 siluimus,
542 1539 684 1575 quamvis
702 1541 760 1575 pro
782 1533 956 1565 canonibus
987 1535 1164 1566 certandum

274 1586 361 1627 esset,
388 1595 423 1618 ne
444 1584 613 1617 videremur
627 1583 732 1626 gloriae
744 1581 846 1622 nostra
871 1581 958 1625 causa
978 1585 1090 1616 dolere.
1118 1586 1163 1615 Et

277 1645 352 1667 nunc
363 1645 473 1677 quoque
483 1634 563 1666 illius
569 1632 671 1672 studia
685 1634 719 1665 Θ
727 1632 900 1676 praestigias
910 1634 985 1666 tales
991 1642 1049 1675 per
1077 1632 1164 1666 Phae-

162 1709 166 1717 .
179 1698 205 1720 c„
227 1701 249 1722 Ly«
275 1691 369 1719 nicom
376 1683 535 1730 secundam
547 1684 581 1716 (ν
590 1682 733 1714 Arabiam
744 1694 800 1715 non
811 1689 981 1726 ignoramus
990 1707 1001 1727 Ι.
1030 1684 1162 1727 Juvena—

275 1736 338 1774 lis,
364 1735 414 1768 uti
432 1733 543 1769 scribit
567 1732 730 1777 Evagtius
754 1731 1024 1776 Epiphanlensi's‚
1049 1733 1067 1767 ὲ
1091 1732 1161 1767 Pri-

237 1802 243 1807 ·
276 1785 401 1819 matiali
428 1782 639 1827 Ephesiorum
675 1783 856 1826 Metropoli
891 1783 1161 1830 Hierosolymam

277 1835 448 1869 translatus
461 1859 470 1873 ,
499 1835 606 1877 primae
617 1832 791 1867 Palaestinae
807 1833 876 1876 jure
885 1833 1141 1877 Metropolitico
1152 1858 1162 1874 ,

277 1897 332 1930 per
355 1884 520 1927 Cyrillum
547 1884 580 1917 δε
606 1883 764 1926 Ioannem
788 1882 1134 1918 Antecefforesinvaso
1149 1908 1159 1924 ,

277 1945 485 1978 nequaquam
517 1934 579 1966 fuit
605 1943 781 1966 contentus
804 1946 811 1964 :
849 1933 989 1967 Decern-
1014 1933 1163 1967 Asiaticae

275 1984 465 2020 Dioeceseos
491 1982 673 2017 Provinciis
682 1981 843 2016 dominari
858 1983 971 2017 solitus
984 1993 1046 2017 tres
1068 1983 1168 2018 Palae-'

277 2034 376 2071 stinas
394 2033 509 2076 eripuit
522 2031 713 2067 Patriarchae
732 2030 946 2067 Antiocheno
958 2058 968 2074 ‚
995 2035 1162 2067 novum'se

276 2085 349 2120 istic
373 2082 593 2117 patriarcham
619 2082 786 2116 ostentans
808 2104 818 2121 ,
843 2084 1038 2127 tentansque
1062 2085 1162 2118 etiam

278 2134 434 2170 Arabiam
447 2134 480 2166 ὅ(
493 2132 571 2165 duas
593 2131 783 2165 Phoenicias
796 2156 806 2171 ,
834 2133 1012 2174 &quidem
1025 2145 1079 2176 per
1090 2145 1151 2177 prae

276 2185 387 2228 stigias
397 2184 429 2217 δε
443 2183 555 2224 scripta
566 2182 815 2215 commentitia.
842 2181 975 2216 Horum
988 2193 1091 2216 unum
1105 2184 1163 2216 mi-

279 2235 361 2268 scuit
372 2234 434 2266 suae
445 2233 586 2275 superius
600 2230 735 2264 laudatae
747 2241 803 2273 pro
813 2229 894 2264 Sede
907 2232 1099 2275 Apostolica
1116 2234 1163 2266 in·
1184 2236 1186 2239 ⁴

280 2280 489 2317 terlocutioni
505 2295 515 2314 .·
542 2280 867 2324 oportebatsoannem
881 2283 1055 2315 Reverendi
1073 2295 1163 2315 imum

282 2331 443 2367 Antiochia
454 2329 632 2374 Episcopum
655 2329 801 2371 confestim
813 2340 961 2363 accurrere
974 2333 1018 2363 ad
1029 2331 1164 2372 Apostoli-

280 2394 347 2415 cam
357 2382 459 2415 Sedem
471 2392 587 2424 magnae
597 2384 698 2412 Romae
709 2377 854 2422 nobiftrim
880 2380 1075 2422 confidentem
1087 2406 1096 2422 ‚
1126 2383 1160 2415 (ff

281 2433 478 2465 obedientiam
488 2443 523 2464 ae
533 2430 667 2463 honorem
677 2428 794 2471 deferre
820 2429 1092 2473 Apostolicosanaeae
1109 2435 1164 2463 Dei

283 2480 414 2523 Ecclesiae
436 2479 691 2524 Hierosolymorum
704 2504 714 2520 ,
740 2481 826 2521 apud
847 2491 932 2522 que-m
945 2482 1077 2513 maxime
1102 2493 1163 2514 mos

282 2532 320 2571 est
332 2544 370 2566 ex
381 2530 531 2574 apostolico
541 2532 642 2563 ordine
650 2539 738 2573 atque
745 2531 907 2563 traditione
919 2554 930 2570 ,
955 2540 989 2564 ut
1004 2530 1071 2574 ipsa
1077 2529 1164 2573 sedes

284 2581 464 2615 Antiocheno
474 2582 666 2625 dirigatur&
679 2581 763 2622 apud
782 2592 848 2614 eum
857 2572 1025 2621 Judicet'ur.
1055 2581 1165 2614 Etiam

285 2633 425 2677 Joannes
448 2631 688 2672 Hierosolymae
710 2629 857 2664 Antistes
879 2632 943 2664 sese
969 2631 1164 2674 Episcopum

285 2681 515 2724 Apostolicum
527 2703 537 2720 ,
563 2682 716 2723 suamque
727 2680 986 2722 Sedemjaeiabat
999 2679 1167 2724 Apostoli-

286 2743 379 2772 cam·,
406 2731 451 2765 ast
477 2731 517 2765 ab
538 2730 592 2764 illa
605 2728 813 2773 judicandam
827 2739 882 2764 aut
909 2729 1113 2776 dirigendam
1126 2732 1168 2764 se-

287 2782 363 2815 dem
384 2780 628 2814 Antiochenam
652 2778 760 2814 fabula
782 2779 827 2813 est
856 2780 954 2814 solius
982 2780 1167 2824 Iuvenalis,

288 2830 428 2865 omnino
449 2831 548 2874 digna
562 2830 696 2864 nomine
716 2829 947 2873 praestigiarum
970 2854 980 2870 ,
1007 2831 1168 2864 remitten-

288 2880 393 2923 daque
404 2905 414 2920 ‚
441 2891 505 2920 quo
517 2881 548 2913 ὃς
560 2880 720 2923 Joannem
730 2879 850 2913 remisit
857 2881 989 2914 sanstus
1002 2880 1166 2923 Hierony-

289 2941 384 2969 mus,
411 2930 450 2963 ad
473 2931 598 2964 sex:um
620 2930 652 2963 &
677 2930 851 2972 septimum
875 2930 1049 2963 Canonem
1066 2928 1168 2963 Nicae-

291 2990 371 3013 num
384 3003 391 3010 .
420 2979 578 3021 Iuvenalis
592 3004 600 3019 ‚
627 2979 760 3022 inquam
774 3003 784 3019 ,
813 2980 971 3022 Ioannem
991 2978 1171 3013 Antioche-

292 3040 373 3063 num
400 3028 511 3061 videns
534 3040 621 3062 extra
644 3029 771 3072 Synodi
798 3028 831 3061 ἀ
857 3029 949 3062 Sedis
971 3028 1170 3073 Apostolicae

292 3077 450 3123 gratiam,
477 3078 693 3112 damnatuma
708 3079 824 3114 Saneco
851 3078 980 3121 Cyrillo
993 3103 1003 3119 ‚
1033 3091 1070 3113 ac
1081 3079 1172 3112 inau-

292 3128 427 3162 dituma
451 3125 606 3171 Rhegino
618 3129 815 3171 Cypriorum
826 3128 1043 3172 Metropolita
1065 3131 1171 3163 excus-

292 3178 362 3212 sum
385 3202 394 3216 ‚
425 3176 546 3219 istaque
571 3176 746 3212 Provincia
772 3179 962 3212 mutilatum
987 3204 998 3219 ‚
1024 3179 1172 3212 mutilare

295 3227 400 3259 voluit
422 3227 455 3260 δε
467 3225 567 3259 tribus
578 3225 753 3259 Palaestinis
765 3228 798 3260 in
811 3229 919 3262 sedem
931 3230 1019 3261 suam
1029 3229 1174 3263 transcri-

297 3274 430 3308 bendis.
460 3275 506 3308 At
518 3275 651 3309 Sanetus
660 3275 805 3318 Cyrinus
817 3277 907 3310 aliud
918 3279 980 3311 esse
993 3279 1096 3314 sciens
1119 3278 1172 3312 de-

298 3325 369 3359 lista
407 3324 601 3359 Antistitum
623 3351 633 3366 ,
667 3325 755 3359 aliud
780 3325 848 3368 jura
874 3327 997 3360 sedium
1019 3352 1029 3367 ,
1055 3328 1172 3363 retudit

298 3373 457 3408 ambitum
470 3397 480 3413 ,
505 3375 578 3408 usus
588 3375 725 3408 consilio
736 3375 768 3408 &
780 3375 905 3409 auxilio
916 3376 1017 3410 Sancti
1027 3378 1148 3412 Leonis
1163 3404 1174 3420 ‚

298 3435 339 3457 ex
349 3434 427 3456 tunc
437 3425 622 3457 tenacissimi
634 3424 810 3459 Canonum
823 3425 1040 3460 Nicaenorum.
1063 3428 1171 3462 Etiam

300 3471 573 3517 Autocephaliarn
594 3471 751 3520 Rhegino
770 3474 879 3510 datam
898 3474 964 3519 jam
1001 3477 1074 3512 dixi
1092 3489 1171 3514 nun-

863 146 1501 195 Disszn'rario

1230 242 1327 274 quam
1339 232 1751 272 confirmatamsstomana
1762 238 1904 276 Ecclesia
1918 264 1930 282 ,
1951 239 2039 280 haud
2050 242 2118 280 dui*

1229 280 1281 315 bie
1294 282 1382 315 suasu
1396 282 1430 316 ὃ(
1440 293 1538 325 opera
1550 283 1688 326 eiusdem
1701 289 1839 325 Leonis.

1275 331 1459 379 Qomodo
1482 342 1590 367 autem
1610 335 1770 374 obedierit
1796 342 1961 385 Juvenalis
1971 368 1981 384 ,
2006 344 2106 380 docet

1228 381 1332 416 Sanffl
1343 382 1463 426 Cyrilli
1475 383 1515 416 ad
1528 382 1739 422 Gennadium
1751 389 1902 426 Ecclefiae
1917 393 2107 428 Constanti-

1229 433 1429 476 nopolitanae
1439 432 1668 476 Presbyterum
1678 435 1712 468 δε
1724 437 2024 478 Archimandritam
2033 444 2110 488 Epi-

1228 482 1309 516 stola
1323 507 1333 523 ‚
1344 483 1434 526 cujus
1445 483 1663 528 fragmentum
1676 486 1812 521 recitant
1819 492 1950 526 Sanetus
1963 494 2024 527 lvo
2033 495 2113 528 Car.

1230 533 1370 566 notenfis
1382 533 1561 576 Episcopus
1572 535 1629 575 fi&
1640 534 1675 568 in
1688 535 1831 571 Decreto
1841 539 2016 578 Gratianus
2033 544 2111 578 Mo·

1229 581 1366 616 nachus.
1393 581 1637 626 Dispensationes
1656 597 1756 619 rerum
1775 599 1985 631 nonnunquam
2006 603 2110 638 cogunt
2173 624 2179 631 ,

1224 634 1335 674 parum
1344 634 1463 675 quidem
1475 635 1495 665 ai
1507 633 1605 668 debito
1606 634 1697 676 foras
1707 642 1790 670 exire
1802 662 1812 678 ‚
1837 648 1870 671 ut
1882 641 1984 680 majus
1994 645 2114 685 aliquid
2131 624 2214 662 Ep¹st'
2222 636 2282 661 ¹⁴⁴⁶

1226 684 1337 716 lucrari
1351 681 1490 725 faciant.
1516 686 1686 718 sicutenim
1705 692 1751 727 ii,
1779 693 1832 730 qui
1840 701 1920 723 mare
1938 688 2112 735 navigant,
2133 675 2287 742 :Huzai-⁷1*

1227 732 1396 774 tempestate
1418 741 1537 775 urgente
1557 757 1568 774 ‚
1596 741 1728 778 navique
1744 739 1936 779 periclitante
1964 747 2111 784 anxiati,
2128 748 2205 775 c.16.

1226 783 1368 825 quaedam
1392 792 1556 816 exonerant
1565 808 1576 824 ,
1602 793 1636 817 ut
1660 786 1868 831 caeterasalva
1885 797 2112 835 permaneant3

1227 835 1271 865 itii
1284 834 1318 866 (5
1342 843 1394 865 nos
1409 858 1419 873 ,
1444 834 1507 866 cum
1518 845 1576 866 non
1597 833 1738 869 habemus
1745 835 1965 879 salvandorum
1983 847 2114 875 omnium

1228 887 1403 926 negotiorum
1413 884 1642 925 certitudinem,
1670 884 1843 929 despicimus
1851 900 1889 922 ex
1898 894 1941 923 eis
1952 893 2092 933 qua-dam
2102 914 2113 931 ,

1227 944 1263 965 ne
1273 942 1443 966 caeterorum
1451 939 1607 975 patiamur
1631 933 1789 978 dispendia
1801 963 1808 969 .
1838 941 1885 971 Et
1893 938 1958 973 baec
1965 939 2061 983 scribo
2071 953 2114 975 co-

1223 981 1364 1026 gnoscens
1376 1007 1386 1023 ,
1414 985 1494 1026 quod
1506 986 1609 1016 Pietas
1632 987 1698 1017 Tua
1708 985 1835 1020 tristetur
1848 993 1881 1021 in
1901 988 2113 1032 sandhffimum

1228 1034 1362 1066 Proclum
1383 1032 1583 1077 Episcopum,
1613 1037 1736 1077 eoquod
1757 1037 1914 1080 admiserit
1936 1044 1969 1072 in
1988 1051 2113 1074 commu-

1227 1088 1337 1115 nionem
1350 1082 1530 1125 AElienfium
1543 1088 1741 1127 Hegumenum
1751 1108 1761 1124 ,
1780 1097 1867 1128 quem
1878 1088 2012 1131 Ecclefiae
2033 1091 2112 1135 leges

1227 1133 1398 1174 Palaestsnae
1412 1133 1607 1176 Praepofitum
1629 1146 1687 1167 non
1699 1147 1863 1170 noverunt.
1890 1142 1987 1181 Igitur
2012 1150 2049 1173 ne
2069 1152 2114 1173 re-

1217 1182 1322 1227 fugiat
1335 1182 1439 1216 Plet‘as
1463 1187 1527 1218 Tua
1534 1182 1704 1227 sancqiffimi
1716 1188 1812 1220 Procli
1838 1187 1980 1231 Episcopi
1989 1187 2115 1223 commu-

1225 1239 1338 1266 nionem
1348 1258 1355 1265 .
1383 1237 1449 1266 Una
1469 1240 1548 1268 enim
1557 1245 1629 1268 cura
1640 1235 1783 1277 mibifuit
1796 1238 1830 1271 &⁶
1839 1239 1860 1270 5
1860 1238 2001 1272 ananan
2024 1243 2110 1282 ejus:

1224 1286 1269 1316 Et
1288 1282 1514 1328 dispensationis
1538 1286 1642 1318 modus
1665 1287 1739 1320 nulli
1758 1285 1893 1330 displicet
1913 1286 2089 1332 sapientum
2101 1313 2110 1322 .

1227 1333 1417 1379 Hegumeni
1429 1335 1482 1369 seu
1494 1335 1646 1378 Episcopi
1660 1336 1823 1379 Iuvenalis
1835 1362 1845 1378 ‚
1872 1338 1964 1383 quod
1975 1349 2039 1374 tres
2051 1339 2111 1373 Pa-

1224 1383 1361 1421 laestinas
1382 1396 1424 1418 ex
1444 1383 1610 1429 Ephesinae
1621 1386 1747 1429 Synodi
1770 1387 1903 1422 decreto
1929 1398 2114 1423 contumax

1227 1434 1327 1469 nollet
1339 1434 1503 1468 restituere
1514 1435 1708 1470 Patriarchae
1731 1436 1947 1472 Antiocheno
1961 1463 1972 1480 ,
1998 1440 2116 1473 refuta-

1225 1494 1290 1518 tam
1302 1485 1389 1527 prius
1399 1485 1670 1520 communionem
1689 1487 1824 1521 tandem
1836 1489 1965 1523 admisit
1978 1488 2115 1523 Procius

1225 1533 1612 1578 Constantinopolitanus
1649 1537 1831 1581 Episcopus
1866 1564 1876 1580 ‚
1913 1539 2117 1575 Maximiani

1226 1583 1399 1626 successor3
1427 1584 1536 1618 verum
1551 1585 1744 1621 Gennadius
1758 1586 2026 1623 Archimandrita
2036 1588 2118 1624 tulin

1223 1634 1304 1667 adeo
1328 1634 1488 1679 indigne,
1514 1642 1550 1667 ut
1562 1634 1631 1679 ejus
1652 1638 1924 1672 communionem
1945 1639 2115 1678 refutarit,

1224 1695 1390 1727 tamquam
1399 1684 1517 1727 polluti
1527 1685 1544 1716 a
1559 1683 1714 1727 Iuvenale
1723 1687 1963 1728 praevaricatore
1974 1712 1984 1728 ,
2011 1697 2117 1730 aeper

1224 1735 1328 1776 ipsum
1353 1735 1502 1768 Sanrstum
1516 1733 1683 1776 Cyrillum
1707 1736 1827 1769 decreti
1839 1735 1992 1779 Ephesini
2004 1739 2115 1770 austo-

1223 1795 1290 1817 rem
1298 1782 1446 1817 debuerit
1454 1783 1496 1816 ad
1509 1783 1598 1817 illam
1611 1783 1743 1818 reduci.
1771 1784 1967 1827 AJuvenale
1978 1809 1989 1827 ,
2012 1796 2112 1829 quem

1225 1833 1402 1870 versati-lem
1424 1834 1735 1868 vertumnumfuisse
1747 1833 1868 1868 docent
1890 1836 1958 1870 adia
1972 1836 2006 1869 in
2018 1836 2113 1870 latro·-

1223 1880 1319 1917 cinib·
1334 1882 1499 1926 Ephesin'o
1523 1907 1533 1922 ,
1561 1894 1666 1917 novos
1690 1884 1839 1919 Ecclesiae
1861 1894 1971 1919 motus
1992 1895 2114 1919 metue-

1224 1933 1302 1967 bant
1321 1933 1467 1976 Gyrillus
1490 1933 1522 1966 &
1544 1932 1682 1967 Proclus
1701 1957 1712 1974 ,
1748 1934 1889 1979 ideoque
1912 1936 2112 1970 censuerunt

1221 1983 1288 2026 ejus
1298 1992 1526 2019 contumacem
1549 1983 1709 2018 ambitum
1722 1984 1955 2028 dispensatorie
1974 1985 2113 2019 toleran-

1222 2034 1299 2068 dum
1312 2059 1322 2075 ‚
1347 2034 1388 2068 de
1398 2046 1464 2078 quo
1479 2034 1511 2066 in
1522 2033 1592 2067 dies
1604 2035 1765 2068 crescente
1777 2034 1904 2078 Synodi
1928 2028 2116 2071 Chalcedo-

1223 2086 1327 2119 nensis
1337 2084 1495 2127 judicium
1511 2084 1593 2117 infra
1603 2084 1769 2118 edicemus
1785 2109 1792 2116 .

1271 2134 1412 2183 Qstio
1423 2134 1467 2167 est
1478 2158 1488 2173 ‚
1515 2144 1556 2166 an
1567 2145 1607 2166 ex
1622 2131 1711 2166 Actis
1723 2133 1936 2176 synodalibus
1963 2133 2053 2169 aliud
2065 2134 2114 2168 ni-

1224 2182 1268 2217 hii
1280 2184 1406 2218 cassarit
1419 2184 1572 2217 Romana
1584 2183 1726 2217 Ecclesia
1739 2185 1756 2215 ἑ
1769 2184 1947 2217 Rationem
1962 2183 2113 2217 dubitan-

1223 2234 1256 2267 di
1267 2234 1322 2267 dat
1336 2235 1366 2267 S.
1382 2233 1562 2276 Gregorius
1574 2232 1720 2276 Magnus
1738 2233 1771 2265 in
1786 2232 1900 2266 litteris
1919 2231 1959 2266 ad
1987 2233 2114 2268 Narsen

1223 2283 1410 2317 Comitem.
1437 2281 1616 2323 Ephefinam
1635 2282 1776 2320 synodum
1798 2280 2021 2326 perscrutantes
2037 2308 2047 2324 ,
2074 2285 2113 2317 de
2131 2294 2287 2330 L.5.Ep.14;

1225 2331 1366 2373 Adelpbio
1377 2333 1413 2365 <s
1421 2331 1500 2364 Saba
1512 2357 1522 2372 ,
1549 2333 1583 2365 ὦ·
1592 2338 1707 2364 caeteris
1722 2332 1790 2364 aliis
1804 2355 1815 2371 ,
1840 2338 1892 2374 qui
1903 2332 1963 2366 illic
1972 2334 2114 2366 dicuntur

1224 2383 1273 2424 effit
1283 2383 1422 2414 damnati
1435 2405 1445 2421 ‚
1457 2383 1572 2414 omnino
1584 2381 1660 2413 nibil
1678 2386 1850 2415 invenimus
1864 2407 1870 2414 .
1898 2385 1944 2415 Et
1964 2382 2113 2424 existima-

1224 2443 1311 2470 mus,
1337 2438 1409 2474 quia
1422 2430 1496 2472 ficut
1518 2430 1757 2471 Chalcedonensis
1778 2433 1908 2471 synodus
1929 2438 2032 2466 inuno
2057 2435 2114 2466 loco

1225 2482 1262 2515 ab
1273 2480 1400 2521 Ecclefia
1411 2481 1733 2522 Constantinopolitana
1744 2481 1781 2521 est
1786 2480 1908 2524 falsata
1922 2506 1933 2522 ,
1947 2481 1987 2524 fic
1996 2484 2116 2526 aliquid

1225 2538 1257 2565 in
1278 2530 1428 2573 Ephefina
1449 2531 1556 2569 synodo
1568 2530 1689 2572 fallam
1701 2530 1739 2571 est
1753 2555 1759 2562 .
1787 2532 1863 2565 Sola
1876 2533 1911 2566 ὃς
1921 2533 2032 2566 omnia
2047 2533 2065 2566 ὲ
2080 2534 2114 2567 se

1226 2581 1417 2616 confirmata
1437 2581 1639 2624 generalium
1652 2580 1861 2624 Synodorum
1871 2584 1938 2617 aaa
1951 2582 2107 2617 Archivis

1226 2631 1289 2664 suis
1311 2631 1447 2664 inserere
1469 2630 1548 2664 solet
1571 2630 1722 2664 Romana
1746 2630 1886 2666 Ecclesia
1912 2645 1920 2664 :
1946 2632 2114 2678 Quocirca

1227 2681 1390 2715 decretum
1402 2680 1442 2714 de
1453 2680 1674 2719 Meffidiauss,
1701 2681 1790 2723 quod
1803 2682 1837 2715 in
1850 2682 1915 2715 illis
1935 2683 2114 2727 Gregorius

1230 2742 1296 2764 non
1308 2730 1423 2774 reperit
1435 2754 1445 2770 ‚
1471 2740 1597 2763 certum
1609 2730 1653 2764 est
1668 2741 1737 2764 non
1750 2731 1842 2765 fuisse
1862 2731 2094 2767 confirmatum
2104 2756 2114 2765 .

1230 2782 1272 2814 Et
1286 2780 1404 2815 Codex
1415 2780 1592 2814 Canonum
1612 2779 1762 2814 Ecclefiae
1772 2782 1923 2815 universae
1945 2783 2033 2817 solos
2058 2783 2116 2816 sex

1232 2829 1413 2874 Ephesinos
1423 2830 1578 2864 Canones
1590 2841 1666 2863 cum
1678 2829 1818 2865 decretis
1839 2831 1879 2865 de
1890 2843 1958 2866 non
1981 2833 2116 2867 alteran-

1230 2881 1275 2914 do
1302 2880 1442 2913 Nicaeno
1463 2879 1623 2922 symbolo
1647 2880 1682 2913 &
1695 2879 1736 2914 de
1755 2881 1896 2915 Ecclesia
1910 2882 2111 2926 Cypriorum

1229 2931 1390 2970 continet,
1403 2928 1485 2963 nihil
1498 2929 1538 2963 de
1547 2929 1748 2963 Messalianis
1758 2955 1765 2962 .
1795 2932 1886 2977 Qin
1899 2932 2004 2967 immo
2012 2941 2117 2971 vetus,

1229 2981 1246 3014 ὲ
1274 2979 1439 3022 Dionysio
1453 2979 1585 3023 Exiguo
1608 2980 1759 3014 collestus
1771 3005 1781 3021 ‚
1808 2981 1924 3016 Codex
1937 2982 2115 3015 Canonum

1231 3029 1379 3063 Ecclesiae
1391 3030 1551 3063 Romanae
1565 3028 1648 3063 nihil
1671 3031 1799 3072 penitus
1813 3029 1910 3065 habet
1920 3043 1962 3065 ex
1976 3031 2112 3074 Ephesi-

1231 3081 1280 3114 nis
1301 3079 1593 3113 constitutionibus
1606 3103 1616 3119 ,
1644 3080 1703 3113 nifi
1716 3081 1816 3115 solam
1827 3081 1869 3116 ad
1883 3081 1983 3115 instar
1995 3090 2116 3123 appen-

1231 3130 1312 3164 dicis
1328 3129 1507 3172 Epistolam
1518 3128 1693 3163 duodecim
1705 3130 1936 3174 Capituiorum
1964 3130 1994 3163 S.
2007 3128 2117 3172 Cyris-

1233 3180 1257 3213 li
1270 3203 1280 3219 ,
1306 3178 1340 3212 id
1351 3179 1395 3211 est
1406 3203 1417 3219 ‚
1445 3179 1550 3212 solum
1564 3179 1641 3213 fidei
1658 3180 1829 3215 decretum
1841 3207 1848 3214 .

1283 3227 1481 3271 Respondeo
1493 3240 1547 3271 per
1558 3229 1743 3264 Romanam
1762 3230 1936 3264 Ecclesiam
1949 3229 2119 3263 confirma—

1233 3290 1265 3314 ta
1291 3279 1383 3312 fuisse
1408 3278 1583 3312 duodecim
1604 3279 1724 3322 Cyrilli
1745 3278 1896 3325 Capitula
1908 3303 1919 3319 ‚
1946 3279 2121 3313 Canonem
2142 3317 2151 3323 ³

1232 3329 1274 3362 de
1286 3327 1464 3371 Symbolo‚
1491 3329 1525 3362 δε
1537 3327 1615 3362 Asta
1627 3340 1741 3365 contra
1761 3327 1959 3371 Pelagianos
1970 3354 1977 3361 .
1999 3327 2123 3361 Aburi.

1232 3378 1271 3412 de
1282 3378 1315 3412 id
1326 3377 1428 3421 liquet
1438 3389 1478 3412 ex
1492 3377 1555 3412 huc
1565 3380 1665 3422 usque
1674 3377 1767 3411 distis
1779 3401 1786 3408 .
1814 3377 1956 3421 Reliqua
1981 3377 2039 3411 fibi
2051 3377 2062 3409 i
2087 3379 2122 3410 sis

1233 3429 1340 3462 relista
1351 3430 1425 3461 sunt
1438 3451 1448 3467 ‚
1474 3427 1643 3471 quomodo
1652 3426 1721 3461 dixi
1733 3426 1824 3470 supra
1832 3427 1872 3461 de
1882 3427 1976 3462 Actis
1989 3428 2035 3470 Sy
2085 3427 2122 3460 di

1234 3478 1606 3521 Constantinopolitanae
1627 3501 1635 3511 .
1662 3477 1817 3513 Romana
1841 3488 1983 3522 namque
2010 3477 2120 3511 Eccle.

2014 3527 2056 3562 sia
2066 3552 2078 3568 ,
