2340 3736
339 91 442 144 236

270 179 371 206 centes
391 170 469 203 hunc
491 166 589 213 ipsum
609 167 783 203 monachum
794 180 859 204 cum
878 168 944 213 ipfis
956 196 966 212 ‚
994 180 1044 214 qui
1056 173 1156 204 dixit:

270 225 397 255 Domine
412 218 561 264 subscribe
576 245 583 254 .
614 224 686 253 Dico
697 222 731 254 (⁴5
744 232 792 265 ego
805 235 816 255 .·
842 224 910 255 Sine
920 228 1040 254 interim
1052 223 1158 254 videa·

267 283 336 306 mus
347 297 358 314 ,
378 270 409 313 si
421 283 491 314 quae
501 272 642 304 audimus
654 271 692 304 de
704 282 735 305 eo
747 296 758 312 ,
783 271 944 314 certasunt
956 296 963 303 .
993 270 1094 311 Postea
1112 272 1157 302 di-

266 329 327 356 cis:
354 326 503 365 Expone.
532 324 599 365 Ego
620 324 693 355 vero
715 323 801 355 dixi:
830 326 993 363 Exponere
1015 333 1074 354 non
1088 320 1157 364 pos-

263 372 334 417 sum
346 398 353 405 .
380 374 454 407 Vere*
464 373 583 415 quidem
591 369 671 414 scio,
689 370 749 415 Jed
759 383 815 406 non
823 372 936 415 pofficm
955 372 1051 404 dicere
1063 396 1071 405 .
1099 374 1157 404 Ta-

268 434 337 457 men
358 425 442 464 dico,
461 422 493 465 fi
511 427 580 465 quis
599 433 659 455 non
678 424 773 456 credit
784 421 858 463 ficut
878 428 1001 455 trecenti
1012 423 1110 455 decem
1121 423 1155 455 <9⁶

265 474 328 507 οέῖο
340 498 350 514 ,
376 476 410 509 (ἓν
421 478 515 516 quiin
526 470 644 516 Epheso
655 498 664 514 ,
691 473 854 506 anathema
856 471 896 514 fit
909 474 942 506 o·
955 472 1002 506 hic
1013 473 1048 505 cv·
1067 477 1099 504 in
1101 471 1153 513 fu-

265 522 464 568 eurosaeculo.
491 522 548 558 Est
560 523 852 557 locusmendosus.
880 522 1100 565 Nequeenim
1112 520 1153 555 ab

264 572 420 618 Eutyche
442 574 476 608 in
500 571 695 617 Synodum,
721 571 774 606 sed
794 573 812 607 a
834 570 972 614 synodo
996 571 1032 605 in
1049 571 1153 615 Euty-

264 624 350 660 chen
362 623 561 660 subscribere
570 634 702 667 rogatus
714 623 778 657 fuit
790 621 986 657 AEthericus
996 645 1006 661 ‚
1028 621 1062 656 &
1075 633 1152 666 quo-

264 675 357 711 niam
367 676 409 711 de
419 675 512 710 causa
523 674 619 718 plene
631 672 801 707 instructus
815 684 883 707 non
896 683 963 708 erat
972 697 983 714 ,
1011 683 1080 706 non
1099 670 1153 706 de-

262 725 358 760 finite
380 726 415 768 in
437 722 596 760 monachi
609 722 858 758 damnationem
871 722 1073 766 subscripsit,
1099 722 1151 756 sed

261 777 323 812 sub
342 775 554 811 conditione:
582 777 602 807 5
605 781 615 807 i
620 771 737 816 sentiat
748 772 903 817 diversum
914 776 934 807 ᾶ
951 773 1078 812 symbolo
1092 777 1152 806 Ni-

260 838 360 862 caeno.
387 825 567 870 Synodalia
588 825 695 859 Sancti
717 825 869 859 Flaviani
892 824 975 859 Asta
987 822 1152 858 addebant

259 878 369 922 ipsum
390 876 431 910 ad
454 877 550 911 lectas
570 875 709 910 duarum
720 885 906 909 naturarum
918 873 1152 919 praedicatrices

260 928 372 965 Sansti
395 926 517 971 Cyrilli
539 925 661 960 litteras
671 924 765 958 fuine
786 926 886 959 etiam
897 923 964 958 haec
976 924 1153 958 interlocu-

259 986 353 1013 tum:
379 979 460 1011 Sicut
475 975 644 1019 praesentes
668 978 781 1008 Patres
803 973 1029 1018 consinserunt,
1056 975 1152 1019 &ego

258 1027 405 1072 consentio
425 1029 458 1060 (ν
478 1027 636 1065 concordo,
662 1029 697 1058 (5·
718 1034 815 1065 ante,
841 1026 875 1059 (9'
898 1036 974 1058 nunc
999 1048 1009 1064 ‚
1035 1025 1069 1059 <9⁸
1088 1023 1151 1067 post

257 1078 323 1115 baec
337 1102 348 1117 ,
374 1079 410 1111 (5
431 1082 464 1111 in
480 1076 587 1119 futuro
603 1073 710 1118 saeculo
727 1097 736 1106 .
763 1075 843 1109 Erat
867 1075 915 1109 vir
937 1083 1153 1115 vertumnus,

256 1138 354 1171 atque
373 1128 417 1161 ita
439 1125 480 1160 de
493 1126 562 1160 istis
573 1126 637 1160 suis
649 1124 753 1159 ‘verbis
764 1125 852 1159 dixit
864 1124 905 1160 ad
917 1125 1128 1160 latrocinium
1144 1138 1151 1158 ι

256 1182 321 1222 Ego
331 1177 386 1218 ista
402 1188 459 1210 non
471 1178 557 1210 dixi.
586 1175 630 1210 Et
642 1177 828 1219 frequenter
839 1177 857 1209 a
879 1176 1044 1210 Dioscoro
1057 1187 1151 1220 roga-

254 1238 332 1268 tus,
358 1232 431 1262 Non
443 1239 479 1261 ea
490 1226 612 1268 dixisti,
639 1225 801 1269 perstitit-⁸
826 1229 919 1259 Non.
951 1226 1046 1261 Hinc
1066 1227 1154 1260 Dio·

254 1280 365 1313 scorus
388 1279 542 1313 Sanctum
563 1276 758 1311 Flavianum
780 1275 814 1309 &
829 1275 898 1318 ejus
917 1275 1091 1319 Synodum
1109 1276 1150 1311 de

255 1329 323 1364 falfi
344 1329 484 1363 crimine
507 1326 712 1363 &fabricato
724 1327 760 1361 in
774 1325 952 1370 Eutychen
963 1325 1088 1370 judicio
1101 1327 1150 1361 in-

253 1380 439 1415 fimulavit.

267 1457 270 1459 -
304 1429 366 1465 Ast
379 1427 574 1465 AEthericus
587 1425 825 1462 mentiebatur.
852 1425 947 1461 Hi'nc
961 1426 1034 1467 illi,
1060 1438 1148 1462 men·

252 1480 388 1516 dacium
397 1480 532 1523 palliare
545 1478 759 1522 perseveranei
770 1500 781 1516 ,
807 1487 921 1511 coram
938 1477 1035 1520 plena
1047 1477 1150 1512 Chal-

251 1530 428 1566 cedonenfi
445 1527 583 1572 Synodo
594 1529 629 1562 in
641 1528 759 1561 faciem
771 1527 856 1560 dixit
874 1525 1066 1562 Thalaffius
1079 1526 1148 1561 Pri-

251 1592 323 1615 mas
346 1579 573 1614 Caesareenfis:
601 1583 694 1617 Haec,
719 1588 789 1619 quae
793 1574 911 1619 scripta
917 1575 1016 1620 fient,
1042 1578 1148 1619 dixisti

245 1629 310 1676 fine
332 1630 394 1664 ulla
404 1630 560 1669 neceffitate
568 1653 580 1669 ‚
607 1628 684 1670 quid
693 1633 743 1660 vis
757 1639 792 1661 ea
805 1628 889 1661 modo
906 1627 1049 1668 destruere
1061 1627 1077 1659 ,ἕ
1104 1629 1147 1662 Et

251 1681 294 1716 ad
317 1678 464 1715 eamdem
487 1678 663 1723 Synodum
683 1678 866 1712 Dioscorus
891 1690 898 1710 ε
932 1679 1147 1712 Calumniatus

255 1731 335 1764 nihil
342 1737 462 1774 patitur
476 1731 493 1762 ,θ
518 1732 551 1764 si
570 1741 620 1774 ego
640 1729 724 1771 effem
734 1725 934 1771 deprehensus
945 1753 956 1769 ,
983 1734 1150 1771 nonpatie-

250 1781 307 1815 bar
318 1782 336 1814 ἒ
363 1780 560 1825 Expostulat
573 1789 611 1814 ut
623 1778 779 1822 Synodus
797 1789 868 1813 non
880 1778 996 1812 miuus
1009 1779 1045 1813 in
1055 1790 1148 1813 men—

248 1830 336 1866 dacii
358 1832 549 1867 convictum
573 1828 788 1864 AEthericum
800 1852 812 1869 ,
838 1839 938 1873 quarn
958 1830 994 1863 in
1008 1831 1082 1863 suos
1093 1840 1149 1864 ex-

249 1883 352 1918 cessus
373 1882 454 1926 justa
475 1882 514 1915 s1t
537 1881 572 1915 &
597 1881 760 1925 rigorosa.
791 1878 840 1912 At
853 1879 889 1913 in
909 1889 1008 1923 caput
1029 1881 1122 1913 suum
1138 1904 1146 1912 .

250 1931 397 1967 Addidit
410 1941 550 1974 namque
563 1930 774 1964 AEtheticus:
800 1928 892 1962 Prius
902 1931 1022 1971 quidem
1031 1929 1148 1972 consen-

244 1982 294 2028 μ’,
320 1983 355 2016 (9⁸
372 1979 534 2027 subftripfi
547 1980 692 2022 tantum;
719 1980 785 2021 abii
802 1977 953 2021 Ephesum
963 1978 1004 2013 ad
1015 1980 1147 2014 latroci-

248 2033 361 2068 nalem
381 2040 587 2067 conventum
610 2055 622 2071 ,
653 2030 759 2071 statim
781 2027 908 2070 adbaefit
927 2028 1003 2062 mihi
1026 2027 1144 2073 Diosco-

247 2094 302 2118 rus
327 2107 339 2123 ,
364 2084 400 2117 (st
430 2083 513 2115 dixit
540 2094 551 2114 .·
597 2082 704 2124 ,Quare
721 2078 912 2123 subscripfisti
929 2088 1031 2112 contra
1054 2082 1146 2117 Eutr-

248 2132 321 2168 chen
342 2134 355 2167 ?
392 2132 574 2168 Dioscorus
594 2142 677 2175 ergo
704 2130 796 2163 istius
817 2128 984 2164 mendacii
1003 2140 1073 2164 erat
1092 2142 1144 2174 pa·

247 2193 297 2218 ter
317 2185 352 2218 ὅ(
370 2184 480 2217 audior
493 2207 500 2215 .

300 2235 386 2269 Asta
409 2233 515 2278 legere
535 2229 674 2276 perrexit
694 2231 837 2274 Joannes
847 2229 1066 2264 Notariorum
1077 2229 1146 2264 Pri-

248 2284 406 2321 micetius
418 2284 518 2325 usque
540 2282 581 2317 ad
601 2281 780 2315 Astionem
799 2280 968 2323 septimam
983 2304 995 2321 ,
1022 2279 1143 2315 haben-

250 2345 322 2370 tem
345 2333 413 2368 haec
437 2331 570 2367 Eusebii
591 2330 808 2374 Dorylaeenfis
821 2330 978 2374 Episcopi
989 2330 1030 2364 ab
1042 2332 1144 2374 Euty-

252 2384 350 2421 chete
372 2383 591 2427 interrogata:
617 2380 773 2423 confiteris
783 2381 863 2414 duas
882 2389 1013 2414 naturas
1025 2383 1144 2420 ,Domi-

253 2447 293 2470 ne
303 2433 570 2468 Archi-Mandata
585 2456 596 2473 ,
615 2431 678 2474 post
688 2436 944 2473 incarnationm,
970 2433 1004 2465 (τ
1025 2429 1145 2474 consub-

247 2485 428 2529 stantialem
438 2483 520 2517 nobis
535 2483 588 2527 effi!
598 2480 748 2522 Christum
760 2482 837 2513 dicis
841 2478 1003 2523 secundum
1012 2492 1144 2519 carnem,

252 2535 390 2570 annon?
414 2532 471 2567 Ad
483 2545 555 2578 quae
577 2531 790 2568 latrocinium
799 2531 1015 2565 exclamavit:
1042 2532 1122 2563 Tolle
1135 2554 1144 2569 ,

251 2586 379 2620 incende
399 2584 584 2628 Eusebium.
610 2581 665 2623 Iste
684 2586 780 2615 vivus
799 2582 926 2615 ardeat.
955 2579 1011 2620 Iste
1027 2586 1061 2614 in
1087 2582 1144 2613 duo

249 2637 310 2680 fiat
325 2660 335 2669 .
360 2637 442 2669 sicut
458 2639 597 2677 partitus
617 2631 676 2673 est,
697 2636 879 2673 partiatur.
908 2631 953 2665 Et
975 2630 1144 2664 latronum

251 2687 407 2729 Princeps
420 2685 602 2720 Dioscorus
614 2696 625 2717 .-
646 2681 821 2716 Tolerabilis
832 2681 917 2715 vobis
927 2680 965 2722 est
977 2680 1026 2721 iste
1033 2679 1143 2724 firmo,

247 2736 312 2781 post
332 2736 607 2770 inhumanationem
630 2733 708 2766 duas
728 2740 857 2766 naturas
868 2733 962 2765 dicere
974 2731 991 2762 ἓ
1017 2732 1062 2766 Et
1074 2730 1146 2766 om-

252 2788 307 2821 nis
328 2786 494 2821 latronum
514 2796 614 2831 grex:
643 2781 816 2816 Anathema
840 2787 888 2821 ei,
911 2787 963 2825 qui
980 2783 1074 2814 dicit.
1101 2780 1146 2816 Et

252 2835 381 2872 rursum
403 2835 580 2880 Princeps:
608 2836 764 2878 ,Quoniam
783 2833 818 2866 (τ
830 2843 916 2866 voces
929 2831 1043 2872 vestras
1054 2830 1145 2874 neces-

251 2885 355 2932 sarias
375 2885 470 2920 habeo
488 2888 524 2921 ό*
544 2896 653 2920 manus
664 2907 676 2925 ‚
698 2881 729 2925 fi
746 2888 811 2926 quis
825 2881 982 2924 nonpotest
992 2883 1142 2920 clamare,

254 2947 378 2971 manum
398 2938 560 2970 extendat.
587 2935 732 2970 Causam
754 2933 790 2966 in
811 2932 950 2975 Synodo
962 2930 1144 2966 Chalcedo-

254 2989 346 3022 nenfi
366 2986 577 3029 postmodum
596 2992 795 3030 aperuerunt
816 2982 971 3025 Episcopi
995 2981 1145 3017 Orienta-

253 3036 302 3071 les
311 3049 324 3070 .-
351 3037 465 3069 Nullus
486 3036 540 3077 ista
552 3037 634 3070 dixit
646 3061 653 3068 .
667 3034 727 3075 ssa
737 3033 798 3067 soli
809 3035 951 3077 AEgyptii
964 3032 1141 3075 Episcopi,

255 3084 468 3130 Eutychiana
479 3086 564 3129 lepra
574 3097 651 3120 cum
664 3086 722 3119 suo
735 3081 923 3118 Patriarcha
942 3082 1052 3116 infesti
1065 3106 1076 3122 ‚
1102 3083 1150 3115 di.

256 3144 368 3171 xerunt
381 3161 390 3169 .
418 3135 522 3169 Multi
543 3136 697 3180 Episcopi
714 3133 885 3170 Catholici
903 3133 1039 3167 fuerein
1050 3133 1146 3167 latro-

255 3187 348 3222 cinio
368 3198 378 3219 :
405 3186 483 3220 Hos
502 3184 722 3227 Eutychianis
741 3181 949 3228 blasphemiis
967 3184 1145 3218 acclamare

257 3236 408 3271 nolentes
426 3235 471 3271 ad
486 3245 608 3271 vmanus
626 3236 739 3269 saltem
748 3235 973 3269 extensionem
983 3234 1147 3277 compulit-

258 3297 419 3333 tyrannus
439 3284 629 3331 AEgyptius
637 3310 651 3329 ,
679 3284 747 3328 quo
759 3284 867 3327 postea
885 3283 1038 3320 adversus
1049 3285 1146 3319 latro-

257 3337 384 3372 cinium
395 3348 464 3370 non
475 3337 601 3380 possent
611 3333 787 3371 reclamare
797 3359 806 3367 .
877 3359 882 3363 .

303 3385 441 3422 ,Exinde
468 3398 607 3421 ventum
640 3384 748 3420 estad
770 3383 930 3427 synodale
953 3382 1146 3428 Eutychetis

257 3447 400 3474 examen
412 3459 428 3480 ‚
451 3446 518 3482 quo
539 3437 640 3474 fidem
660 3437 754 3474 suam
772 3444 845 3471 non
864 3435 983 3481 scripto
992 3434 1146 3473 exhibere

961 88 1430 134 Arreanx

1222 170 1318 212 justus
1332 170 1395 206 fuit
1406 197 1417 212 ‚
1444 171 1498 207 sed
1514 172 1585 209 viva
1599 185 1681 210 voce
1691 176 1835 220 profiteri
1849 202 1860 218 ‚
1887 187 1942 213 aut
1956 177 2028 215 sane
2039 173 2118 217 reci-

1222 232 1291 254 tare
1317 233 1357 276 ex.
1378 221 1490 257 charta
1504 247 1511 255 .
1537 224 1620 270 Qae
1641 227 1716 261 cum
1739 228 1947 273 legerentur,
1974 229 2117 273 Joannes

1218 269 1360 314 Ephaest1
1384 272 1419 305 in
1445 272 1602 317 AEgypto
1615 276 1797 322 Episcopus
1814 278 2114 316 estinterlocutus:

1219 322 1354 364 Quando
1376 321 1501 363 abfuit,
1525 323 1559 355 ἐκ
1581 329 1614 356 ln
1633 329 1794 362 Concilium
1804 335 1906 364 venire
1917 333 2041 365 minime
2047 329 2116 376 spe-

1221 370 1347 404 rabatur
1371 371 1519 410 Eutyches
1532 397 1543 412 ,
1569 379 1663 406 omnis
1684 380 1711 407 ei
1722 378 1947 421 quafipromitti
1958 384 2115 415 clementia

1222 421 1385 457 videbatur
1398 434 1407 465 ;
1436 425 1558 464 quando
1580 426 1652 457 vero
1664 425 1809 468 advenit,
1834 434 1866 461 in
1877 442 1990 465 omnem
2001 432 2118 466 trat‘la-

1218 476 1328 506 tionem
1348 472 1585 506 inhumanitatis
1609 475 1770 508 adducitur
1795 501 1802 509 .
1830 479 1936 515 Sanc'ti
1960 482 2114 517 Flaviani

1219 522 1393 565 Synodum
1414 523 1557 557 latrones
1579 523 1631 558 isti
1650 524 1726 559 sunt
1737 528 1831 561 omni
1844 539 1886 562 ex
1899 540 1987 572 parte
1998 531 2113 567 conati

1218 572 1405 608 decolorare
1417 599 1424 606 .
1452 574 1635 621 Haereticos
1647 576 1741 610 omni
1753 574 1909 612 charitate
1920 579 1953 613 &
1967 584 2113 617 mansue·

1220 621 1336 657 tudine
1355 624 1538 658 tractandos
1560 624 1603 659 ab
1617 625 1758 660 Ecclesia
1776 652 1787 668 ‚
1810 627 1845 661 ὅς
1858 640 1943 662 caecae
1956 630 2114 673 iniquita-

1218 672 1280 713 tis,
1307 673 1342 706 in
1365 674 1508 717 ipsorum
1531 676 1628 709 corde
1640 677 1834 720 grassantis,
1861 679 2003 723 glaciem
2024 691 2113 715 com·

1218 723 1390 757 miserante
1402 725 1548 759 fraternae
1559 725 1594 759 δ(
1606 727 1777 761 luminosae
1788 725 1956 763 charitatis
1976 730 2112 767 flamma

1218 772 1407 807 solvendam
1430 772 1526 809 docet
1539 777 1724 819 frequenter
1735 779 1866 813 Sanetus
1881 780 2112 824 Augustinus:

1218 824 1263 858 Et
1284 823 1331 858 ita
1351 823 1368 857 a
1392 825 1512 859 Sancto
1526 826 1686 861 Flaviano
1695 830 1869 863 tractatum
1882 829 2062 873 Eutychen
2074 830 2111 866 li-

1216 885 1295 919 quet
1307 886 1348 908 ex
1361 874 1451 909 Actis
1462 874 1676 918 synodalibus
1690 902 1697 909 .

1268 924 1364 958 Lersta
1378 923 1509 959 tandem
1521 925 1583 960 fuit
1594 927 1628 961 ὃς
1640 924 1706 961 haec
1720 927 1891 971 Eutyches
1910 928 2007 964 fides:
2024 934 2113 965 ‘Con-

1212 973 1422 1016 fiteorfao‘lam
1432 978 1490 1009 Det
1501 976 1591 1010 Verbi
1605 983 1637 1010 in
1648 989 1737 1011 carne
1743 977 1943 1022 praesentiam
1956 993 1995 1015 ex
2019 993 2111 1016 carne

1212 1023 1330 1068 sanoqae
1342 1030 1475 1070 Virginis
1485 1050 1496 1066 ‚
1524 1026 1799 1061 &inhumanatum
1811 1030 2113 1074 eumpcrfhc‘ieprop·

1215 1085 1261 1109 ter
1283 1075 1411 1116 nostram
1427 1075 1576 1119 salutem.
1604 1078 1661 1111 Ad
1684 1090 1755 1122 quae
1782 1079 1961 1114 Dioscorus
1984 1081 2111 1116 exulta-

1217 1126 1285 1160 vit:
1312 1128 1509 1161 Admittimus
1530 1127 1608 1161 hanc
1630 1139 1729 1162 vocem
1742 1154 1749 1161 .
1777 1128 1822 1163 Et
1833 1130 1902 1172 ejus
1923 1130 2109 1176 Congerro-

1217 1187 1294 1210 nes:
1322 1181 1396 1210 Haec
1415 1177 1493 1219 fides
1516 1180 1670 1211 Panum.
1699 1179 1742 1213 Et
1768 1178 1892 1213 rursum
1915 1180 1970 1214 ille
1993 1193 2000 1213 :
2029 1184 2112 1225 ,Quo-

1217 1233 1299 1259 niam
1311 1228 1383 1259 dicit
1393 1227 1575 1271 Religiofitas
1589 1228 1689 1269 vestra
1702 1253 1712 1268 ,
1741 1229 1866 1264 HAEC
1889 1232 1913 1264 F
1916 1231 2021 1265 IDES
2034 1230 2111 1266 ΡΛ.-

1217 1277 1396 1318 TRUM,
1423 1280 1504 1321 ,ραι
1527 1278 1636 1320 fides?
1661 1281 1764 1322 ,Quam
1786 1286 1853 1321 quis
1873 1280 2006 1322 exposuit
2024 1284 2036 1315 ?
2063 1281 2110 1315 Et

1215 1327 1268 1361 isti
1283 1341 1295 1361 .·
1320 1327 1483 1367 Eutyches.
1515 1332 1604 1361 Nam
1626 1329 1772 1372 Eusibius
1792 1335 1900 1371 impius
1913 1331 1949 1370 est
1965 1355 1972 1362 .
2000 1332 2043 1365 Et
2064 1328 2107 1366 ad

1216 1376 1274 1411 has
1296 1376 1492 1421 Eutychetis
1506 1378 1753 1422 blasphemias,
1779 1380 1927 1422 Confiteor
1937 1392 1973 1413 ex
1991 1381 2110 1414 duabus

1218 1434 1336 1461 naturis
1351 1428 1441 1471 fuisse
1464 1431 1625 1462 Dominum
1646 1430 1774 1470 nostrum
1792 1440 1864 1464 ante
1873 1433 2108 1472 adunationem,

1213 1476 1276 1520 post
1288 1479 1500 1512 adunationem
1509 1482 1581 1513 vero
1593 1491 1687 1512 unam
1706 1490 1851 1514 naturam
1861 1481 1994 1523 confiteor
2014 1506 2027 1522 ,
2051 1482 2110 1516 ite-

1216 1527 1290 1561 rum
1302 1528 1485 1563 Dioscorus
1497 1543 1508 1562 .·
1536 1528 1742 1572 Consentimus
1755 1530 1804 1564 hic
1814 1532 1849 1565 o·
1860 1543 1912 1563 nos
1924 1543 2019 1564 omnes
2031 1557 2038 1564 .
2064 1531 2110 1565 Et

1215 1579 1431 1612 latrocinium
1448 1591 1455 1611 :
1484 1577 1691 1622 consentimus
1702 1605 1709 1612 .

1264 1627 1401 1662 Basilius
1428 1628 1613 1662 Isaurorum
1637 1630 1854 1673 Metropolita
1876 1641 2109 1665 contumacem

1219 1677 1423 1712 monachum
1436 1679 1645 1723 adgressusin
1668 1680 1776 1714 Sancti
1799 1681 1947 1715 Flaviani
1969 1681 2111 1724 Synodo

1220 1730 1324 1763 fuerat
1337 1727 1388 1763 his
1400 1729 1502 1764 verbis
1514 1755 1524 1770 ‚
1550 1732 1582 1763 51*
1592 1742 1650 1762 non
1670 1732 1748 1763 duas
1766 1741 1891 1764 naturas
1909 1730 1971 1772 post
1993 1732 2112 1766 aduna-

1213 1786 1324 1814 tionem
1345 1780 1464 1815 dixeris
1477 1804 1488 1820 ,
1513 1780 1703 1821 confusionem
1716 1783 1751 1815 ἐν
1760 1787 1998 1814 commixtionem
2006 1783 2086 1816 dicis
2100 1805 2111 1813 .

1217 1830 1320 1864 Erant
1347 1839 1442 1862 voces
1469 1830 1640 1873 insigniter
1665 1829 1875 1864 orthodoxae.
1908 1831 2031 1865 Verum
2053 1829 2111 1866 ille

1216 1879 1384 1914 latronum
1410 1878 1599 1923 Principem
1636 1890 1787 1914 metuens
1812 1883 1955 1915 cantavit
1986 1880 2113 1923 palino-

1220 1929 1330 1970 diam,
1357 1928 1537 1964 &Christo
1549 1929 1726 1970 Domino,
1752 1931 1786 1964 &
1807 1931 1924 1965 Sana-0
1946 1931 2109 1965 Flaviano

1217 1979 1457 2014 calumniosam
1470 2004 1481 2020 ,
1506 1981 1683 2014 mentitus:
1712 1985 1800 2013 Hanc
1811 1992 1910 2014 vocem
1924 2006 1934 2020 ,
1961 1993 2052 2023 quam
2063 1982 2110 2014 di-

1211 2038 1281 2063 cunt
1295 2041 1341 2063 me
1353 2029 1459 2073 dixiffe
1472 2053 1483 2070 ‚
1508 2041 1558 2074 ego
1569 2042 1626 2063 non
1649 2031 1717 2063 dixi
1729 2030 1777 2063 bis
1791 2031 1892 2063 ‘verbis
1904 2055 1914 2069 ,
1941 2041 2034 2072 neque
2053 2029 2110 2074 scio

1211 2078 1266 2121 ista
1277 2091 1323 2113 me
1333 2080 1437 2122 dixiffe
1447 2104 1454 2110 .
1483 2083 1606 2113 Dicente
1615 2090 1713 2122 autem
1724 2080 1864 2116 monacho
1873 2106 1882 2121 ‚
1903 2080 1967 2114 EX
1981 2079 2110 2114 DUA-

1213 2129 1309 2164 BUS
1336 2129 1564 2165 NATURIS
1596 2130 1716 2165 DICO
1755 2130 2006 2167 DOMINUM
2047 2130 2112 2173 ΙΕ-

1212 2178 1322 2214 SUM
1349 2179 1642 2221 CHRISTUM,
1669 2180 1793 2216 POST
1820 2180 2110 2215 ADUNATlo-

1212 2229 1322 2263 NEM
1359 2228 1496 2265 VERO
1545 2229 1702 2267 UNAM
1740 2230 2004 2267 NATURAM
2027 2255 2038 2271 ,
2071 2231 2107 2265 ὁ*

1210 2291 1269 2313 non
1295 2280 1449 2320 addente,
1485 2279 1855 2322 INCARNATAM,
1875 2281 1937 2325 scm
1971 2280 2034 2313 baec
2058 2291 2107 2315 me

1210 2330 1342 2373 dixiffe:
1370 2332 1399 2362 51·
1422 2331 1557 2371 dixeris,
1596 2331 1660 2365 EX
1697 2331 1909 2366 DUABUS
1936 2330 2104 2365 NATU-

1212 2379 1284 2414 RlS
1295 2403 1306 2419 ,
1343 2378 1370 2412 P
1384 2380 1417 2413 O
1430 2380 1451 2414 S
1462 2380 1500 2413 T
1543 2380 1930 2415 ADUNATIONEM
1968 2380 2105 2414 VERO

1217 2428 1394 2471 UNAM,
1421 2431 1457 2464 Θ
1475 2431 1695 2463 nonaddideris
1709 2454 1720 2470 ,
1745 2430 2107 2471 INCARNATAM,

1205 2479 1362 2521 putaberis
1373 2478 1566 2521 confufionem
1577 2481 1675 2514 dicere
1694 2481 1729 2514 (θ’
1740 2486 1976 2514 commixtionem
1989 2492 1998 2521 ;
2016 2479 2045 2521 fi
2051 2491 2107 2514 au-

1210 2539 1270 2563 tem
1289 2529 1467 2569 addideris,
1506 2529 1851 2564 INCARNATAM
1874 2554 1884 2569 ,
1911 2531 2016 2563 eadem
2039 2540 2106 2564 cum

1211 2578 1353 2612 Patribus
1364 2578 1469 2620 nostris
1489 2581 1565 2613 dicis
1579 2593 1590 2613 .-
1615 2582 1700 2623 .Quia
1710 2580 1825 2622 manife
1848 2582 1864 2614 e
1879 2578 2042 2622 secundum
2053 2591 2107 2613 ex-

1205 2628 1373 2672 positionem
1385 2631 1514 2663 Patrum
1525 2631 1613 2662 aliud
1631 2632 1752 2673 quidem
1773 2631 1811 2670 est
1836 2634 1994 2663 Divinitas
2016 2632 2108 2671 ejus,

1210 2680 1339 2714 &aliud
1349 2690 1416 2713 caro
1425 2682 1509 2721 ejus.
1539 2681 1582 2713 Et
1595 2680 1744 2724 juvenali
1760 2680 2005 2722 Hierosolymae
2027 2679 2108 2724 Epi·

1210 2731 1309 2774 scopo
1330 2731 1486 2775 roganti,
1514 2735 1585 2763 Haec
1604 2742 1670 2775 ergo
1691 2742 1751 2764 vox
1773 2731 1947 2764 adulterata
1978 2730 2017 2771 est
2032 2754 2043 2770 ,
2069 2731 2108 2765 in

1212 2779 1388 2814 mendacio
1410 2781 1573 2824 perfistens
1597 2782 1756 2825 reposuit:
1784 2786 1857 2814 Non
1874 2779 1942 2824 sum
1975 2791 2108 2822 memor,

1211 2841 1304 2873 neque
1322 2828 1380 2873 scio
1400 2831 1520 2873 dixiffe.
1549 2831 1720 2866 Mendacii
1743 2834 1873 2866 causam
1895 2830 1999 2865 edixit
2021 2830 2108 2874 post-

1211 2880 1400 2914 modumad
1411 2879 1583 2923 Synodum
1613 2880 1938 2916 Chalcedonensem:
1967 2884 2109 2914 Recitata

1214 2930 1251 2972 est
1261 2942 1322 2964 vox
1335 2942 1402 2964 mea
1409 2930 1473 2973 post
1484 2937 1610 2973 impiam
1618 2932 1652 2964 6·
1669 2931 1847 2975 perversam
1859 2930 2031 2970 Eutycbetis
2053 2942 2107 2964 vo·

1210 2993 1271 3016 cem
1283 3005 1290 3012 .
1314 2985 1518 3024 Interrogatus
1529 2992 1659 3024 namque
1669 2981 1808 3021 Eutyches
1832 2985 1852 3015 ἆ
1873 2981 2104 3021 reverendzffimo

1213 3028 1353 3074 Eusebio,
1408 3031 1530 3065 DlCIS
1576 3031 1713 3067 DUAS
1757 3031 2004 3066 NATURAS
2049 3029 2104 3065 IN

1211 3081 1446 3123 CHRISTO‚
1474 3083 1556 3114 dixit
1579 3095 1591 3116 .-
1629 3085 1684 3115 Ex
1703 3082 1818 3117 duabus
1841 3084 1961 3124 quidem
1986 3085 2101 3113 naturis

1205 3129 1282 3175 scire
1293 3130 1444 3171 Christum
1454 3142 1524 3165 ante
1545 3133 1779 3173 adunationem,
1802 3133 1865 3175 post
1890 3133 2100 3166 adunationem

1211 3184 1281 3215 vero
1312 3193 1423 3214 unam.
1449 3185 1514 3224 Ego
1541 3184 1614 3216 vero
1634 3192 1726 3224 tunc,
1751 3181 1827 3224 ficut
1848 3193 1946 3221 nunc,
1980 3186 2103 3212 intuens

1212 3237 1416 3273 monimenta,
1442 3233 1611 3266 recordatus
1622 3230 1691 3275 sum
1704 3255 1714 3271 ‚
1739 3234 1773 3266 (5·
1798 3235 1864 3266 dixi
1873 3244 1890 3265 s
1911 3232 1943 3263 St
1965 3239 2021 3260 non
2037 3227 2102 3270 post

1211 3284 1421 3316 adunationem
1431 3281 1616 3326 inseparatus
1636 3281 1850 3326 &inconfusas
1873 3282 1951 3313 duas
1974 3287 2100 3312 naturas

1211 3334 1347 3373 dixeris,
1372 3332 1560 3374 confufio.=iem
1581 3335 1660 3366 dicis
1681 3335 1976 3367 &commta-tionem:
2008 3329 2100 3363 Lenia

1211 3383 1361 3417 autemad
1376 3383 1586 3418 latrocinium
1601 3382 1655 3416 bac
1667 3393 1754 3422 voce,
1781 3389 1887 3413 tantus
1908 3378 1947 3412 ab
1971 3379 2031 3411 illis
2049 3377 2104 3421 fa-

1212 3433 1324 3478 cqusvest
1331 3432 1459 3479 plausus
1472 3458 1484 3476 ,
1510 3442 1543 3467 ut
1564 3438 1693 3467 omnium
1708 3429 1866 3472 nostrorum
1885 3429 2109 3465 commoverem

2001 3489 2052 3514 tur
