2340 3736
72 1577 162 1620 Epist.
173 1590 231 1612 ιιι.

72 2953 184 2991 Cap-6.

649 164 736 208 AD
771 160 1059 208 SYNthJM
1094 161 1708 209 CHALCED‘ONeNSEM.'

247 249 437 286 ⁴Diaconos
455 246 658 293 degradante
669 271 681 288 ,
706 247 793 282 dicat
805 248 952 294 Vigilius
963 249 1138 285 Pontifex:

262 303 373 335 Beata
395 300 607 334 recordationis
620 299 720 337 cyrilli·
734 297 901 342 synodicam
923 301 969 334 ad
978 300 1143 345 Nestorium

258 361 328 385 eum
347 350 497 384 duodecim
518 350 672 391 Capitulis
693 349 783 397 beata
802 349 1042 392 Chalcedonenfis
1061 354 1142 392 syno-

252 401 322 438 edus
333 400 379 434 ad
396 401 617 434 convincendas
628 399 759 440 Nestorii
772 398 912 443 vesanias
931 406 966 435 in
977 400 1143 444 definitione

251 450 334 493 ,fidei
353 450 461 493 legitur
479 448 602 495 posuiffe
622 475 630 482 .
656 449 753 487 Fidei
772 449 925 486 definitio
944 450 1141 493 profitetura

259 501 294 534 se
304 499 463 536 custodiri
472 501 625 535 ordinem
645 501 808 536 &omnes
817 499 995 541 formulas,
1021 511 1092 543 quae
1101 501 1142 535 de

252 548 327 585 [fide
347 548 529 594 suntapud
541 549 708 595 Ephesum
728 549 913 585 constitutae
926 574 938 591 ,
962 562 1042 593 quas
1060 552 1142 585 inter

257 599 404 635 omnino
438 600 486 635 est
512 600 662 644 Epistola
686 599 865 636 duodecim
891 601 1140 645 Capitulorum.

259 650 373 697 Qam
384 650 614 695 profeffionem
624 648 715 692 supra
726 649 826 685 etiam
839 649 988 690 laudavit
998 676 1008 692 ‚
1035 653 1069 689 δε
1082 664 1142 687 no-

258 700 357 735 stram
379 711 424 735 ex
450 701 519 745 ipsa
553 697 769 734 adsertionem
795 700 938 735 firmavit
972 702 1142 747 Hypatius

257 748 443 794 Ephefinus
461 774 470 783 .
495 749 622 786 Eadem
644 747 722 784 fidei
741 749 892 788 definitio
912 752 999 787 infra
1019 754 1142 798 expres·

257 799 507 848 (improfitetur
525 800 559 833 δε
580 799 755 834 canonizat
775 801 825 835 uti
845 812 1064 846 congruenter
1084 802 1136 839 ha·

258 849 372 884 bentes
396 873 409 890 ,
441 859 513 884 non
539 849 622 884 solas
647 849 788 896 ejusdem
814 853 923 886 Sancti
948 852 1070 895 Cyrilli
1095 853 1137 888 ad

256 899 442 934 Orientales
466 922 477 940 ‚
503 900 665 947 Joannem
691 900 842 938 videlicet
866 901 1060 941 Antiochiae
1078 902 1138 937 Pa-

255 947 433 984 triarcham
453 949 488 984 &
501 950 569 994 ejus
590 950 786 995 Synodum,
815 952 939 987 litteras
950 953 1137 999 pacificato-

252 998 319 1032 rias
329 1023 341 1041 ‚
353 1035 355 1039 ,
366 999 423 1034 sed
443 1000 478 1036 ὅ(
498 1000 674 1044 synodicas
692 1001 733 1035 ad
746 1001 941 1040 Nestorium
955 1003 1118 1047 Epistolas
1130 1029 1140 1046 ,

253 1049 370 1092 utique
390 1059 442 1086 eas
453 1051 559 1094 ipsas,
587 1062 667 1094 quas
688 1052 898 1090 canonizavit
920 1054 1023 1097 prima
1034 1055 1139 1097 syno-

251 1098 316 1134 dus
329 1098 491 1144 Ephefina
506 1126 514 1137 .
542 1100 708 1139 Adfirmat
731 1103 793 1137 effe
815 1102 939 1141 validas
959 1104 1001 1139 ad
1024 1104 1141 1139 Nesto—

253 1149 294 1183 rii
317 1151 483 1186 vesaniam
504 1150 768 1187 convincendam
789 1166 797 1186 ι
825 1153 870 1188 Et
894 1152 974 1188 hinc
996 1154 1138 1199 Hypatii

254 1197 412 1242 Ephefini
435 1201 574 1237 addusta
595 1203 680 1237 ratio
706 1202 834 1241 videtur
857 1205 1045 1247 praesentem
1055 1215 1140 1248 quae-

252 1248 396 1284 stionem
418 1262 488 1284 non
510 1252 643 1294 penitus
653 1251 815 1289 enodare.
843 1253 1029 1303 Qornodo
1049 1254 1139 1288 enim

251 1297 295 1332 ad
307 1298 454 1333 Nestorii
476 1299 692 1344 blasphemias
713 1302 958 1339 convincendas
979 1303 1085 1338 valida
1104 1305 1139 1338 ἀ

251 1349 371 1384 efficax
393 1349 542 1393 Epistola
561 1350 659 1395 poffit
682 1350 805 1387 eisdem
829 1351 1040 1396 blasphemiis
1065 1365 1139 1398 prae-

252 1397 328 1434 bere
346 1401 515 1443 fomenta,
539 1399 773 1439 &earumdem
796 1405 860 1440 n‘os
877 1401 1011 1440 reddere
1035 1404 1138 1450 suspe-

251 1450 343 1485 ctos?

302 1500 415 1546 Quare
424 1500 531 1546 magis
551 1501 658 1545 placet
677 1501 763 1537 ratio
778 1501 939 1540 infinuata
960 1515 1016 1548 per
1025 1502 1141 1539 Theo-

249 1549 403 1587 doretum
425 1552 459 1588 in
472 1552 591 1587 litteris
613 1552 654 1586 ad
667 1553 843 1589 Domnum
864 1553 1054 1591 Antiochia
1075 1555 1137 1588 Pa-

250 1599 448 1642 triarcham,
475 1603 696 1644 profecturum
719 1602 761 1640 ad
781 1603 985 1648 Ephefinum
1011 1604 1141 1640 latroci-

251 1651 371 1685 nium:
397 1651 492 1686 Nihil
499 1651 568 1685 boni
589 1652 757 1693 exjat‘lata
779 1655 955 1689 seu-futura
977 1652 1139 1698 Ephefina.

250 1702 360 1739 synodo
371 1700 544 1745 exspeHare
567 1703 637 1736 licet
650 1725 657 1734 .
685 1707 793 1745 Neque
803 1710 884 1739 enim
896 1704 1013 1749 instrum
1024 1707 1056 1737 in
1068 1707 1138 1741 duo·

252 1752 347 1784 decim
363 1750 484 1795 Cyrilli
506 1751 667 1793 Capitibus
678 1758 766 1788 virus
792 1762 899 1787 norunt
913 1779 924 1795 ,
951 1761 1002 1797 qui
1011 1754 1138 1790 aliarum

245 1798 322 1843 fient
340 1800 517 1844 dioecefiron,
540 1799 695 1844 sedejus,
716 1806 768 1844 qui
780 1804 835 1836 illa
849 1801 988 1846 firipfit,
1013 1805 1139 1838 clarita-

249 1852 528 1890 temattendentes,
555 1849 781 1892 nibtlssnistrum
790 1850 998 1896 suspicantur.
1025 1858 1071 1890 Et
1085 1860 1137 1897 qui
1157 1859 1163 1862 ”

242 1903 316 1944 ejus
324 1899 391 1944 sedi
398 1899 521 1944 fiaecceffit
532 1925 543 1941 ‚
568 1907 668 1935 omnia
680 1925 691 1941 ,
718 1906 819 1943 opinor
831 1927 842 1942 ,
865 1912 965 1938 movet
980 1927 991 1944 ‚
1018 1911 1054 1939 ut
1064 1907 1138 1939 alte.-

249 1965 287 1986 ra
307 1953 414 1991 synodo
424 1953 478 1986 illa
497 1949 645 1994 confirmet
660 1976 666 1983 .
693 1954 761 1995 ,Qui
782 1958 861 1986 enim
871 1962 927 1995 pro
946 1960 1070 1996 imperio
1084 1966 1136 1989 nu-

245 2011 303 2044 per
325 2002 379 2035 illa
384 1999 499 2045 scripfit
511 2024 522 2040 ,
547 2002 582 2034 (ν
592 2006 632 2034 iis
645 2024 656 2040 ‚
685 2006 737 2044 qui
746 2002 923 2047 acquiescere
944 2004 991 2037 bis
1002 2005 1112 2039 nollent
1125 2029 1135 2045 ‚

249 2049 414 2084 anathema
434 2052 516 2083 dixit
527 2074 538 2090 ‚
562 2051 638 2095 quid
648 2050 813 2093 praefidem
825 2055 952 2087 Concilio
975 2065 1034 2088 non
1046 2055 1135 2099 aget?

251 2098 371 2143 Atscito
382 2124 393 2140 ‚
421 2103 547 2134 Domine
557 2124 568 2140 ,
595 2106 743 2134 neminem
756 2112 854 2136 eorum
865 2126 876 2142 ,
900 2109 952 2146 qui
962 2104 1082 2146 insitam
1104 2111 1135 2139 in

247 2150 297 2184 his
317 2149 439 2193 baerefin
462 2154 572 2184 norunt
594 2175 605 2191 ‚
632 2150 796 2185 adduam
817 2158 857 2186 iri
875 2162 910 2186 ut
935 2165 970 2190 ea
986 2159 1112 2196 recipiat
1124 2179 1135 2195 ,

248 2206 389 2243 quamvis
412 2201 501 2243 duplo
522 2200 626 2242 plures
654 2202 817 2235 decernant
839 2228 847 2236 .
868 2204 950 2247 Jam
964 2203 1132 2248 siquidem,

249 2249 471 2294 etiamfiplures
484 2251 591 2284 temere
601 2249 654 2289 ista
661 2249 826 2295 sanxissent
840 2277 850 2294 ,
875 2253 1036 2294 restitimus
1048 2256 1136 2297 apud

248 2299 426 2343 Ephesum,
454 2311 505 2334 nec
513 2301 684 2343 plunimi,
710 2302 835 2344 quihaec
852 2301 1036 2347 scripserat,
1061 2316 1134 2338 com-

247 2356 487 2391 manicavimus,
513 2362 604 2393 quam
624 2355 664 2384 iis
676 2376 686 2391 ,
713 2363 782 2395 quae
799 2352 1027 2396 exposueramus
1041 2379 1051 2396 ,
1077 2356 1133 2388 ad-

245 2400 381 2445 sentiens
389 2398 541 2445 consonam
550 2400 599 2434 his
609 2401 776 2435 doc‘lrinam
787 2405 1024 2438 accommodavit
1033 2430 1044 2445 ,
1071 2407 1134 2438 nul-

247 2452 309 2485 lam
320 2456 464 2492 Cupitum
476 2453 593 2484 illorum
599 2449 719 2492 faciens
741 2459 918 2487 mentionem
930 2479 937 2487 .
965 2453 1132 2489 Adfirmat

249 2500 406 2544 Capitula
423 2499 480 2534 illa
490 2500 508 2533 a
528 2500 729 2536 sanstiffimis
750 2504 784 2537 δε
796 2503 985 2539 dostiffimis
999 2505 1134 2548 Episto-

249 2551 300 2595 pis
309 2551 403 2585 fuiffe
425 2550 601 2590 damnata,
629 2550 728 2586 exeis
749 2562 860 2587 natam
877 2565 1013 2589 ornnem
1028 2554 1133 2598 Ephe-

248 2601 326 2634 finae
337 2599 668 2641 Synodidiscordiam
686 2624 697 2641 ‚
725 2602 760 2636 ὅ(
774 2604 899 2647 pergit:
927 2603 1132 2646 Mifiillorum,

249 2661 317 2693 quae
335 2649 551 2692 pacificationis
571 2659 698 2693 tempore
711 2652 729 2685 a
741 2654 859 2687 Sancto
871 2652 1003 2696 Cyrillo
1018 2653 1133 2697 scripta

245 2699 322 2744 sunt
332 2725 343 2741 ,
369 2700 535 2742 exemplum
548 2725 559 2741 ,
584 2709 619 2735 ut
631 2701 781 2746 cognoscas
801 2704 913 2736 nullam
925 2707 1132 2750 capitulorum

250 2756 426 2784 mentionem
439 2750 555 2794 fecisse.
582 2754 628 2785 Et
647 2754 728 2794 quod
748 2761 880 2795 oporteat
902 2755 966 2787 illos
982 2778 992 2794 ,
1018 2760 1072 2798 qui
1090 2757 1135 2789 ad

249 2799 424 2849 secun-dam
449 2800 644 2844 Ephefinam
663 2804 807 2842 synodum
821 2802 1039 2846 proficiscuntur
1057 2827 1069 2845 ,
1095 2817 1132 2841 ea

249 2862 318 2894 quae
326 2850 541 2893 pacificationis
559 2860 688 2894 tempore
700 2851 816 2896 scripta
832 2852 858 2898 s
854 2864 906 2887 unt
912 2854 1072 2898 proferre,
1097 2857 1133 2891 (θ’

247 2904 352 2943 aperte
362 2903 455 2934 dicere
466 2907 605 2943 quaenam
625 2901 781 2946 dissidium
786 2904 916 2946 fecerint
926 2929 936 2945 ‚
964 2906 998 2939 Θ
1008 2916 1064 2948 quo
1076 2914 1132 2948 pa-

246 2951 294 2984 <¹7⁶
305 2948 427 2994 divulsa
446 2953 607 2986 coaluerint
618 2978 625 2984 .
653 2954 698 2987 Et
709 2954 745 2988 in
760 2954 843 2989 libro
865 2955 906 2988 de
916 2955 1015 2989 Sectis
1025 2956 1133 2990 Leon·

217 3002 222 3007 ’
248 3002 314 3035 tius
336 3001 540 3043 Byzantinus
559 3015 570 3036 .·
610 3003 762 3044 objiciunt
783 3005 935 3039 adversus
960 3006 1132 3048 Synodum

248 3051 555 3085 Chalcedon-ensem
575 3051 739 3096 Acephali
751 3078 762 3094 ,
788 3057 869 3089 cura
881 3054 1056 3089 Theodoreto
1074 3067 1132 3090 non

244 3101 400 3144 postularit
413 3125 423 3141 ,
449 3110 483 3134 ut
495 3103 613 3143 Scripta
629 3101 686 3146 sua
698 3127 709 3143 ,
733 3116 799 3147 quae
809 3107 961 3140 adversas
985 3106 1066 3139 beati
1079 3110 1130 3146 cy-

248 3153 312 3185 rilli
338 3152 489 3185 duodecim
511 3153 657 3194 capitula
675 3153 872 3198 composuerat
894 3180 905 3196 ,
931 3155 1133 3190 anathemati-

249 3209 353 3235 zaret.
380 3200 601 3244 Respondemus
619 3203 654 3236 ob
677 3205 776 3237 idnon
796 3214 861 3239 tam
872 3205 1069 3249 accusandam
1089 3209 1122 3246 5!

250 3253 382 3293 nodum,
408 3263 497 3294 quam
520 3251 616 3296 ipsum
631 3254 790 3294 cyrillum,
813 3255 959 3290 bominem
975 3254 1130 3298 fitne‘lum.

251 3305 339 3334 Nam
359 3307 394 3336 in
403 3308 601 3336 communione
620 3314 686 3336 cum
699 3306 902 3338 Orientalibus
927 3304 1035 3348 &ipso
1045 3305 1133 3339 Theo-

249 3352 349 3385 doreto
368 3352 524 3392 constituta
536 3377 546 3393 ,
572 3365 629 3386 non
645 3353 808 3396 postulavit
825 3355 864 3387 ab
886 3366 916 3388 eo
928 3379 938 3395 ‚
964 3365 999 3388 ut
1009 3355 1133 3389 anathe-

251 3410 331 3436 mate
353 3404 472 3444 scripta
488 3402 547 3447 sua
568 3427 578 3443 ‚
606 3415 674 3447 quae
694 3413 796 3437 contra
818 3405 967 3438 duodecim
987 3406 1132 3447 Capitula

244 3449 334 3492 fac‘la
349 3451 496 3494 fuerant,
522 3453 736 3498 exsecraretur.
763 3456 858 3498 Quod
865 3459 955 3499 igitur
973 3452 1033 3497 ipse
1045 3457 1134 3494 cyril·

1920 177 2015 224 255

1212 256 1253 282 an
1280 247 1408 288 synodus
1428 246 1543 290 culpari
1563 249 1721 283 meretur?
1747 248 1834 296 Qae
1857 247 1974 284 omnia
1993 250 2088 286 latius

1211 308 1320 335 narrat
1343 294 1491 343 vigilius
1510 295 1669 331 Pontifex
1680 299 1715 332 in
1737 298 1796 334 suo
1812 297 1856 334 de
1877 297 1981 335 tribus
1991 299 2089 344 Capi-

1210 347 1288 384 tulis
1308 346 1521 385 Constituto·
1546 345 1673 384 Revera
1692 359 1792 384 omne
1830 346 2089 392 EphesmiCon-

1210 398 1280 434 cilii
1301 397 1472 435 dissidium
1492 394 1578 434 haefit
1599 396 1635 431 in
1655 396 1831 437 duodecim
1851 399 1957 435 Sancti
1969 398 2091 443 Cyrilli

1209 448 1390 494 Capitulis.
1417 449 1460 483 Et
1471 446 1630 492 quoniam
1649 447 1834 484 orientales
1846 449 2027 495 Episcopos
2049 448 2091 485 ab

1209 499 1304 545 ipfis,
1327 499 1612 534 utiEunomiihac
1626 494 1830 542 Apollinaris
1839 498 1962 543 lepram
1983 499 2093 534 conti-

1207 549 1361 587 nentibus
1383 572 1395 590 ,
1421 548 1505 584 vidit
1528 548 1587 583 ille
1609 547 1816 592 pertinaciter
1842 552 1970 585 aversos
1993 573 2005 592 ‚
2030 550 2091 584 suas

1205 600 1300 633 famae
1318 601 1351 637 ὅ(
1360 598 1478 647 gloriar
1496 609 1710 635 communem
1728 596 1874 633 Ecclefiae
1896 610 2007 643 pacem
2017 611 2091 643 prae-

1205 649 1282 684 tulit
1292 672 1304 690 ,
1328 650 1459 685 &inita
1471 660 1552 695 pace
1567 648 1610 685 de
1624 647 1687 684 fide
1697 645 1886 685 orthodoxa
1910 659 1947 682 ac
1959 648 2092 692 Ephesi-

1203 701 1239 733 ni
1252 699 1401 734 Concilii
1413 699 1504 738 Actis
1514 711 1590 734 curn
1601 699 1729 748 Joanne
1748 695 1941 736 Antiochiae
1953 698 2092 734 Patriar-

1203 748 1266 787 cha
1286 750 1320 787 &
1342 749 1412 794 ejus
1433 748 1592 793 synodo,
1618 748 1773 793 capitula
1785 746 1915 792 probari
1941 758 2009 781 non
2020 760 2091 782 exe-

1203 799 1254 845 git
1274 824 1286 841 ,
1312 811 1375 836 nec
1397 796 1608 836 Theodoreti
1640 800 1675 836 &
1694 798 1837 835 aliorum
1861 797 2091 834 Orientalium.

1209 850 1450 895 Episcopomm
1468 849 1506 883 in
1527 848 1585 884 illa
1606 848 1789 884 calumnias
1813 849 1971 884 recautari
1990 873 1997 880 .
2024 848 2093 882 Eos

1204 900 1246 935 de
1257 899 1445 939 Christiana
1467 898 1533 937 fide
1543 900 1664 938 restam
1679 923 1690 940 ,
1715 897 1757 936 de
1779 900 1814 934 se
1826 910 1865 937 ac
1886 898 1951 934 suis
1962 897 2094 942 Capitu-

1205 951 1245 985 lis
1255 951 1427 989 dumtaxat
1445 961 1579 996 pravum
1602 950 1724 986 sentire
1734 948 1842 990 vidit,
1867 956 1965 994 atque
1987 949 2034 982 ita
2057 949 2093 983 &

1204 999 1272 1035 haec
1293 1001 1543 1046 &semetipsum
1566 1000 1739 1038 communi
1752 997 1949 1039 Christiauae
1973 998 2095 1042 quietis

1206 1050 1298 1086 bono
1317 1049 1549 1096 dispensatorie
1570 1050 1778 1086 immolavit.
1807 1050 1892 1097 Qae
1916 1050 2031 1084 omnia
2043 1060 2096 1092 pa-

1204 1101 1400 1139 cificationis
1413 1101 1496 1138 Atta
1517 1102 1552 1136 ὅ(
1563 1100 1776 1139 Theodosius
1786 1098 1954 1149 Augustus
1966 1100 1999 1133 δε
2015 1098 2097 1134 Xix-

1204 1161 1257 1185 tus
1274 1151 1388 1189 tertius
1410 1150 1569 1190 Pontifex
1593 1152 1832 1186 confirmarunt
1861 1174 1872 1190 ‚
1924 1150 1960 1185 ὅ(
1985 1149 2096 1191 cunffi

1204 1201 1438 1238 Orientalesin
1460 1201 1525 1238 suis
1536 1199 1674 1237 archivis
1693 1199 1918 1235 studiofiffime
1931 1198 2096 1236 custodie-

1204 1262 1280 1285 runt
1292 1277 1300 1284 .
1327 1251 1455 1289 Verum
1467 1251 1576 1290 Sancti
1587 1251 1710 1294 cyrilli
1721 1250 1880 1289 succeffor
1891 1251 2073 1286 Dioscorus
2083 1274 2096 1290 ,

1205 1299 1329 1337 habens
1350 1301 1477 1346 digitos
1486 1302 1646 1346 patrissui
1657 1301 1754 1336 dorso
1774 1301 1968 1346 groffiores,
1996 1300 2096 1336 trans-

1204 1352 1278 1386 astae
1303 1352 1378 1396 paci
1390 1350 1469 1386 addi
1481 1351 1587 1388 voluit
1608 1351 1786 1395 expressam
1797 1350 2031 1397 Capitulorum
2041 1360 2096 1393 ap-

1206 1401 1437 1445 probationem
1457 1426 1469 1443 ,
1494 1401 1621 1439 cunctis
1639 1411 1715 1437 eam
1736 1399 1955 1438 refutantibus
1978 1400 2095 1434 dicens

1205 1450 1379 1490 anathema
1392 1475 1405 1485 ι
1429 1452 1474 1486 Et
1498 1451 1653 1496 palmaris
1675 1450 1742 1494 ejus
1762 1451 1797 1484 in
1811 1448 1976 1494 Ephefino
1998 1449 2097 1484 latro-

1204 1502 1296 1536 cinio
1323 1503 1441 1546 scopus
1464 1502 1529 1536 fuit
1550 1501 1706 1545 Capitula
1729 1501 1789 1537 ista
1809 1526 1820 1541 ²
1846 1501 1880 1534 δε
1901 1499 1959 1534 sub
1979 1510 2096 1534 eorum

1206 1553 1284 1586 fuco
1298 1550 1548 1598 Eutychianam
1572 1549 1705 1589 haerefin
1714 1550 1879 1590 stabilire,
1906 1550 2018 1584 &tam
2038 1547 2098 1584 hu-

1204 1600 1253 1644 jus
1278 1613 1376 1645 quam
1402 1601 1536 1638 illorum
1570 1603 1764 1639 refutatores
1791 1600 2004 1645 perstringere
2029 1601 2099 1643 pari

1204 1650 1427 1690 damnationis
1451 1652 1633 1687 sententia:
1661 1649 1765 1697 Quod
1789 1649 1976 1685 &omnino
1995 1649 2095 1685 fecit.

1205 1701 1295 1737 Nam
1308 1702 1484 1739 Domuum
1501 1699 1693 1736 Antiochiae
1715 1699 1937 1738 Patriarcham
1952 1724 1963 1740 ‚
1989 1700 2097 1734 omni·

1205 1751 1265 1786 bus
1284 1752 1351 1795 ejus
1361 1751 1567 1787 facinoribus
1578 1763 1619 1786 ex
1633 1759 1722 1786 'metu
1745 1760 1959 1794 cooperatum
1975 1774 1985 1791 ‚
2014 1750 2099 1794 post-

1204 1802 1344 1838 modum
1365 1802 1556 1848 degradavit
1566 1814 1604 1836 ea
1625 1802 1722 1839 unica
1733 1802 1775 1836 de
1787 1802 1880 1835 causa
1893 1826 1903 1841 ,
1930 1801 2021 1845 quod
2033 1801 2099 1835 Ca-

1204 1853 1332 1897 pitula,
1358 1853 1471 1897 urique
1495 1864 1537 1887 ex
1547 1850 1758 1890 Theodoreti
1783 1851 1817 1885 δε
1842 1851 1944 1885 totius
1966 1852 2026 1884 suae
2037 1851 2099 1894 Sy-

1204 1902 1286 1936 nodi
1307 1905 1401 1938 suasu
1420 1927 1431 1944 ‚
1456 1902 1556 1937 etiam
1580 1901 1698 1946 Ephesi
1721 1901 1957 1945 impugnasset.
1990 1900 2097 1935 Porro

1202 1952 1425 1987 Orientalium
1460 1952 1701 1996 Episcoporum
1726 1952 1762 1985 in
1795 1950 1951 1994 Capitula
1977 1949 2099 1986 odium

1202 2003 1303 2036 etiarn
1317 2003 1431 2037 nostrae
1440 2000 1569 2045 Synodi
1582 2011 1728 2045 tempore
1739 1999 1980 2045 perseverabat:
2001 2002 2098 2034 Hinc

1204 2052 1259 2086 illa
1273 2052 1544 2099 dispensatoriam
1554 2053 1661 2087 Sancti
1674 2052 1796 2094 Cyrilli
1810 2052 1950 2095 gratiam
1962 2051 1997 2084 in
2011 2051 2101 2094 ipsos

1203 2102 1420 2137 exercendam
1441 2102 1560 2142 duxit,
1586 2102 1620 2138 ὅ(
1635 2101 1677 2136 ab
1698 2101 1843 2146 expressa
1855 2100 2093 2144 Capitulorum

1202 2153 1459 2187 confirmatione
1479 2151 1732 2186 abstinendum.
1759 2151 1804 2185 Et
1815 2149 1883 2185 haec
1903 2151 1948 2184 est
1975 2152 2070 2185 causa
2085 2174 2098 2190 ,

1201 2213 1258 2236 cur
1279 2204 1411 2238 San-stus
1445 2201 1639 2236 Gennadius
1672 2200 2093 2244 Gonstantinopolitanus‚

1201 2252 1322 2296 aliique
1333 2251 1505 2287 doetiffimi
1527 2251 1756 2287 &sanctissimi
1780 2250 1935 2295 Episcopi
1960 2250 2096 2295 Capitu-

1202 2301 1232 2336 la
1242 2303 1343 2337 etiam
1369 2302 1440 2346 post
1452 2302 1626 2345 Synodum
1638 2302 1783 2336 nostram
1793 2301 2022 2345 perseverarint
2036 2301 2098 2335 cri·
2149 2324 2151 2326 -

1201 2353 1343 2389 minari:
1369 2350 1570 2393 Criminari,
1599 2363 1667 2386 non
1682 2351 1947 2395 SanctiCyrilli‚
1973 2350 2097 2394 dequo

1200 2403 1376 2439 censebant
1401 2403 1550 2447 optime,
1574 2402 1628 2439 sed
1651 2401 1853 2445 Apollinarii
1873 2403 1907 2435 ἀ
1928 2401 2095 2445 Eutyche-

1201 2453 1245 2487 tis
1266 2454 1395 2488 sensum
1413 2477 1425 2495 ²
1452 2453 1471 2487 a
1493 2463 1561 2497 quo
1586 2451 1818 2488 existimabant
1840 2451 1915 2486 istas
1938 2449 2096 2494 loquendi

1200 2503 1358 2540 formulas
1371 2514 1439 2537 non
1466 2503 1554 2546 posse
1566 2503 1694 2547 purgari
1710 2528 1718 2535 .

1250 2553 1329 2588 Post
1352 2551 1421 2587 haec
1442 2552 1679 2596 Beronicianus
1691 2552 1769 2586 sacri
1784 2551 1975 2586 Confistorii
1989 2553 2097 2586 Secre-

1201 2604 1301 2639 tarius
1311 2615 1352 2638 ex
1363 2603 1481 2638 codice
1491 2602 1547 2636 fibi
1561 2613 1615 2645 per
1627 2601 1764 2638 AEtium
1777 2601 2092 2639 Archi-Diaconum

1200 2656 1346 2698 porrecto
1367 2653 1517 2688 recitavit
1536 2651 1759 2697 dogmaticam
1773 2652 1879 2687 Sansti
1892 2652 2017 2686 Leonis
2032 2651 2095 2691 Pa-

1198 2715 1245 2748 pae
1263 2703 1305 2737 ad
1329 2704 1485 2737 Sanctum
1495 2702 1692 2739 Flavianum
1705 2703 1739 2737 ὅ(
1753 2701 1953 2747 Ephesinum
1965 2700 2095 2736 latroci-

1200 2754 1293 2787 nium
1314 2753 1498 2797 Epistolam
1523 2776 1534 2794 ,
1561 2764 1660 2797 quarn
1681 2752 1888 2789 recitandam
1911 2752 2094 2787 Dioscorus

1200 2804 1317 2848 septies
1338 2803 1516 2848 pejerarat.
1543 2803 1698 2847 Epistolae
1710 2801 1822 2838 laudes
1835 2803 1894 2838 suo
1906 2802 1983 2838 loco
1993 2800 2097 2837 addu-

1194 2854 1257 2895 xi,
1282 2854 1316 2888 dc
1337 2854 1424 2890 addo
1445 2864 1486 2888 ex
1510 2852 1611 2888 Prato
1623 2853 1779 2900 spirituali
1795 2851 2094 2897 SanstiSophronii

1198 2902 1392 2939 Patriarchae
1403 2903 1722 2944 Hierosolymitani:
1751 2903 1886 2939 Habetur
1905 2901 2050 2946 scriptum
2060 2909 2093 2936 in
2108 2896 2181 2935 011)-
2200 2904 2266 2933 ¹47³

1199 2953 1325 2996 Ecclesia
1336 2958 1475 2988 Romana
1485 2956 1522 2987 de
1530 2952 1704 2997 sanc‘liffimo
1720 2957 1816 2989 Leone
1828 2953 1969 2996 Pontifice
1982 2977 1992 2995 ,
2014 2954 2094 3000 quod

1200 3006 1264 3038 cum
1269 3003 1421 3048 scripfiffet
1431 3004 1597 3049 Epistolam
1607 3005 1650 3037 ad
1660 3003 1800 3039 5anb7um
1816 3006 2004 3038 Flavianum
2016 3008 2091 3037 Con·

1192 3055 1492 3096 stantinopolitanum
1512 3052 1691 3096 Episcopum
1700 3063 1801 3088 contra
1811 3059 1916 3096 impios
1938 3053 2091 3093 Eutychen

1197 3106 1230 3138 (Ὗ
1247 3103 1411 3145 Nestorium
1421 3126 1432 3142 ‚
1452 3102 1585 3146 posuerit
1592 3115 1658 3137 eam
1664 3103 1762 3148 supra
1774 3106 1920 3141 tumulum
1935 3108 2087 3145 Principis

1199 3153 1389 3197 Apostolorum
1403 3156 1506 3193 Petri,
1533 3154 1568 3188 Cu·
1577 3155 1756 3191 orationibus
1768 3178 1778 3194 ‚
1791 3166 1826 3188 ac
1838 3155 1952 3199 vigiliis
1964 3178 1974 3193 ‚
2001 3154 2035 3190 ἐν
2037 3155 2057 3195 j
2061 3165 2089 3187 e-

1190 3207 1293 3245 J‘uniis
1314 3215 1431 3237 vacans
1453 3210 1587 3238 oraverit
1608 3203 1702 3248 ipfitm
1723 3204 1873 3251 summum
1906 3203 2089 3251 Apostolum,

1199 3256 1319 3288 dicens:
1345 3256 1378 3287 si
1402 3256 1479 3297 quid
1496 3262 1530 3287 ut
1551 3253 1634 3300 bomo
1646 3254 1803 3290 velminus
1816 3256 1899 3289 caute
1903 3251 1988 3299 posui
1999 3279 2010 3295 ,
2037 3255 2092 3287 vel

1197 3310 1287 3338 etiam
1309 3301 1406 3347 omifi,
1430 3306 1474 3337 Tu
1495 3310 1541 3339 cui
1564 3306 1585 3338 ἃ
1606 3309 1730 3339 Domino
1755 3309 1817 3338 Deo
1827 3306 1985 3340 salvatore
1996 3303 2088 3345 nostro

1191 3353 1274 3400 Jesu
1301 3353 1415 3394 Christo
1440 3356 1475 3390 6·
1494 3355 1574 3399 fides
1597 3354 1660 3389 baec
1681 3357 1716 3389 (35
1736 3352 1861 3397 Ecclefia
1872 3354 2014 3397 commissa
2026 3353 2087 3395 est,

1198 3405 1322 3438 emenda
1330 3429 1337 3436 .
1365 3404 1430 3444 Post
1442 3406 1644 3448 quadraginta
1654 3407 1726 3439 verb
1741 3406 1806 3438 dies
1816 3411 1960 3448 apparuit
1970 3410 1999 3438 ei
2012 3408 2089 3446 Apo-

1192 3454 1280 3494 stolus
1301 3461 1420 3495 oranti,
1448 3458 1482 3489 (5
1504 3456 1586 3488 dixit
1607 3456 1658 3490 ei?
1686 3458 1759 3499 Legi
1772 3456 1806 3490 ὁ·
1826 3456 2006 3491 emendavi.
2032 3456 2087 3488 Su-

237 3501 319 3541 ius,
344 3506 396 3535 vir
400 3500 525 3545 sandius
538 3528 549 3544 ‚
575 3515 632 3538 non
642 3504 738 3547 fecit,
764 3505 877 3547 obejus
902 3506 1134 3546 intermtffionem
1199 3502 1336 3548 mensque
1358 3504 1523 3548 Epistolam
1535 3506 1571 3539 de
1577 3502 1725 3548 sepulchro
1737 3504 1818 3540 beati
1831 3508 1917 3541 Petri
1929 3529 1940 3546 ‚
1966 3509 2080 3545 aperuit

1949 3565 2014 3588 eam
2026 3576 2038 3595 ‚
