2340 3736
73 509 96 539 L
116 518 158 539 zo.

66 1978 150 2017 Epist.
173 1988 218 2015 95.

66 2023 142 2052 016.

489 164 594 206 DE

244 245 367 278 dii-effus
392 245 412 276 ἂ
429 243 548 284 piiffimo
580 243 615 276 (vt
640 249 761 274 amante
785 239 932 281 christum
956 244 1130 283 Imperatore

243 294 330 334 nostro
353 318 360 325 .
399 289 563 335 Ejusmodi
599 291 740 335 Regiam
774 291 1008 334 protectionem
1045 288 1128 333 quafi

242 342 389 377 adversus
412 342 612 376 Nestorianae
630 340 753 384 Synodi
767 340 941 374 violentias
966 337 1128 382 Eutyche-

240 394 267 426 ti
292 402 473 436 procurarat
495 389 715 435 Chrysaphius
739 387 914 427 Eunuchus
927 414 934 422 .
959 387 1062 422 Porro
1082 387 1122 424 de

240 442 432 477 Silentiariis
462 440 569 476 scribit
598 441 775 484 Procopius
795 441 829 473 in
855 438 944 473 libris
965 437 1005 472 de
1031 437 1124 471 Bello

241 491 386 526 Persico.
414 496 539 527 Romani
562 493 606 527 ad
624 503 659 524 ea
678 514 689 530 ,
712 501 776 532 quae
799 493 903 530 quietis
924 486 996 530 sunt
1020 493 1051 519 in
1075 496 1129 529 pa-

240 542 310 574 latio
329 565 341 581 ‚
378 541 539 582 ministrum
557 542 753 574 silentiarium
772 545 878 573 vocant
899 551 909 569 .·
937 537 968 570 A
1000 537 1128 570 silentio

240 591 383 630 curando
407 617 412 622 .
454 592 576 625 Eorum
603 590 756 630 Princeps
777 598 842 622 erat
863 597 999 630 magnus
1027 585 1127 624 Silen-

239 643 369 679 tiatius‚
395 642 481 684 prius
505 640 656 678 Clarifflmi
678 662 688 677 ‚
714 635 831 671 deinde
853 636 1022 678 spectabilis
1050 637 1127 672 titu-

240 691 272 726 lo
294 689 492 725 honoratus.
519 689 652 727 Dictus,
680 688 834 730 inquam,
858 697 995 731 magnus
1023 686 1126 721 Silen-

237 742 350 775 tiarius
372 738 520 775 admissus
551 738 585 771 in
616 735 787 779 Synodum
806 734 954 770 exhibuit
983 748 1019 771 ac
1043 736 1124 780 legit

240 789 323 826 hanc
345 792 470 829 Sacram
492 786 660 822 Divalem.
686 791 753 819 Nor
767 796 871 829 pacem
880 794 1035 830 cogitamus
1049 789 1123 819 san-

238 841 351 876 Harum
373 836 557 878 Ecclefiarum
579 838 613 874 o·
631 836 790 870 Catholicae
813 838 924 876 Fidei,
950 839 983 870 (9⁹
1005 836 1124 877 custodi-

240 896 267 923 ri
292 890 421 929 volumus
444 886 551 919 rodam
583 888 618 920 <5
649 889 709 922 Deo
738 885 900 930 inspirante
918 887 1119 928 praedicatam

237 939 322 981 fidem
357 939 377 971 ἆ
405 937 519 971 sannis
543 935 682 970 Patribus
713 937 814 977 nostris
838 960 850 976 ,
883 943 933 978 qui
957 941 989 968 in
1012 939 1122 968 Nieaea

239 993 399 1031 congregati
414 985 505 1030 sunt,
531 988 564 1021 (5
586 986 623 1018 ab
646 986 713 1026 his,
737 993 788 1028 qui
807 984 918 1029 Ephefi
924 985 1122 1027 interfuerunt

238 1038 421 1071 damnationi
446 1036 591 1077 Nestorii,
617 1035 651 1075 id
669 1038 714 1070 est
734 1036 886 1078 Capitula
901 1060 912 1076 ,
938 1036 1043 1069 Sancti
1061 1035 1124 1078 Cy-

236 1087 301 1120 rilli
322 1112 328 1123 .
357 1092 415 1123 Hoc
438 1091 501 1130 ergo
525 1087 658 1119 volumus
680 1109 690 1124 ‚
715 1097 751 1118 ne
768 1084 943 1129 scandalum
966 1091 997 1118 in
1016 1086 1128 1126 praedie

242 1138 290 1169 ἔβα
312 1136 463 1170 Catholica
488 1136 545 1178 fide
568 1142 744 1171 immittatur
765 1161 771 1167 .
796 1139 841 1168 Et
864 1141 1000 1178 quoniam
1018 1134 1125 1178 scimus

241 1187 540 1230 magnificentiffimum
572 1188 733 1219 Patricium
770 1186 955 1220 Florentium
985 1185 1035 1228 esse
1056 1183 1126 1225 fide-

238 1237 293 1271 lem
316 1259 326 1275 ,
350 1238 384 1275 (15
402 1236 567 1276 testimoniis
592 1236 748 1277 probatum
770 1241 802 1274 in
825 1236 902 1271 recia
920 1235 981 1277 fide
1001 1258 1011 1273 ,
1047 1236 1126 1267 volu-

238 1297 301 1319 mus
327 1283 422 1328 insum
446 1286 570 1328 interefft
594 1287 754 1319 audientiae
776 1287 896 1326 synodi,
923 1291 1061 1327 quoniam
1066 1282 1123 1326 Jer-

237 1347 283 1367 mo
306 1336 343 1368 de
369 1334 430 1377 fide
456 1335 494 1374 est
517 1360 524 1367 .
562 1333 756 1378 Chrysaphii
787 1346 869 1379 opus
899 1344 966 1369 erat
997 1333 1125 1366 Divalis

242 1385 301 1418 ista
324 1410 334 1425 ‚
373 1382 509 1427 ideoque
542 1384 710 1427 Synodum
734 1385 810 1418 facit
832 1386 939 1428 spreta:
963 1381 1125 1426 Ephefinae

239 1433 315 1471 fidei
339 1434 373 1469 ὃς
394 1435 563 1469 resuscitati
591 1434 735 1468 Nestorii
759 1435 929 1478 suspestam
949 1459 955 1465 .
983 1435 1026 1467 Et
1046 1432 1124 1467 licet

236 1484 422 1527 Principem
452 1495 506 1517 aut
539 1484 605 1526 ejus
637 1484 805 1521 Vicarium
828 1485 862 1518 in
887 1484 952 1522 sola
982 1483 1123 1528 generali

236 1531 373 1576 Synodo
394 1532 434 1569 ad
455 1533 628 1568 audiendas
648 1534 722 1569 fidei
750 1535 982 1578 disputationes
1010 1532 1111 1567 admit

236 1594 284 1619 tat
315 1584 433 1621 Canon
458 1608 469 1624 ,
507 1583 692 1618 Silentiatio
730 1595 838 1618 tamen
863 1582 1025 1628 respondit
1047 1585 1141 1618 San-v

237 1635 304 1666 stus
327 1634 498 1668 Flavianus
524 1659 531 1666 .
571 1637 714 1667 Domnum
737 1635 918 1667 Florentium
950 1634 1000 1677 effe
1023 1645 1118 1666 omnes

234 1681 342 1727 scinms
364 1708 374 1723 ,
414 1684 447 1716 t&
466 1682 708 1723 testificationibus
736 1684 889 1725 probatum
913 1690 945 1718 in
971 1683 1125 1717 Catholica

233 1731 318 1774 fide,
343 1734 377 1769 (θ’
399 1734 530 1768 volumus
547 1743 611 1767 eum
639 1734 791 1776 interesse:
819 1733 1058 1777 Dispensatorie
1081 1731 1125 1766 ob

237 1780 400 1822 Principis
436 1783 645 1817 reverentiam
669 1807 677 1817 .
715 1782 805 1819 Nam
839 1783 873 1816 ὅ(
904 1784 1034 1816 sanstus
1055 1783 1124 1816 Leo

237 1830 394 1864 Pontifex
416 1828 479 1863 hoc
505 1831 574 1874 ipso
594 1842 739 1875 tempore
761 1830 802 1866 ad
820 1832 907 1865 suam
927 1843 1040 1866 contra
1052 1832 1124 1865 Ma-

239 1878 379 1915 nichaeos
414 1881 584 1923 Synodum
616 1881 743 1916 admisit
773 1881 897 1917 nobiles
933 1882 1122 1917 Romanos.

238 1930 310 1963 Nec
345 1930 460 1964 desunt
492 1931 553 1965 alia
574 1932 721 1976 exempla
738 1958 745 1965 .
773 1933 883 1978 Pergit
903 1933 1034 1968 Sanctus
1054 1933 1120 1967 Fla-

239 1982 367 2014 vianus.
397 1983 550 2024 Dignare,
570 1982 617 2024 fili
637 1984 802 2019 Silentiarte
814 2006 825 2022 ,
844 1983 974 2027 fatigari
995 1985 1040 2015 ad
1057 1984 1122 2019 Flo-

238 2036 366 2065 rentium
393 2033 575 2065 Patricium.
602 2032 672 2067 Hic
697 2034 832 2077 nempe,
859 2033 935 2067 licet
960 2034 1042 2067 sacra
1066 2033 1121 2076 jus

239 2080 327 2113 sione
352 2080 474 2121 fultus,
500 2094 567 2116 non
589 2083 646 2116 nisi
669 2082 711 2116 de
737 2084 973 2127 Episcoporum
990 2084 1122 2118 licentia

240 2130 286 2163 est
311 2130 401 2163 ausus
422 2130 547 2174 ingredi
569 2130 740 2175 Synodum
759 2145 766 2166 x
795 2134 888 2168 Sacra
919 2133 1010 2177 juffio
1031 2143 1122 2169 erant

238 2189 333 2213 merae
355 2178 395 2212 ad
418 2179 590 2221 Synodum
610 2193 735 2225 preces.

289 2226 469 2262 Adfidente
492 2230 593 2274 igitur
616 2232 759 2266 Patricio
778 2257 789 2272 ‚
814 2232 967 2268 discussus
987 2234 1027 2267 ab
1049 2234 1124 2278 Epi-

240 2278 342 2321 scopis
374 2276 539 2321 Eutyches
563 2277 642 2314 duas
667 2282 700 2315 in
725 2281 876 2316 Domino
898 2294 1028 2318 naturas
1054 2285 1121 2327 post

240 2327 471 2363 adunationem
486 2353 497 2369 ‚
524 2340 661 2373 eumque
682 2331 858 2367 secundum
878 2345 1008 2367 carnem
1029 2334 1121 2367 matri

238 2378 272 2413 ὅ(
297 2376 390 2411 nobis
423 2377 729 2415 consubstantialem
750 2383 896 2416 confiteri
920 2383 1124 2426 pertinacissi-

239 2426 291 2461 me
322 2427 428 2462 noluit
451 2452 462 2468 ‚
498 2428 633 2473 ideoque
667 2433 777 2465 omnis
800 2433 833 2466 in
856 2433 951 2466 illum
973 2432 1122 2476 synodus

241 2475 428 2511 Anathema
448 2477 598 2513 clamavit
618 2505 624 2512 .
652 2480 800 2526 Roganti
830 2483 944 2517 saneto
965 2483 1121 2516 Flaviano

240 2526 281 2561 ab
312 2526 422 2561 eadem
446 2551 457 2567 ,
492 2527 569 2571 quid
593 2541 690 2573 poenae
716 2543 889 2567 mereretur
912 2557 922 2572 ‚
959 2532 1119 2576 respondit

239 2576 389 2611 Seleucus
421 2577 602 2613 Amasenus
634 2580 818 2624 Episcopus
857 2609 866 2622 ,
904 2584 1119 2627 Metropolita

239 2626 485 2669 Helenoponti:
514 2632 630 2672 Dignus
654 2630 691 2670 est
710 2633 827 2673 quidem
853 2634 1044 2667 damnatione
1063 2633 1122 2673 iste,

241 2682 273 2708 in
293 2676 398 2716 vestrae
419 2685 519 2710 tamen
543 2681 715 2713 SanHitatis
742 2682 926 2716 humanitate
944 2682 1037 2726 solum
1057 2694 1120 2716 con-

232 2723 303 2768 sistit
324 2750 331 2758 .
369 2725 495 2770 Nempe
526 2728 886 2775 Constantinopolitani
913 2733 1063 2776 Episcopi
1084 2734 1119 2766 in

240 2776 303 2808 suis
324 2774 589 2812 patriarchalibus
614 2780 756 2822 Synodis
782 2793 856 2815 eum
883 2783 985 2825 ipsum
1008 2782 1117 2816 sibiar-

239 2823 396 2868 rogabant
420 2829 616 2862 auctoritatis
639 2832 763 2873 apicem
783 2856 793 2872 ,
835 2843 931 2875 quem
956 2835 1017 2867 effe
1053 2832 1119 2866 Ro-

239 2885 339 2907 mano
362 2875 515 2910 Pontifici
539 2879 645 2913 scribit
666 2881 760 2915 Felix
775 2884 886 2916 tertius
900 2883 932 2915 in
954 2882 1068 2917 litteris
1079 2881 1118 2916 ad

242 2926 382 2961 civitatis
405 2925 772 2973 Constantinopolitanae
793 2932 826 2964 ὃ(
847 2930 1013 2976 Bithyniae
1034 2932 1119 2967 Pres-

241 2973 370 3016 byteros
402 2974 436 3007 δε
471 2975 750 3014 Archimandritas
772 3006 777 3012 .
813 2984 936 3024 ‚Quoties
957 2989 1038 3015 intra
1058 2988 1118 3015 Ita-

241 3026 314 3057 liam
328 3033 450 3066 propter
471 3028 676 3071 Ecclefiasticas
698 3030 798 3074 causas
821 3056 831 3072 ‚
853 3035 1003 3074 ρνιεείριιὲ
1021 3032 1094 3074 fidei
1107 3058 1117 3073 ,

237 3075 406 3116 colliguntur
429 3078 548 3108 Domini
565 3080 752 3119 sacerdotes,
776 3080 948 3124 consuetudo
959 3088 1116 3121 retinetur,

237 3132 268 3157 ut
293 3122 424 3166 successor
458 3126 619 3169 Praesulum
644 3131 726 3163 Sedis
751 3131 912 3173 Apostolicae
933 3144 969 3166 ex
988 3130 1116 3175 persbna

238 3174 399 3206 cunHorum
421 3180 507 3208 totius
528 3173 628 3211 Italiae
649 3181 855 3220 sacerdotum,
873 3184 968 3222 juxta
986 3182 1115 3226 solicitu-

237 3224 338 3256 dinem
352 3222 407 3263 fibi
431 3231 558 3258 omnium
579 3228 768 3270 Ecclesiarum
789 3240 990 3273 competentem
1011 3257 1021 3272 ,
1046 3243 1112 3265 cun-

237 3273 285 3305 ila
315 3273 496 3313 constituat.
537 3276 580 3309 Et
614 3278 765 3320 ejusmodi
803 3281 1009 3324 synodorum
1031 3283 1113 3315 Asta

237 3321 279 3356 ad
298 3323 366 3365 ejus
389 3322 486 3357 solius
502 3335 622 3360 nomen
645 3327 744 3362 solere
761 3329 812 3364 edi
826 3356 836 3371 ,
859 3331 960 3375 liquet
981 3343 1023 3366 ex
1046 3331 1112 3364 sub⁴

238 3371 465 3415 scriptionibus
487 3384 602 3416 quartae
624 3376 780 3412 Romanae
803 3380 928 3422 Synodi
950 3381 1006 3415 sub
1023 3383 1114 3423 Sym-

239 3419 356 3457 macho
381 3422 468 3466 Papa
489 3448 495 3454 .
521 3423 616 3459 Adeo
637 3450 648 3467 ,
674 3427 760 3470 quod
779 3428 911 3471 quidam
936 3430 1113 3470 blaterant,

242 3469 296 3506 ina
316 3484 385 3506 non
406 3473 451 3507 est
473 3475 635 3518 usurpatio
657 3476 843 3514 Innocentii
869 3480 954 3515 tertii
976 3491 1030 3515 aut
1046 3491 1113 3524 pro-

339 3521 443 3563 chrtst.
457 3525 534 3567 Lupi
543 3529 628 3570 oper.
639 3529 757 3562 TomJI.

666 157 1800 208 Laraocrzmofivuemno.
1950 177 2000 220 51

1189 238 1355 273 ximorum
1378 236 1446 278 ejus
1472 235 1738 277 Antecessorum.
1767 242 1915 277 Unde&
1930 245 2068 280 formam

1191 287 1272 321 hane
1306 287 1340 323 in
1376 286 1564 322 Florentina
1584 290 1734 333 Synodo
1757 293 1855 325 etiam
1878 295 1981 329 Graeci
2005 307 2073 329 tan-

1190 335 1265 374 dem
1296 337 1429 379 persuasi
1464 335 1660 373 admiserunt
1687 366 1693 372 .
1732 341 1812 376 Haec
1845 342 1960 376 Felicis
1984 345 2071 379 tertii

1190 385 1283 421 verba
1307 410 1318 425 ,
1355 387 1517 419 Secundum
1541 385 1757 429 filicitudinem
1780 398 1906 424 omnium
1930 393 2069 434 Ecclesia-

1189 449 1254 469 rum
1267 435 1324 478 fibi
1347 445 1553 477 competentem
1569 460 1580 475 ,
1617 438 1789 474 ostendunt
1811 441 1844 475 id
1865 444 1927 475 effe
1949 442 2073 484 privile-

1188 487 1281 531 gium
1301 486 1473 523 pontificis
1494 486 1657 522 Romani.
1688 488 1880 526 Eointerim
1891 491 1962 526 ussts
1972 493 2071 526 etiam

1190 538 1322 571 Sanetus
1343 535 1518 572 Flavianus
1538 534 1622 570 hanc
1649 535 1734 570 solus
1757 539 1947 575 sententiam
1968 540 2069 576 edidit

1190 588 1223 620 in
1260 583 1478 628 Entychetem
1504 611 1510 617 .
1549 589 1606 620 Per
1627 593 1724 620 omnia
1754 589 1896 625 Eutyches
1924 594 2070 632 quondam
2104 597 2105 603 ¹

1190 636 1338 674 Presbyter
1362 637 1396 673 <⁸2⁸
1420 635 1663 670 archimandrita
1686 638 1720 670 (τ
1741 648 1776 668 ex
1799 637 1844 669 his
1858 663 1866 676 ‚
1892 652 1958 680 quae
1979 645 2070 675 antea

1188 686 1256 717 ac'Ja
1274 685 1363 728 sunt,
1389 687 1423 720 <st
1436 697 1511 718 nunc
1526 692 1655 728 propriis
1672 688 1735 726 eius
1757 686 1986 730 conjeffionibus‚
2014 696 2071 724 Va-

1185 737 1291 771 lentini
1318 737 1351 768 ῶ·
1374 738 1555 777 Apollinaris
1575 736 1764 778 perverstate
1783 745 1915 778 repertus
1933 739 1972 778 est
1985 752 2073 783 aegro.

1185 793 1267 824 tare,
1293 785 1326 817 (9⁸
1347 796 1442 817 eorum
1464 784 1659 828 blasphemias
1684 786 1958 822 incommutabiliter
1978 788 2070 832 sequi,

1186 840 1236 877 qui
1258 846 1309 868 nec
1330 834 1456 875 nostram
1480 846 1618 870 reverens
1641 835 1848 878 persuasionem
1866 845 1952 879 atque
1969 839 2071 872 doAEri-

1188 897 1257 917 nam
1283 885 1368 917 retiis
1393 886 1486 917 voluit
1507 885 1666 928 consentire
1691 886 1876 929 dogmatibus
1890 901 1900 920 :
1928 888 2009 924 Unde
2029 891 2074 921 la-

1187 935 1368 973 chrymantes
1405 937 1438 968 cia·
1466 944 1616 978 gementes
1649 935 1815 978 perfec‘lam
1845 939 1908 977 ejus
1934 939 2072 979 perditio-

1188 996 1252 1017 nem
1279 1008 1288 1023 .
1326 986 1508 1018 decrevimus
1541 994 1596 1026 per
1629 989 1784 1019 Dominum
1817 986 1940 1026 nostrum
1960 987 2072 1032 Jesum

1186 1034 1333 1074 Christum
1354 1035 1393 1067 ab
1414 1046 1443 1067 eo
1464 1034 1719 1077 blasphematum,
1745 1045 1922 1070 extraneum
1941 1048 2005 1070 eum
2028 1037 2074 1081 es-

1181 1082 1214 1126 se
1237 1084 1274 1116 ab
1299 1090 1376 1116 omni
1400 1086 1484 1125 officio
1495 1084 1675 1127 sacerdotali
1695 1111 1706 1127 ,
1731 1087 1764 1123 (9·
1786 1087 1881 1127 nostra
1903 1093 2073 1120 communio-

1187 1144 1223 1166 ne
1248 1156 1258 1171 ‚
1290 1134 1324 1166 ὦ·
1345 1136 1484 1167 Primam
1507 1135 1673 1175 Monasterii
1695 1160 1706 1175 ,
1726 1135 1888 1179 scientibus
1910 1137 1960 1170 hoc
1981 1144 2071 1170 omni-

1188 1182 1240 1217 bus
1253 1208 1264 1223 ,
1291 1189 1340 1224 qui
1357 1182 1455 1223 postea
1473 1184 1663 1225 colloquentur
1679 1192 1705 1218 ei
1723 1210 1733 1224 ‚
1762 1189 1795 1220 (ψ’
1819 1189 1862 1219 ad
1882 1198 1946 1219 eum
1966 1198 2071 1221 conve-

1188 1238 1287 1265 nerint
1306 1257 1317 1273 ,
1355 1237 1491 1273 quoniam
1513 1240 1554 1266 rei
1573 1243 1655 1266 erunt
1676 1242 1774 1275 poenae
1800 1243 2070 1271 excommunicatio-

1188 1288 1255 1322 nis,
1281 1292 1316 1315 ut
1336 1289 1386 1323 qui
1410 1294 1466 1315 non
1489 1284 1701 1322 declinaverint
1722 1285 1787 1324 ejus
1797 1285 2066 1326 confabulationes.

1187 1331 1382 1375 Antiquitus
1402 1333 1491 1366 enim
1512 1330 1599 1368 nulia
1621 1344 1687 1367 erat
1699 1336 1998 1369 excommunicatio
2009 1337 2070 1370 mi-

1190 1394 1248 1416 nor
1273 1406 1283 1422 ,
1310 1380 1362 1421 std
1382 1383 1489 1424 quivis
1509 1385 1800 1418 excommunicato
1821 1386 2070 1420 communicans

1188 1430 1369 1466 incurrebat
1395 1433 1480 1467 idem
1511 1433 1641 1476 penitus
1663 1433 1829 1468 vinculum
1853 1459 1863 1475 ,
1902 1434 2068 1478 quomodo

1188 1493 1275 1516 nunc
1297 1483 1545 1516 communicans
1571 1485 1605 1518 in
1633 1484 1797 1519 crimine.
1827 1485 1869 1518 Et
1891 1482 1976 1519 hanc
2002 1487 2071 1519 sen·

1188 1533 1323 1566 rentiam
1351 1543 1466 1565 omnes
1489 1533 1665 1577 Episcopi,
1695 1545 1755 1568 nec
1778 1536 1891 1570 non&
1912 1535 2068 1570 Patricius

1188 1581 1372 1617 Florentius
1397 1581 1571 1624 probarunt
1591 1584 1625 1616 ὃς
1648 1585 1899 1619 confirmarunt.

1239 1631 1284 1665 At
1309 1632 1373 1675 ipse
1395 1630 1561 1675 Eutyches
1571 1634 1772 1677 nequaquam
1784 1635 1964 1676 acquievit.
1993 1637 2073 1670 Om-

1188 1693 1263 1716 nem
1298 1681 1469 1724 Synodum
1502 1694 1570 1716 non
1605 1683 1836 1719 tantummodo
1870 1685 2074 1721 Nestorianae
2129 1693 2133 1697 '

1188 1730 1326 1775 perfidia:
1344 1757 1354 1772 ‚
1390 1731 1442 1765 sed
1471 1731 1505 1764 &
1526 1733 1681 1776 usurpatae
1705 1735 1868 1777 potestatis
1891 1736 2070 1770 accusavit.

1189 1782 1337 1817 Cauffam
1358 1781 1413 1817 dat
1437 1782 1469 1815 in
1497 1781 1613 1816 libellis
1626 1781 1785 1828 Ephefino
1798 1785 1971 1819 latrocinio
1984 1785 2072 1820 obla-

1186 1833 1244 1865 tis:
1272 1833 1363 1875 ,Quod
1381 1832 1495 1865 colleaea
1515 1833 1579 1874 esset
1601 1845 1638 1868 ex
1659 1834 1782 1875 diversis
1818 1833 1991 1879 Episcopis‚
2017 1842 2070 1879 qui

1186 1892 1254 1915 tunc
1279 1891 1336 1924 pro
1360 1888 1497 1922 privatis
1518 1882 1605 1924 causis
1639 1891 1671 1917 in
1694 1885 1766 1918 urbe
1789 1886 1934 1928 degebant
1958 1890 2069 1930 Regia.

1188 1933 1368 1974 Exponunt
1389 1931 1606 1975 gloriosissimi
1629 1932 1757 1977 Judices
1793 1945 1946 1979 rogantes
1970 1937 2074 1979 Syno-
2092 1968 2099 1983 l
2118 1953 2185 1990 Ces,-

1184 1980 1261 2015 dum
1298 1980 1600 2017 chalcedonensem
1628 1996 1634 2015 :
1673 1988 1719 2017 An
1749 1986 1891 2023 synodum
1919 1989 2070 2028 appellare

1186 2040 1314 2075 oporteat
1338 2042 1517 2067 conventum
1541 2032 1750 2076 Epifioporum
1764 2059 1774 2075 ,
1801 2042 1851 2077 qui
1874 2041 1906 2068 in
1927 2041 2020 2081 Regia
2031 2044 2072 2070 ci-

1188 2090 1283 2117 vitate
1307 2082 1499 2128 diversantur
1516 2084 1532 2116 ?
1559 2083 1725 2127 Ejusmodi
1751 2095 1891 2128 namque
1915 2087 2069 2130 Episcopi

1187 2135 1295 2179 paffim
1330 2137 1403 2169 sunt
1436 2134 1629 2168 diversarum
1652 2134 1899 2168 provinciarum
1922 2138 1954 2170 ὅς
1975 2137 2065 2171 Dioe-

1187 2186 1301 2219 ceseon
1322 2208 1334 2224 ,
1359 2184 1485 2217 nullum
1508 2184 1526 2217 ὲ
1552 2186 1614 2218 suis
1636 2185 1858 2229 Metropolitis
1878 2195 1934 2219 aut
1959 2186 2073 2221 Eccle-

1187 2235 1238 2268 s1is
1270 2232 1310 2268 ad
1342 2244 1547 2268 occurrentes
1579 2236 1613 2268 in
1650 2234 1754 2278 Regia
1788 2237 1922 2269 civitate
1959 2239 2068 2271 causas

1185 2284 1374 2317 mandatum
1411 2282 1532 2318 habent
1559 2309 1569 2324 ‚
1608 2283 1743 2328 ideoque
1765 2295 1875 2319 veram
1896 2286 2068 2328 Synodum

1189 2332 1338 2367 videntur
1362 2346 1429 2367 non
1459 2335 1544 2376 posse
1564 2334 1725 2369 conflare.
1752 2334 1941 2378 Respondet
1967 2337 2067 2378 vero,

1185 2383 1218 2416 &
1250 2383 1333 2417 redte
1360 2408 1371 2422 ,
1406 2381 1571 2427 Tryphon
1610 2385 1789 2427 Episcopus
1821 2385 1933 2420 Insulae
1958 2385 2066 2429 Chy:

1185 2435 1308 2472 synodus
1333 2434 1498 2475 appellatur
1515 2456 1525 2472 ‚
1552 2435 1585 2467 ρΐ
1604 2440 1776 2467 conveniunt
1795 2461 1805 2476 ,
1843 2438 1877 2470 <⁰5
1897 2436 2066 2470 laborantes

1191 2484 1292 2525 aliqua
1313 2485 1479 2525 oppreffone
1494 2482 1551 2526 sua
1563 2486 1639 2524 jura
1662 2484 1866 2527 nanciscuntur
1880 2511 1887 2517 .
1914 2486 1957 2519 Et
1976 2486 2066 2520 Ana-

1184 2533 1282 2567 tolius
1306 2534 1482 2577 Episcopus
1514 2533 1901 2578 constantinopolitanus
1925 2535 1964 2570 de
1984 2536 2065 2570 fasta

1182 2583 1339 2626 ejusmodi
1364 2582 1499 2624 synodo
1523 2584 1621 2617 etiam
1643 2587 1809 2618 accusatus
1832 2611 1838 2617 .
1877 2588 1980 2619 Tenuit
2002 2594 2066 2627 pri·

1183 2635 1248 2665 dem
1269 2632 1442 2676 consuetudo
1458 2658 1468 2674 ,
1494 2643 1527 2666 ut
1548 2640 1597 2675 qui
1618 2640 1650 2666 in
1673 2645 1782 2678 magna
1803 2635 1858 2667 hac
1872 2642 1996 2668 civitate
2008 2648 2064 2668 mo-

1181 2691 1286 2716 rantur
1308 2684 1477 2723 SaneYiffimi
1502 2681 1640 2725 Episcopi
1666 2708 1676 2723 ,
1711 2685 1774 2716 cum
1795 2696 1840 2717 eos
1862 2691 1999 2727 temporis
2020 2697 2063 2718 oc-

1181 2732 1250 2774 casio
1281 2743 1366 2765 vocat
1382 2758 1392 2773 ‚
1430 2734 1466 2765 de
1489 2733 1702 2776 emergentibus
1729 2733 1905 2776 quibusdam
1930 2734 2063 2775 Ecclefia-

1176 2783 1258 2823 sticis
1282 2781 1372 2824 caufis
1394 2789 1570 2816 conveniant
1583 2807 1592 2822 ‚
1618 2795 1653 2816 ac
1664 2782 1781 2827 singula
1804 2784 1949 2825 definiant
1969 2808 1979 2824 ,
2005 2783 2062 2827 res-

1177 2830 1322 2875 ponsbque
1355 2844 1400 2866 eos
1431 2835 1590 2876 dignentur
1617 2857 1628 2874 ‚
1666 2840 1717 2875 qui
1737 2843 1902 2876 precantur
1924 2835 2044 2876 aliquid
2051 2859 2062 2866 .

1180 2882 1272 2915 Nihil
1294 2886 1358 2926 ergo
1378 2884 1398 2914 a
1422 2895 1466 2915 me
1482 2882 1602 2924 facqum
1623 2883 1659 2923 est
1675 2908 1684 2923 ,
1709 2885 1786 2926 quod
1810 2890 1937 2916 novitati
1951 2883 1990 2925 fit
2013 2884 2063 2926 af.

1177 2932 1256 2975 finc:
1283 2938 1349 2966 Nec
1369 2938 1419 2974 qui
1439 2944 1477 2966 ex
1498 2931 1705 2975 consuetudine
1728 2932 1919 2975 consederant
1936 2932 2062 2977 fundiss-

1174 2981 1264 3023 fimi‚
1289 2988 1338 3024 qui
1360 2988 1392 3015 in
1412 2988 1537 3016 civitate
1556 2993 1643 3015 erant
1667 3008 1676 3023 ‚
1703 2982 1841 3026 Episcopi
1867 2994 1975 3016 novam
1994 2984 2062 3025 for-

1181 3044 1261 3064 mam
1272 3036 1455 3074 protulerunt
1466 3057 1473 3064 .
1502 3032 1652 3066 Eandem
1662 3033 1932 3067 consuetudinem
1944 3034 2060 3078 viguis-

1181 3083 1211 3116 se
1234 3083 1332 3115 etiam
1354 3082 1470 3116 Romae
1495 3106 1506 3122 ‚
1532 3081 1720 3116 Antiochiae
1740 3108 1751 3124 ‚
1775 3083 1810 3117 &
1833 3082 2058 3123 Alexandriae,

1180 3131 1300 3165 docent
1323 3132 1425 3165 muita
1449 3131 1618 3175 exempla.

1229 3181 1370 3227 Qaestio
1392 3181 1437 3214 est
1464 3206 1474 3221 ,
1500 3192 1541 3213 an
1566 3181 1583 3215 a
1607 3183 1763 3217 sententia
1789 3183 1930 3217 Romam
1955 3183 2057 3225 Euty-

1178 3228 1252 3264 ches
1274 3230 1439 3274 appellarit
1458 3231 1474 3262 ,ἓ
1500 3230 1698 3266 Constanter
1717 3231 1751 3267 id
1774 3234 1841 3277 ipse
1861 3234 1979 3276 semper
2005 3232 2058 3265 ad-

1178 3280 1318 3313 firmavit
1337 3305 1344 3312 .
1374 3280 1416 3313 Et
1437 3279 1503 3322 ejus
1528 3280 1707 3316 monachus
1730 3295 1766 3316 ac
1789 3283 1957 3316 Diaconus
1970 3282 2058 3316 Con-

1178 3330 1335 3363 stantinus
1368 3330 1452 3364 dixit
1485 3333 1517 3364 in
1549 3332 1687 3366 secunda
1710 3331 1844 3374 Synodo
1867 3332 2059 3366 Constanti·-

1178 3379 1365 3422 nopolitana
1386 3381 1489 3414 Sansti
1510 3381 1658 3415 Flaviani
1681 3406 1687 3412 .
1723 3380 1866 3419 Eutyches
1889 3406 1898 3421 ,
1926 3383 1996 3414 dum
2018 3383 2058 3415 Ie-

1172 3440 1285 3473 geretur
1317 3431 1466 3463 damnatio
1491 3455 1501 3470 ,
1537 3432 1701 3472 appellavit
1732 3430 1871 3464 samium
1891 3434 2053 3464 Concilium

1178 3480 1348 3520 5anc¹ltffimi
1367 3479 1505 3524 Episcopi
1527 3483 1677 3519 Romani,
1703 3480 1737 3514 <5
1761 3481 1958 3515 Alexandrini
1982 3506 1991 3519 ,
2021 3482 2055 3514 Θ

1629 3529 1662 3563 G
1713 3541 1736 3567 2
1938 3536 2007 3565 Hie-
