2340 3736
61 212 138 260 c'ap.
160 230 203 259 ¹3·

60 905 135 943 (ap-
153 913 166 932 2
173 912 198 932 1.

57 1097 129 1134 Gap.
157 1103 200 1130 17.

55 1286 129 1323 Gap.
153 1293 164 1314 1
172 1287 198 1314 8.

54 1965 139 2006 Epist.
161 1974 208 2004 95.

44 2121 213 2157 vL.3.c.13-

51 2238 119 2268 LS·
138 2245 214 2272 023.

56 2468 129 2504 Cap.
150 2477 176 2503 9.

58 2510 120 2541 L.7.
143 2510 214 2535 c.16.

128 2544 216 2582 Apud

14 2586 20 2593 ”
58 2585 173 2615 Hieron.

57 2623 198 2661 Epist-⁶0·

56 2661 160 2699 liz-res·
171 2674 217 2701 79.

58 2970 133 3009 Cap.
146 2981 191 3007 44-

632 126 938 179 5εΗοιΙῙε,
976 135 1037 167 ἐτ
1071 134 1254 167 Νοτῐε
1289 124 1664 168 ILLusTRATI.

242 217 378 255 hortarii
399 216 439 250 ad
460 213 662 250 castitatem.
691 214 812 255 ,Quanti
836 212 870 245 cb·
884 218 1005 253 quantae
1026 214 1058 242 in
1068 212 1126 242 Ec-

239 267 397 311 clefiaestich
425 264 587 299 Ordim‘bus
608 263 646 294 de
666 266 848 295 continentia
869 259 1019 303 censentur
1039 284 1050 300 ‚
1077 265 1127 301 qui

238 305 302 351 D'eo
325 315 433 350 nubere
456 314 627 348 maluerunt
647 314 660 346 ?
686 311 833 356 Respicit
855 311 896 345 ad
921 311 1102 353 Episcopos
1117 333 1126 348 ‚

242 366 477 409 presbyteros,
503 364 699 403 Diaconos,
725 362 758 396 ὃς
776 360 983 395 Diaconiffas
997 383 1007 398 ,
1033 357 1126 392 adeo-

236 428 301 460 que
320 427 437 450 omnes
465 414 603 449 affirmat
625 411 858 446 Ecclefiasticis
878 408 1063 444 Ordinibus
1079 409 1126 440 in·

237 464 376 511 fignitos
389 489 396 496 .
425 464 592 507 Antiquus
614 461 710 498 Ordo
735 461 907 495 Romanus
928 457 1027 492 habet
1048 457 1126 491 Mis-

239 518 308 550 sam
330 515 525 559 peculiarem
555 538 566 554 ,
601 513 794 553 vari-umque
814 509 915 543 ritum
936 506 1126 542 ordinandae

236 566 433 600 Diaconiffae
447 590 454 597 .
481 560 666 611 Qomodo
689 559 902 599 Diaconum,
928 558 973 597 ita
993 556 1124 592 &hanc

234 611 452 649 ordinandam
479 612 613 648 mandat
634 611 719 644 inter
750 608 924 642 Miffarum
952 608 1122 648 solennia,

236 666 322 722 inter
348 664 529 709 Epistulam
554 662 589 695 ὃς
612 658 831 703 Evangelium
852 682 863 697 ,
900 668 976 692 ante
999 658 1098 692 alta-re
1112 682 1121 698 ,

237 723 334 759 eique
355 713 472 748 donari
495 710 679 750 annulum,
706 718 878 752 torquem,
904 707 1022 742 stolam
1043 708 1125 742 Dia-⁴

239 765 390 799 conalem
401 789 408 796 .
436 763 480 796 Et
493 762 595 805 prima
615 758 769 802 synodus
781 758 977 793 Arauficana
989 758 1102 792 statuit
1116 782 1123 789 .

243 814 417 856 Diaconiffae
425 813 540 845 omnino
553 821 610 843 non
621 810 797 842 ordinandae
811 834 817 841 .
844 810 873 841 51·
884 810 1027 851 quaejam
1033 806 1119 851 sunt,

245 860 434 898 benidieiioni
453 886 463 902 ,
489 872 557 903 quae
574 861 682 903 populo
703 860 905 901 impenditur,
930 864 1032 899 capita
1053 856 1120 900 sub-

237 920 361 947 mtttant
379 936 387 944 .
430 911 474 945 Et
495 910 648 953 Synodus
682 907 883 952 Epaonenfis
912 934 920 942 .
956 909 1120 941 Viduarum

243 960 483 1006 consecrationem
500 984 510 999 ‚
537 972 613 1002 quas
636 964 788 992 Diaconas
809 966 919 992 vocant
940 982 952 999 ,
981 957 1019 990 ab
1042 964 1120 990 omni

236 1018 350 1057 regione
372 1011 467 1049 nostra
488 1012 609 1052 penitus
628 1010 825 1053 abrogamus:
851 1009 948 1041 solam
961 1013 1003 1041 eis
1022 1013 1119 1048 poeni-

236 1069 342 1097 tentiae
367 1061 618 1101 benedictionem,
655 1072 664 1093 ι
684 1065 819 1092 converti
844 1058 982 1091 ambiunt
995 1082 1005 1098 ,
1032 1063 1120 1099 impo-

237 1113 335 1147 nendo
355 1137 362 1144 .
403 1112 448 1146 Et
471 1110 610 1145 secunda
646 1107 886 1143 Aurelianensis
906 1133 914 1140 .
951 1111 1123 1147 Foeminae,

238 1173 306 1206 quae
317 1161 545 1195 benedic‘lionem
558 1165 738 1192 Diaconatus
753 1158 894 1192 hallensis
914 1165 1019 1192 contra
1029 1163 1121 1190 inter-

246 1213 328 1245 dida
338 1215 495 1244 c'anonum
505 1218 678 1252 acceperunt
692 1233 703 1250 ,
721 1208 752 1251 fi
759 1210 804 1242 ad
813 1211 977 1252 conjugium
993 1206 1121 1249 proban-

242 1270 293 1295 tur
305 1261 410 1294 iterum
434 1261 605 1299 devolutae,
631 1261 651 1291 ἃ
664 1265 863 1292 communione
879 1259 1050 1299 pellantur.
1077 1256 1121 1290 Et

235 1309 371 1345 iterum.
399 1310 516 1343 Placuit
538 1315 629 1343 etiam
642 1332 652 1348 ,
679 1316 713 1341 ut
725 1309 800 1340 nulli
818 1307 1000 1349 postmodam
1018 1306 1120 1348 foemt'-

235 1372 285 1394 nae
297 1361 470 1393 Diaconalis
484 1358 645 1393 benedictio
650 1365 707 1400 pro
719 1359 895 1391 conditionis
908 1357 998 1398 hujus
1021 1355 1122 1400 fragi-

234 1412 322 1445 litate
330 1411 471 1444 credatur
484 1433 491 1441 .
519 1410 571 1442 Ex
588 1408 639 1442 his
648 1408 771 1442 clarum
784 1407 829 1442 est
841 1433 851 1448 ,
879 1406 965 1442 hanc
990 1406 1121 1440 benedi-

235 1461 377 1494 ctionem
389 1461 489 1503 usque
503 1459 544 1494 ad
556 1458 654 1493 hosce
665 1458 821 1493 Canones
833 1457 971 1503 viguisse
984 1457 1018 1490 in
1044 1456 1120 1490 Gal-

233 1510 343 1545 licana
365 1509 508 1544 Ecclesia
529 1533 541 1549 ,
565 1518 662 1552 atque
686 1508 726 1542 ad
760 1507 851 1542 illam
876 1506 1115 1551 exstirpandam

231 1561 325 1594 fuisse
333 1571 418 1604 opus
433 1567 483 1594 tot
498 1560 641 1602 repetitis
660 1556 871 1592 canonibus.
1071 1569 1073 1571 ·

282 1610 367 1643 Eam
378 1610 464 1652 apud
477 1610 606 1643 Graecos
624 1608 759 1651 viguifle
770 1608 928 1642 testantur
940 1606 1048 1641 noster
1059 1606 1121 1641 Ca-

232 1659 581 1700 non,Constitutiones
595 1657 839 1701 Apostolicag&
851 1656 1005 1700 synodus
1017 1657 1118 1691 Trul-

230 1710 329 1749 lana,
357 1719 512 1743 vocantes
535 1719 607 1742 eam
633 1715 804 1751 xsipmvtm
834 1707 899 1741 five
932 1714 1094 1751 Χημσεμή
1110 1732 1121 1748 ,

231 1758 265 1793 id
278 1759 342 1799 est,
353 1768 470 1792 manus
479 1757 724 1800 impetitionem
740 1757 966 1791 Ecclefiasticae
982 1758 1118 1792 Ordina-

230 1808 335 1842 tionis
359 1807 581 1850 impreffivam.
609 1807 655 1841 Et
670 1806 905 1846 Theosebiam,
920 1807 1027 1841 Sansti
1041 1807 1121 1841 Gre-

230 1857 318 1902 gorii
329 1857 471 1901 Nyffeni
488 1857 643 1900 Episcopi
671 1868 807 1891 uxorem
822 1882 832 1897 ,
859 1855 924 1889 una
947 1868 1024 1890 cum
1046 1857 1119 1890 viro

230 1908 399 1952 Episcopo
411 1908 527 1941 fastam
539 1902 778 1947 Diaconiffarfi,
795 1907 926 1941 Sanstus
940 1904 1120 1952 Gregorius

230 1958 465 1992 Nazianzenus
486 1966 583 1991 vocat
595 1958 667 1991 vere?
688 1956 829 2000 fundam
843 1957 1010 1995 Presbyteri
1024 1959 1119 1998 conJu-

228 2019 297 2051 gem
317 2032 329 2048 ,
354 2007 460 2040 honore
488 2016 594 2049 parem
614 2030 625 2046 ‚
652 2013 770 2051 magnis
810 2007 1003 2041 Diaconalis
1024 2006 1121 2042 Ordi-

233 2057 379 2090 nationis
409 2056 546 2094 mysteriis
572 2058 696 2100 dignam
721 2082 728 2090 .
769 2057 813 2090 Et
836 2058 871 2090 in
900 2057 1120 2092 Ecclefiastica

233 2106 382 2140 Historia
402 2105 637 2141 Theodoretus
647 2105 757 2140 laudat
766 2106 931 2149 quandam
953 2107 1121 2142 foeminam

235 2154 487 2190 Antiochenam
507 2181 519 2197 ,
546 2156 666 2199 pietate
697 2156 858 2190 illustrem
881 2180 892 2196 ‚
929 2159 1112 2190 Diaconatus

233 2216 354 2239 munere
365 2206 507 2239 donatam
521 2231 528 2237 .
556 2205 601 2239 Et
616 2206 770 2240 Hermias
781 2206 991 2240 Zozornenus
1011 2206 1120 2240 laudat

234 2255 422 2290 Nicaretam
446 2254 681 2290 nobilissimam
703 2256 864 2302 virginem
889 2281 900 2297 ,
926 2254 1014 2299 quod
1038 2268 1120 2290 nun·

234 2316 334 2348 quam
345 2304 538 2340 adscendere
551 2307 693 2341 voluerit
703 2307 745 2342 ad
761 2306 959 2341 Diaconiffae
980 2305 1124 2351 dignita·

234 2365 323 2390 tem.
351 2354 479 2391 Laudat
499 2356 533 2390 &
557 2356 792 2400 Olympiadem
817 2356 1061 2391 illustriffimam
1074 2357 1121 2390 vi-

233 2404 332 2440 duam
356 2431 367 2447 ,
404 2417 503 2450 quam
532 2406 704 2441 Nestarius
728 2407 1119 2451 Constantinopolitanus

235 2454 416 2499 Episcopus
429 2459 590 2490 Diaconum
604 2459 778 2492 ordinavit.
807 2457 872 2491 Eas
882 2455 1048 2492 ordinatas
1072 2456 1121 2491 di-

234 2505 280 2540 cit
290 2507 336 2539 ad
360 2510 509 2539 Divinum
531 2506 722 2547 ministerium
741 2533 747 2539 .
777 2507 820 2540 Et
832 2508 966 2541 Sanstus
979 2506 1118 2550 Epipha-

234 2555 310 2590 nius
333 2554 443 2590 scribit
464 2555 506 2589 ad
534 2556 692 2599 Joannem
727 2556 966 2599 Hierosolymae
989 2557 1120 2601 Episco-

235 2615 334 2648 pum:
360 2610 530 2647 Nunquam
549 2617 599 2650 ego
619 2609 765 2641 ordinavi
790 2608 993 2649 Diaconiffas,
1021 2609 1056 2641 Θ
1078 2609 1123 2640 ad

235 2656 314 2687 alias
329 2653 397 2696 misi
403 2658 595 2688 Provincias.
626 2657 670 2691 Et
682 2656 834 2690 adversus
846 2655 975 2690 haerefin
1003 2656 1119 2700 Colly-

236 2704 396 2738 ridianam
417 2729 423 2735 .
452 2703 677 2748 Observandum
698 2706 756 2748 est,
786 2708 867 2749 quod
888 2708 1055 2747 Diaconiffis
1075 2705 1120 2750 fiz-

238 2750 385 2787 lummodo
399 2755 528 2798 indiguit
537 2755 746 2797 Ecclesiasticus
768 2758 865 2789 Ordo.
894 2757 1048 2799 Ejusdem
1060 2761 1118 2792 Or-

235 2802 420 2839 dinationis
441 2805 594 2839 meminit
621 2807 737 2841 Codex
764 2805 1014 2841 Theodofianus
1037 2832 1048 2848 ‚
1086 2807 1120 2841 δε

237 2855 420 2897 frequentet
432 2854 630 2897 Justinianus
640 2857 827 2902 Augustus.

285 2903 380 2938 Hinc
403 2904 566 2949 intelliges
580 2906 755 2941 Canonem
781 2907 888 2941 Sanffi
903 2906 1009 2941 Basilii
1024 2906 1058 2941 in
1069 2905 1121 2940 lit-

235 2953 312 2988 teris
322 2953 362 2988 ad
375 2953 526 2988 Sanstum
540 2954 816 2999 Amphilochium
831 2982 839 2990 .
867 2957 1043 2999 Diaconiffa,
1052 2968 1121 2999 quae

236 3015 302 3037 cum
315 3007 418 3037 Graeco
430 3029 440 3043 ‚
454 3003 487 3038 id
498 3003 544 3039 est
557 3006 676 3049 gentili
688 3029 698 3045 ‚
699 3006 856 3048 fornicata
865 3006 902 3048 est
920 3031 931 3047 ‚
942 3008 987 3040 ad
994 3018 1121 3040 commu-

235 3059 354 3086 nionem
365 3053 572 3097 precum,five
581 3055 834 3090 Confistentiam
847 3059 1015 3099 recipienda
1025 3055 1122 3096 est,ad

235 3102 410 3136 oblationem
431 3112 530 3137 autem
535 3102 661 3147 septimo
682 3118 761 3139 anno
787 3108 987 3147 admittetur,
1009 3105 1121 3150 scilicet

229 3152 260 3195 fi
267 3159 299 3186 in
308 3152 440 3193 castitate
452 3157 551 3186 vitam
563 3164 649 3197 agat.
675 3157 770 3190 Sacra
785 3157 880 3202 virgo
894 3179 904 3196 ,
922 3168 976 3191 aut
990 3156 1090 3191 vidua
1102 3157 1120 3189 a

236 3203 376 3247 simplici
398 3203 610 3238 continentiae
633 3215 711 3239 voto
736 3207 771 3239 in
782 3206 957 3241 moechiam
985 3206 1070 3250 lapsa
1081 3205 1121 3240 ab

237 3254 377 3297 antiquo
388 3252 537 3287 Eccleliae
549 3254 692 3288 Canone
707 3257 917 3298 proscribitur
929 3258 962 3290 in
975 3256 1120 3295 Fletum,

235 3313 293 3337 cur
315 3303 415 3348 igitur
427 3303 617 3337 Diaconiffa
640 3304 781 3347 privatur
800 3305 867 3340 sola
889 3306 1060 3341 oblatione
1082 3317 1120 3339 ac

237 3350 636 3387 Perfestione?Rationem
648 3354 704 3388 dat
716 3354 804 3388 idem
815 3355 988 3389 Bafiliusin
999 3355 1119 3389 eisdem

237 3400 356 3435 litteris
371 3427 378 3434 .
404 3405 468 3446 ,Qut
487 3411 641 3445 peccatum
652 3406 697 3436 ad
716 3413 838 3438 mortem
847 3413 968 3447 peccant
991 3406 1120 3444 Clerici,

190 3446 196 3455 '
239 3450 381 3495 degrada
389 3454 716 3494 quidemdejiciuntur,
741 3456 760 3486 ὰ
773 3458 930 3492 Laicorum
939 3463 1038 3489 autem
1049 3464 1120 3489 com-

336 3500 442 3542 Cbrist.
458 3506 539 3547 Lupi
550 3508 639 3547 oper.
653 3507 782 3540 Tom.1L

1937 139 1998 177 91

1189 211 1322 239 munione
1336 216 1392 238 non
1405 214 1542 238 arcentur
1553 221 1563 239 :
1576 212 1648 240 Non
1660 212 1739 241 enim
1749 208 1917 240 vindicabis
1928 209 2006 242 idem
2017 207 2066 240 bls-

1189 263 1222 289 in
1247 255 1391 299 idipficm.
1419 253 1456 288 ld
1468 255 1536 295 est,
1563 267 1622 298 pro
1634 257 1763 292 mortali
1776 258 1913 292 crimine
1924 259 2064 293 Laicum

1189 307 1449 346 communione,
1476 304 1640 339 Clericum
1661 307 1727 342 sola
1751 306 1986 352 degradatione
2008 319 2065 350 pu-

1190 357 1320 395 nimus,
1345 352 1451 398 neque
1472 355 1592 398 patitur
1611 355 1731 397 justitia
1743 357 1836 401 hujus
1858 357 2064 402 degradatio-

1190 406 1224 440 ni
1249 407 1325 440 addi
1345 406 1379 440 ὃς
1401 405 1798 441 excommunicationem.
1829 407 1933 456 Qod
1957 407 2062 450 ipsum

1189 457 1300 490 statuit
1317 457 1439 490 Canon
1461 455 1636 500 vigesimus
1658 455 1792 498 quintus
1814 458 1896 491 inter
1917 457 2068 501 vulgares

1188 506 1419 550 Apostolicos.
1447 505 1496 540 At
1517 505 1596 540 vero
1619 505 1808 539 Diaconiffa
1829 507 1872 539 est
1896 508 1930 540 in
1945 507 2066 545 clero,

1185 566 1284 599 atque
1306 557 1350 590 ita
1371 556 1441 599 ejus
1460 556 1584 599 lapsum
1608 554 1768 588 carnalem
1788 556 1919 589 Sanctus
1931 558 2066 591 Basilius

1190 607 1258 640 sola
1269 606 1503 650 degradatione
1515 606 1639 639 censuit
1651 607 1712 639 ess'e
1722 604 1946 649 castigandum
1959 632 1965 638 .

1237 655 1311 690 Nec
1324 657 1444 690 obsunt
1464 656 1619 691 Canones
1639 655 1675 688 in
1695 654 1895 690 contrarium
1916 655 2063 691 adduffi.
2108 664 2113 684 ῑ

1184 704 1396 740 Laodicenfis
1409 707 1616 749 nequaquam
1635 705 1676 739 de
1695 704 1958 740 Diaconiffarum
1971 705 2065 739 Ordi-

1184 756 1318 790 natione
1345 756 1415 801 agit
1435 779 1447 795 ,
1472 755 1525 790 sed
1547 756 1589 790 de
1608 756 1725 790 'nescio
1744 766 1878 799 quarum
1901 754 2062 800 seniorum

1182 806 1356 840 mulierum
1379 805 1419 840 ad
1438 807 1550 840 nescio
1573 816 1671 847 quam
1692 806 1726 839 in
1739 804 1879 839 Ecclefia
1897 804 2065 838 Praefestu-

1183 867 1249 890 ram
1266 857 1425 891 electione
1435 879 1446 895 ‚
1468 856 1503 889 &
1514 856 1595 889 citra
1612 866 1728 889 manus
1739 855 1983 898 impositionem
1995 865 2073 898 pro--

1187 907 1337 941 motione
1352 930 1362 945 ,
1387 915 1485 951 quarn
1505 907 1607 949 usque
1627 903 1692 941 huc
1712 905 1862 939 usitatam
1883 904 1951 938 vult
1962 903 2068 938 elimi-

1183 956 1252 990 nari
1281 982 1288 988 .
1329 957 1462 990 Etenim
1475 966 1541 989 vox
1562 956 1674 990 Graeca
1691 981 1702 997 ,
1733 968 1921 996 Σκτισασται,
1949 965 2068 996 nequa-

1182 1018 1283 1049 quam
1304 1017 1419 1040 manus
1428 1005 1670 1049 impofitionem
1692 1016 1749 1040 aut
1759 1005 2040 1041 consecrationem
2053 1028 2066 1045 ,

1183 1055 1237 1090 sed
1263 1056 1440 1100 {implicem
1472 1055 1743 1091 constitutionem
1776 1057 1932 1099 importat
1955 1080 1962 1087 .
1996 1055 2065 1089 Eas

1184 1105 1335 1139 mulieres
1360 1107 1462 1140 verfio
1494 1105 1602 1139 nostra
1631 1106 1732 1141 latina
1767 1105 1936 1150 perperam
1966 1114 2066 1139 vocat

1183 1154 1408 1198 presbyteras.
1437 1154 1539 1189 Recte
1559 1156 1649 1189 enim
1675 1156 1844 1190 adversum
1866 1154 2066 1198 Collyridia-

1185 1217 1245 1239 nos
1265 1206 1398 1240 Sanetus
1420 1203 1646 1249 Epiphanius:
1672 1204 1831 1248 Nusquam
1856 1205 2063 1242 Presbytridas

1182 1254 1324 1295 constituit
1336 1254 1478 1297 Ecclefia.
1507 1255 1551 1287 Et
1565 1254 1714 1289 Canonis
1736 1255 1918 1290 Laodiceni
1943 1265 2065 1298 graecus

1183 1315 1290 1339 textus
1301 1315 1369 1339 non
1382 1304 1494 1345 habet,
1519 1311 1719 1349 arpeo-{vrrp13oer
1729 1330 1740 1346 ‚
1753 1305 1807 1339 sed
1825 1312 2018 1350 πρεσζυτιδκς,
2028 1304 2064 1338 id

1183 1354 1228 1390 est
1239 1379 1250 1396 ‚
1278 1356 1366 1389 senes
1379 1379 1390 1395 ,
1415 1366 1495 1399 quas
1518 1355 1619 1400 aliqui
1640 1355 1733 1389 fuisse
1751 1365 1867 1398 putant
1890 1355 2064 1389 Diaconis-

1184 1406 1286 1439 sarum
1299 1406 1464 1439 Praefeaas
1480 1405 1610 1448 &quali
1638 1404 1742 1440 Archi
1755 1422 1767 1431 -
1782 1405 1953 1439 Diaconas
1963 1427 1974 1443 ‚
1998 1415 2034 1437 ea
2042 1405 2065 1436 s-

1184 1466 1247 1499 que
1268 1455 1310 1490 ab
1336 1455 1396 1489 ista
1419 1455 1558 1498 synodo
1577 1455 1758 1490 eliminari.
1786 1454 1973 1489 Videantur
1994 1453 2064 1487 illic

1183 1504 1387 1539 Theodorus
1406 1503 1583 1539 Balsamon
1605 1506 1639 1539 δε
1657 1506 1797 1549 Joannes
1809 1505 1974 1540 Zonaras.
2002 1504 2066 1538 Ni-

1183 1566 1308 1589 caenum
1319 1556 1495 1589 Canonem
1518 1556 1664 1590 suoloco
1676 1555 1833 1599 exposui,
1855 1555 2064 1597 nostramque
2104 1596 2108 1601 .
2154 1587 2157 1589 .

1184 1605 1421 1648 expositionem
1434 1604 1548 1639 Petrus
1559 1604 1722 1640 Arcudius
1734 1604 1861 1640 erudite
1869 1605 2043 1640 confirmat
2052 1629 2061 1636 .

1185 1655 1453 1689 Diaconiffarum
1490 1654 1588 1698 porro
1618 1655 1822 1690 consecratio
1846 1657 1864 1690 ὲ
1890 1655 2063 1700 virginum
2085 1678 2105 1709 L
2118 1680 2137 1709 5
2162 1686 2180 1709 c
2196 1688 2230 1709 ¹0

1184 1705 1429 1740 consecratione
1447 1703 1619 1740 differebat
1640 1705 1840 1750 plurimum,
1866 1705 2006 1749 ideoque
2017 1705 2062 1738 vi·
2108 1699 2114 1708 '
2137 1700 2143 1708 ”
2181 1699 2189 1708 ’
2231 1699 2240 1709 ’

1185 1755 1258 1790 duis
1281 1764 1405 1799 poterat
1424 1754 1565 1789 omnino
1586 1754 1733 1800 impendi
1755 1783 1762 1790 .
1790 1756 1912 1790 Varios
1934 1756 2067 1790 Graeco-

1185 1817 1257 1840 rum
1280 1805 1429 1841 Rituales
1448 1805 1547 1840 libros
1568 1830 1581 1846 ‚
1607 1818 1680 1841 eam
1702 1804 1938 1841 distinctiffime
1958 1806 2066 1850 expri-

1185 1866 1330 1897 mentes,
1356 1866 1457 1900 nuper
1481 1855 1660 1900 publicavit
1673 1857 1813 1900 Joannes
1835 1856 2010 1890 Morinus.

1235 1905 1350 1941 Altera
1370 1906 1502 1951 quaestio
1515 1906 1560 1940 est
1572 1930 1583 1947 ‚
1610 1905 1669 1940 An
1688 1904 1756 1940 haec
1769 1906 1947 1940 Ordinatio
1968 1906 2068 1940 suerit

1186 1966 1296 1990 verum
1320 1955 1470 1990 Ecclesiae
1486 1957 1754 1992 Sacramentum?
1780 1956 1911 1991 Partem
1931 1957 2067 1990 affirma-

1185 2007 1286 2041 tivam
1313 2006 1443 2041 suadere
1469 2006 1599 2041 videtur
1625 2006 1735 2041 noster
1766 2009 1898 2050 praesens
1925 2006 2065 2047 Canon,

1185 2056 1298 2091 dicens
1321 2067 1395 2091 eam
1416 2056 1557 2091 conferri
1579 2067 1636 2100 per
1659 2068 1777 2090 manus
1801 2057 2042 2100 impositionem
2057 2081 2064 2088 .

1187 2107 1230 2139 Et
1251 2106 1336 2150 apud
1347 2106 1481 2140 Petrum
1503 2106 1687 2140 Arcudium
1712 2104 1888 2140 Matthaeus
1909 2106 2066 2139 Blastares

1185 2155 1266 2189 dicit
1289 2156 1427 2189 conferri
1452 2166 1506 2199 per
1517 2154 1583 2189 haec
1595 2157 1792 2190 Ordinantis
1819 2157 1974 2199 Episcopi
1996 2166 2067 2190 ver-

1187 2205 1246 2238 ba:
1274 2209 1384 2238 Gratia
1404 2209 1543 2247 Divina,
1569 2217 1635 2248 quae
1655 2205 1776 2248 infirma
1793 2204 1888 2249 sanat
1910 2207 1944 2240 ⁴&
1959 2212 2065 2248 imper-

1177 2255 1266 2297 feHa
1286 2255 1404 2297 perficit
1425 2280 1436 2296 ,
1461 2255 1538 2289 banc
1562 2257 1762 2290 reverendam
1786 2260 1830 2289 N.
1852 2264 2005 2299 promovet
2030 2262 2063 2288 m

1184 2307 1343 2339 Diaconum
1355 2331 1362 2337 .
1391 2304 1440 2339 At
1451 2305 1529 2339 vero
1548 2306 1666 2340 eodem
1686 2306 1751 2340 ritu
1762 2316 1997 2350 promoventur
2018 2306 2065 2338 vi-

1184 2355 1229 2396 ri,
1258 2367 1358 2399 eaque
1378 2357 1452 2390 sunt
1471 2356 1635 2390 essentiale
1656 2355 1856 2391 elementum
1882 2356 2064 2391 &verbum

1183 2406 1382 2440 sacramenti
1396 2407 1590 2440 Diaconalis
1602 2431 1609 2438 .
1636 2406 1755 2440 Eidem
1768 2417 1900 2450 quoque
1913 2416 2004 2441 erant
2025 2406 2066 2438 ri-

1183 2466 1234 2490 tus
1245 2455 1461 2491 accidentales
1473 2456 1636 2501 utriusque
1647 2456 1879 2492 ordinationis
1891 2481 1901 2496 ‚
1927 2456 2064 2491 eaedem-

1182 2518 1245 2550 que
1270 2506 1370 2541 ferme
1391 2506 1614 2550 precationes,
1640 2516 1737 2548 atque
1750 2507 1825 2540 ideo
1844 2506 1937 2541 addit
1957 2506 2065 2540 noster

1182 2558 1304 2592 Canon
1325 2581 1337 2596 ,
1365 2557 1453 2600 quod
1477 2557 1666 2591 Diaconisia
1694 2556 1779 2600 lapsa
1801 2555 1922 2600 irroget
1943 2565 2065 2590 contu-

1182 2607 1315 2642 meliam
1326 2607 1457 2645 Diyinae
1480 2607 1610 2651 gratiae,
1634 2605 1750 2649 utique
1772 2618 1812 2642 ex
1831 2605 2065 2639 Ordinationis

1182 2668 1279 2701 opere
1299 2667 1433 2700 operato
1453 2657 1621 2700 susceptae.
1648 2655 1766 2700 Neque
1791 2657 1887 2689 refert
1902 2655 1989 2689 Petri
2002 2654 2065 2688 Ar·

1182 2707 1271 2741 cudii
1292 2707 1472 2750 responsio:
1500 2710 1555 2740 Ex
1568 2705 1745 2749 quibusdam
1766 2710 1898 2747 antiquis
1913 2729 1924 2745 ,
1951 2703 2064 2748 scupo-

1181 2758 1242 2790 tiis
1263 2756 1431 2799 apocryphis
1443 2756 1633 2801 Eutbologiis
1657 2757 1783 2798 loquitur
1806 2755 1979 2796 Blastarius
1991 2779 2001 2795 ‚
2029 2755 2066 2787 (ψ

1180 2808 1259 2850 quod
1281 2807 1318 2840 de
1345 2806 1447 2848 forma
1468 2831 1479 2847 ‚
1505 2806 1680 2842 DIVINA
1706 2805 1894 2839 GRATIA
1918 2829 1930 2846 ,
1955 2804 2065 2838 ETC.

1182 2859 1275 2898 dicit,
1300 2857 1511 2900 erroneumff
1523 2858 1648 2898 judico,
1674 2856 1866 2896 haereticum,
1894 2854 2062 2897 improban-

1181 2908 1275 2947 dum,
1303 2909 1420 2940 omnino
1431 2909 1621 2948 rejiciendum
1633 2932 1640 2938 .
1668 2907 1801 2940 Etenim
1817 2905 1975 2939 Blastario
1998 2904 2066 2947 jam

1185 2958 1314 2991 laudata
1336 2957 1484 2991 Ritualia
1506 2957 1696 2992 attestantur
1713 2979 1725 2997 ,
1751 2955 1991 3000 ostenduntque
2003 2953 2066 2988 Ar⁴

1182 3007 1318 3042 cudium
1332 3006 1462 3050 peffime
1474 3008 1619 3043 censere.

1233 3056 1434 3100 Respondet>
1456 3065 1567 3091 tamen
1590 3068 1663 3092 eam
1683 3056 1942 3093 ordinationem
1964 3056 2064 3091 nulla-

1183 3107 1276 3141 tenus
1297 3107 1360 3140 effe
1379 3107 1620 3141 Sacramentum
1640 3130 1650 3146 ‚
1678 3107 1732 3142 sed
1754 3109 1854 3143 ritum
1877 3107 1964 3142 mere
1975 3117 2065 3140 caere-

1182 3156 1360 3190 monialem
1380 3155 1422 3190 ab
1445 3155 1585 3190 Ecclefia
1609 3157 1795 3192 institutum
1817 3183 1825 3189 .
1853 3157 1953 3192 Reste
1973 3156 2065 3190 enim

1183 3206 1411 3240 Tertullianus
1436 3204 1471 3239 in
1508 3205 1594 3241 libro
1621 3206 1663 3241 de
1690 3207 1834 3241 velandis
1866 3205 2062 3250 virginibus.

1185 3260 1256 3289 Non
1273 3260 1458 3297 permittitur
1483 3256 1599 3290 mulieri
1620 3264 1653 3290 tn
1666 3257 1793 3299 Ecclefia
1818 3259 1915 3298 loqui,
1938 3253 1995 3298 sed
2016 3265 2066 3288 nec
2086 3256 2157 3293 Cap.
2175 3265 2199 3290 9-

1184 3308 1299 3344 docere,
1325 3315 1376 3339 nec
1386 3311 1520 3350 ungere,
1547 3319 1598 3340 nec
1623 3307 1725 3347 offirre
1740 3331 1750 3345 ,
1778 3317 1828 3339 nec
1853 3306 1941 3339 ullius
1963 3306 2066 3338 virilis

1186 3361 1334 3396 muneris,
1360 3357 1469 3389 nedum
1488 3358 1683 3390 sacerdotalis
1704 3357 1784 3397 officii
1794 3354 1904 3398 sortem
1928 3357 2067 3389 vindica-

1185 3418 1232 3438 re.
1259 3405 1360 3451 Qd
1385 3406 1489 3449 ipsum
1511 3407 1628 3449 repetit
1654 3406 1688 3438 in
1716 3406 1799 3439 libro
1821 3405 1861 3439 de
1876 3406 2067 3449 Baptism0‚

1189 3455 1311 3491 addens
1336 3455 1448 3499 scripta
1474 3456 1530 3491 illa
1550 3480 1562 3499 ,
1591 3467 1661 3500 quae
1684 3456 1817 3490 Sanetus
1840 3456 2068 3498 Hieronymus
2087 3447 2158 3486 0³1³·
2177 3457 2217 3480 ¹⁷·

1668 3506 1708 3539 M
1761 3517 1782 3542 2
1983 3505 2017 3538 in

2087 1181 2241 1222 meres-79.
