2340 3736
106 1416 219 1457 Epist-6.

105 1684 218 1725 Epist.7.

103 2258 220 2297 Epist-8.

359 173 414 214 52

285 242 533 286 Hierosolymitani
547 270 557 285 ,
585 247 620 279 ό·
640 243 883 288 Theffalom'eenfis
901 270 907 276 .
934 244 1072 278 Omittit
1093 241 1154 276 An*

285 293 479 328 riochenum
504 319 514 335 ,
551 293 638 338 quod
661 294 754 329 illum
776 293 906 330 haberet
926 294 1158 328 Nestorianum

284 343 331 376 ob
348 343 449 387 spreta
467 345 574 379 Sanffi
598 343 715 387 Cyrilli
736 343 887 388 Capitula
906 369 917 384 ‚
953 344 986 377 δε
1004 344 1161 380 violatam

286 393 374 428 ilius
395 405 527 437 pacem.
555 393 604 428 At
623 393 700 429 vero
719 395 905 429 Florentius
929 393 1087 430 Patricius
1109 403 1161 426 ne-

285 445 377 489 gavit
399 441 619 488 Eutychetem
643 445 812 489 :ppellaffe
832 470 839 476 .
868 443 968 477 Turba
986 468 997 483 ,
1031 443 1137 486 inquit
1151 466 1162 481 ,

281 494 370 537 falla
391 493 428 536 est
446 518 457 534 ‚
485 495 519 528 Θ
545 493 672 538 diffoluto
692 502 835 529 conventu
857 495 939 528 dixit
959 495 1003 527 ad
1019 505 1065 526 me
1081 491 1163 533 filen-

286 554 330 579 ter
350 543 493 582 Eutyches
505 569 516 586 ‚
538 546 695 586 appellans
716 549 898 584 Romanum,
924 545 959 579 ά·
979 545 1163 586 AEgyptum‚

287 597 322 631 (9·
346 594 630 638 Hierosohmltanum
650 596 809 629 Concilium
828 600 838 625 .·
862 597 908 625 Et
931 604 979 637 ego
995 593 1163 625 arbitratus

287 645 422 679 indecens
442 645 491 687 effe
510 645 602 679 latere
622 644 673 678 boc
692 644 899 685 Sanc‘lisfimum
917 645 952 679 (τ
970 639 1162 684 Reverendiss

280 694 386 737 fimum
406 693 684 738 Arcbt-Episcopum
705 694 889 728 Flavianum
901 717 912 733 ‚
937 691 1096 736 abscedens
1118 693 1163 724 di—

286 751 321 779 x}
342 751 387 778 ei.
415 744 459 778 Et
479 743 609 778 Bafilius
631 745 807 789 Episcopus
829 742 1033 782 Seleucienfis
1046 767 1053 775 .
1078 744 1164 783 Scio;

286 800 356 837 quia
378 795 459 830 dixit
479 792 626 838 religiosus
651 794 899 829 Archimaendrita
920 792 1064 832 Eutyches
1088 816 1099 831 ,
1127 790 1165 827 Sl

285 843 646 880 PRAECEPERINT
667 844 777 879 MIHI
798 843 984 878 PATRES
1008 839 1165 877 ROMA-

285 893 386 931 NUS
407 894 473 930 ET
493 892 882 932 ALEXANDRINUS
893 893 1072 932 DICERE
1084 889 1163 924 duas

284 953 434 986 naturas,
460 944 577 980 Dico
597 943 700 982 HOC
720 943 888 980 lPSUM.
917 947 979 976 Hoc
996 951 1163 974 autemnon

285 994 370 1039 quafi
386 995 539 1036 appellans
561 995 666 1033 dlxit,
688 993 746 1037 sed
765 995 865 1027 dicens
887 1006 894 1025 :
924 991 1030 1026 NON
1057 991 1162 1026 SUM

285 1045 451 1081 AUSUS
484 1043 664 1080 DICERE
694 1043 922 1078 PROPTER
954 1041 1161 1075 PATRES.

286 1095 329 1129 Et
350 1095 416 1138 ipse
439 1095 570 1128 Sanctus
592 1092 765 1126 Flavianus
786 1118 793 1124 .
831 1097 905 1125 Non
923 1094 1030 1125 audivi·
1052 1102 1101 1134 ego
1125 1091 1163 1123 ab

283 1146 331 1177 illo
354 1169 364 1184 ,
385 1142 444 1186 sed
462 1145 482 1175 ἱ
502 1142 775 1186 magnificenttffimo
795 1145 926 1176 Patricio
951 1166 961 1183 ‚
999 1140 1164 1184 diseedeme

283 1205 327 1226 me
356 1199 388 1225 in
414 1191 552 1235 superius
588 1192 743 1238 hospitium
770 1192 838 1235 post
858 1191 985 1236 solmam
1004 1192 1162 1230 synodum.

281 1243 384 1292 Qod
407 1243 511 1288 ipsum
534 1242 589 1280 alii
611 1254 726 1278 omnes
748 1243 902 1286 Episcopi
920 1243 994 1276 sunt
1004 1241 1162 1277 attestati.

281 1292 415 1329 Ethinc
436 1291 611 1336 appellatio
637 1305 705 1327 non
725 1292 788 1328 fuit
813 1294 929 1331 inserta
941 1292 1033 1326 Actis
1051 1317 1058 1324 .
1096 1291 1164 1335 Ap-

281 1342 422 1388 pellandi
445 1342 595 1376 fiduciam
617 1343 694 1378 fecit
716 1343 883 1387 Epistola,
908 1343 984 1380 data
1005 1340 1070 1376 hoc
1092 1342 1161 1385 ipso

280 1404 370 1427 anno
390 1403 466 1427 ante
486 1392 657 1437 Synodum
678 1391 834 1428 Kalendis
861 1393 964 1436 Juniis
986 1417 998 1433 ‚
1034 1403 1099 1435 qua
1125 1391 1161 1424 il-

280 1443 349 1477 lum
379 1445 516 1480 sanstus,
546 1443 617 1477 Leo
649 1443 804 1478 Pontifex
834 1444 875 1481 ad
897 1442 1024 1479 strenue
1043 1451 1156 1476 contra

280 1493 496 1529 Nestorianos
542 1492 731 1529 certandum
777 1494 938 1528 animarat
965 1505 973 1524 ε
1009 1493 1160 1525 Sanctum

281 1555 419 1588 namque
450 1542 643 1581 Flavianum
674 1544 708 1577 ἀ
732 1554 866 1580 omnem
890 1543 962 1576 istic
984 1541 1163 1574 Ecclesiam

280 1594 321 1627 de
353 1605 461 1628 errore
492 1593 552 1626 illo
579 1617 590 1633 ,
625 1592 793 1637 quomodo
827 1590 915 1638 apud
938 1592 1160 1630 Dioscorum,

279 1646 324 1679 ita
347 1646 381 1678 δε
403 1642 488 1689 apud
513 1643 634 1686 Papam
655 1644 832 1681 accusarat.

329 1694 410 1737 Ejus.
431 1693 501 1737 post
523 1692 692 1735 Synodum
715 1692 888 1728 mendacia
911 1691 945 1727 &
967 1690 1161 1733 petulantIas

281 1743 389 1779 scribit
420 1744 507 1778 idem
538 1743 695 1778 Pontifex
729 1743 768 1777 ad
794 1739 1020 1778 Theodosium
1045 1739 1160 1784 Augu-

280 1797 365 1829 ilum
393 1819 401 1829 r

280 1847 456 1879 turbationis
477 1845 616 1877 acciderit
639 1868 649 1884 ,
686 1844 768 1885 quod
777 1844 837 1875 sta
852 1841 984 1883 fratrem
1006 1841 1040 1873 (u
1061 1844 1160 1882 Coepi-

276 1895 392 1939 scopum
424 1894 549 1934 nostrum
580 1894 769 1928 Flavianum
796 1896 929 1934 potuerit
958 1901 1135 1923 commovere
1149 1913 1159 1929 ,

280 1956 315 1979 ut
349 1944 497 1985 Eutychen
534 1944 736 1987 Presbyterum
767 1947 964 1977 communione
995 1946 1136 1982 privaret
1149 1963 1158 1978 ‚

281 1996 408 2029 nondum
436 1999 584 2036 potuimus
605 1995 758 2026 evidenter
778 1990 937 2035 cognoscere
957 2015 964 2022 .
1006 1992 1159 2033 ‚Quamvis

281 2051 360 2079 enim
387 2044 554 2086 praedidlus
589 2043 742 2085 Presbyter
772 2043 816 2074 ad
845 2042 950 2078 sordem*
974 2038 1159 2081 Apostoltcam

276 2104 330 2137 per
351 2094 480 2128 libellum
501 2095 607 2126 doloris
624 2092 674 2135 sui
695 2097 910 2134 querimoniam
928 2088 1039 2132 miserit
1062 2112 1072 2128 ‚
1098 2089 1159 2125 bre-

280 2150 359 2178 viter
381 2154 484 2177 tamen
500 2145 602 2185 aliqua
615 2143 817 2184 praelibaviss
843 2140 984 2181 adserens
1002 2138 1035 2182 se
1058 2143 1161 2171 Nicae-

276 2203 329 2228 ‘nae
345 2195 418 2237 fidei
439 2192 594 2235 constituta
612 2191 789 2236 servantem
806 2188 925 2231 frustra
944 2187 1015 2230 fidet
1042 2187 1160 2229 diversi-

281 2255 345 2278 tate
364 2245 530 2286 culpatum.
558 2243 603 2275 Et
623 2243 660 2275 inv
681 2241 795 2274 litteris
814 2238 854 2272 ad
866 2241 1015 2273 Sanctum
1033 2237 1157 2270 Flavia-

281 2306 360 2328 num
383 2317 390 2326 .
430 2297 599 2334 Accepimus
624 2291 752 2323 Itbellum
779 2289 950 2327 Eutychetis
974 2287 1158 2327 Presbyteri,

280 2351 331 2387 qul
361 2341 395 2386 se
413 2348 548 2387 queritur
568 2339 727 2383 accusante·
743 2337 870 2381 Eusebio
893 2335 1036 2379 Episcopo
1059 2342 1157 2370 imme-

279 2396 338 2427 rito
357 2399 552 2426 communione
566 2397 728 2434 privatum
740 2415 750 2428 ,
776 2389 905 2421 maxime
925 2388 995 2419 ciem
1004 2395 1157 2420 evocatum

276 2440 310 2489 se
329 2442 456 2487 adfutffe
475 2441 588 2484 testetur
601 2466 615 2481 ‚,
641 2451 692 2473 nec
710 2438 758 2482 fin·
775 2436 972 2480 prasentiam
990 2436 1136 2479 denegasse
1148 2461 1158 2475 ,

280 2495 355 2528 adeo
386 2501 420 2526 ut
450 2497 482 2525 in
513 2491 576 2536 ipso
587 2492 699 2532 ‚iudicio
717 2489 846 2523 libellum
866 2488 1074 2529 appellationis
1092 2484 1158 2528 suae

275 2543 309 2587 se
341 2543 449 2586 afferat
481 2542 613 2584 obtullffir
636 2565 647 2580 ,
684 2550 734 2572 nec
755 2548 856 2573 tamen
870 2537 955 2579 fuiffe
969 2534 1151 2579 susceptum,

280 2606 339 2636 qua
357 2598 472 2626 ratione
493 2589 659 2634 compulsus-
672 2588 710 2631 fit
729 2614 740 2630 ,
767 2597 801 2622 ut
819 2587 1029 2624 contestatorios
1047 2585 1156 2622 libellos

281 2651 313 2676 in
345 2641 671 2684 Constantinopolitana
695 2639 766 2672 urbe
785 2645 956 2681 proponeret
982 2661 989 2668 .
1027 2636 1158 2669 Tantas

280 2694 360 2727 civit
380 2692 490 2727 turbas
517 2702 603 2725 unus
621 2688 803 2724 monachus
823 2713 834 2728 ,
860 2687 915 2730 qui
937 2687 969 2720 se
989 2686 1024 2719 in
1047 2696 1159 2721 mona-

281 2743 398 2782 sterio,
425 2741 512 2786 quafi
531 2741 567 2776 in
589 2739 780 2784 sepulchro,
805 2738 922 2781 degere
939 2735 1157 2780 gloriabatur..

283 2792 389 2834 Eique
407 2792 424 2825 a
442 2788 653 2836 Chrysaphio
669 2786 832 2823 Eunucho
843 2786 969 2821 delusus
982 2786 1155 2828 Princeps,

282 2853 352 2874 non
381 2842 508 2875 tantum
538 2841 575 2875 in
608 2840 740 2874 civitate
762 2837 869 2881 Regia
895 2860 906 2876 ,
942 2835 996 2869 sed
1019 2836 1052 2869 &
1075 2835 1157 2878 apud

283 2890 479 2925 Pontificem
492 2899 642 2933 potenter
662 2887 934 2931 adstipulabatur.
954 2885 1063 2919 Etiam
1074 2882 1158 2927 apud

283 2942 434 2974 Sanctum
465 2941 597 2974 Petrum
628 2938 873 2982 Chrysologum
898 2936 1062 2971 Ravennae
1088 2935 1159 2968 Me-

283 2989 471 3032 tropolitam
491 2990 611 3024 effutiit
630 2989 685 3024 ille
703 2990 757 3022 sua
777 2985 948 3021 mendacia
971 3009 982 3025 ‚
1010 2986 1043 3018 in
1069 2984 1158 3028 cujus

284 3039 403 3073 litteris
437 3039 643 3082 responsoriis
673 3036 817 3073 notanda.
848 3037 922 3071 sunt
953 3033 1019 3068 haec
1043 3035 1157 3068 verba:

286 3094 352 3122 Nos
371 3097 427 3131 pro
441 3087 534 3127 studio
549 3095 635 3131 pacis
656 3114 667 3130 ,
695 3090 729 3123 (9¹
746 3087 817 3131 fidei
838 3110 850 3126 ,
884 3096 973 3119 extra
993 3082 1161 3127 consensum

287 3143 429 3172 Romanae
455 3143 588 3171 civitatis
612 3137 749 3181 Episcopi
767 3134 871 3179 causas
890 3135 961 3177 fidei
978 3136 1080 3168 audire
1104 3146 1161 3166 non

282 3190 428 3231 possumus
445 3210 452 3220 .
480 3181 581 3234 Qod
603 3187 719 3230 nempe
741 3188 795 3221 ille
817 3186 916 3220 etiam
936 3187 973 3220 in
993 3184 1087 3229 plena
1109 3185 1162 3218 sua

289 3237 496 3272 patriarchali
522 3237 658 3282 Synodo
680 3238 716 3270 fit
738 3236 824 3270 solus
849 3236 923 3270 fidei
945 3235 1046 3280 Judex
1074 3260 1080 3267 .
1118 3235 1162 3269 Et

290 3289 445 3330 quoniam
468 3286 640 3321 Flavianus
664 3309 674 3325 ,
701 3287 810 3319 neseio
831 3297 894 3329 qua
916 3285 957 3318 de
977 3286 1070 3319 causa
1089 3296 1163 3318 con·

290 3347 337 3370 tra
363 3337 534 3379 antiquum
556 3337 729 3370 Canonem
749 3334 917 3368 &morem
932 3359 942 3373 ‚
967 3333 1164 3376 Synodisuae

292 3387 375 3419 Aeta
398 3385 539 3419 Romam
561 3397 630 3420 non
641 3385 816 3423 retulerat,
843 3383 979 3417 haerebat
991 3384 1163 3422 Pontifex,

291 3433 449 3469 mandans
472 3435 577 3468 statim
597 3436 701 3469 referri
720 3459 730 3475 ,
757 3434 884 3477 unaque
902 3433 988 3466 mitti
1006 3445 1111 3478 aptam
1123 3445 1165 3468 re—

293 3484 410 3520 lationi
431 3485 626 3527 exponenda:
638 3486 824 3533 personam.
847 3482 959 3519 Paruit
970 3483 1160 3520 Flavianus:

438 1795 527 1841 ‚Quid
550 1800 583 1828 in
607 1793 928 1839 constantinopolitana
951 1789 1075 1831 Ecclesia
1090 1797 1158 1831 per·
1179 1798 1181 1801 ’

867 161 1498 205 DIsSERTArlo

1232 242 1312 298 'Atq3
1325 243 1550 280 itainstruelus
1571 247 1727 284 Pontifex
1748 250 1816 294 ejus
1836 251 1868 285 in
1886 253 2106 297 Eutychetem

1229 291 1389 337 judicium
1415 296 1622 331 confirmavit
1640 310 1695 341 per
1713 311 1844 335 auream
1871 302 1960 337 illam
1980 304 2108 349 Episto-

1228 343 1293 377 lam
1311 367 1322 382 ‚
1356 343 1483 387 Synodi
1504 343 1711 386 postmodum
1731 349 2007 389 Chalcedonensis
2026 356 2108 390 dire-

1226 393 1355 430 &ricem
1378 393 1568 428 columnam
1592 418 1603 435 2
1630 404 1679 432 tut
1699 399 1984 443 Eutychianorum
2008 406 2109 442 insul-

1227 441 1315 476 tibus
1336 443 1504 477 arietatam
1517 468 1528 484 ,
1555 455 1651 487 quam
1664 469 1674 486 .
1699 450 1748 482 uti
1768 451 1809 484 ad
1830 452 1963 487 Histriae
1974 455 2108 498 Episco·
2170 484 2175 490 .

1227 503 1285 536 pos
1308 492 1416 529 scribit
1437 493 1589 538 Pelagius
1619 497 1796 539 secundus,
1819 503 1930 543 paffim
1952 516 2106 541 vocamus
2125 484 2240 523 Ep¹st'5'

1228 546 1348 575 Tomum
1371 544 1472 580 sanc¹7i
1495 548 1592 586 Papae
1614 550 1720 579 Leonis
1744 572 1751 579 .
1788 548 1878 584 Solet
1898 554 1986 588 enim
2009 580 2020 596 ‚
2055 555 2105 589 uti
2125 562 2256 602 Epist55.

1230 592 1340 626 scribit
1362 593 1498 631 Sanetus
1521 595 1705 638 Cyprianus
1722 621 1733 637 ‚
1773 603 1891 634 veritas
1905 603 1965 645 post
1985 606 2108 640 menda.

1226 648 1274 680 cia
1295 646 1422 675 Romam
1443 650 1592 688 navigare
1604 670 1612 678 .

1269 690 1403 726 ⁴Verum
1438 705 1617 729 contumax
1638 694 1781 731 haeretici
1804 698 2003 742 Eutychetis
2022 704 2110 748 spiri·

1226 750 1278 776 tus
1302 753 1408 786 neque
1428 753 1508 778 tunc
1529 745 1709 788 acquievit.
1738 747 1849 782 Etiam
1861 749 2012 786 Sanctum
2026 752 2110 787 Leo-

1229 802 1305 825 nem
1332 793 1493 826 accusavit
1517 794 1718 830 Nestor-ianae
1739 796 1858 832 haer‘esis
1879 824 1890 840 ‚
1917 800 1959 834 ab
1978 800 2045 844 ejus
2064 802 2110 845 ju-

1226 841 1315 875 dicio
1337 852 1505 886 tamquam
1534 843 1731 883 Nestoriano
1751 849 1925 892 appellavit
1947 851 1988 885 ad
2011 861 2111 895 gene-

1225 891 1323 925 ralem
1345 891 1496 927 Ecclesiae
1516 894 1687 937 synodum
1716 909 1758 931 ex
1781 899 1894 933 rebelli
1921 900 2110 936 Eusebianae

1225 941 1375 981 factionis
1407 942 1556 980 adversus
1587 945 1704 985 Sedem
1732 948 1959 991 Apostolicam
1981 952 2117 994 privile·.

1225 992 1284 1036 gio
1309 1016 1320 1035 ,
1355 1003 1454 1037 atque
1488 994 1532 1028 ita
1562 995 1660 1029 unius
1685 997 1840 1034 monachi
1871 1010 1926 1044 per
1952 1000 2107 1035 Dioscori

1227 1041 1444 1081 Alexandrini
1476 1043 1667 1079 Patriarchae
1698 1043 1962 1088 malevolentiam
1986 1061 2108 1088 armata

1225 1092 1385 1135 imperitia
1415 1096 1522 1137 coepit·
1540 1106 1674 1129 omnem
1709 1096 1898 1135 Romanam
1919 1098 2110 1144 Rempubli-

1225 1154 1296 1176 cam
1330 1144 1364 1177 &
1393 1144 1574 1183 universam
1599 1146 1657 1179 sub
1680 1148 1764 1180 coelo
1786 1148 1965 1186 Ecclesiam
1987 1149 2110 1194 tragice

1225 1193 1375 1228 arietare.
1403 1193 1588 1230 Audaciam
1608 1195 1779 1230 exhorruit
1792 1199 1927 1232 Sanstus
1939 1199 2011 1237 Leo
2024 1199 2111 1234 Pou-

1224 1243 1326 1283 tifex,
1353 1243 1534 1278 inclamans
1558 1256 1622 1279 rem
1636 1270 1646 1286 ,
1673 1248 1710 1280 de
1733 1259 1795 1289 qua
1813 1248 1959 1291 agebatur
1975 1273 1987 1289 ,
2017 1259 2110 1293 utpo-

1225 1293 1256 1329 te,
1275 1293 1374 1328 etiam
1397 1296 1502 1337 pueris
1524 1307 1637 1329 notam
1663 1307 1705 1329 ex
1726 1298 1837 1340 primis
1859 1297 2051 1334 Christianae
2073 1299 2111 1332 fi·
2126 1280 2281 1351 {hbeat-

1225 1342 1277 1377 dei
1297 1343 1467 1380 elementis
1487 1369 1498 1384 ,
1534 1356 1722 1388 nequaquam
1738 1345 1872 1390 finodali
1894 1349 2026 1391 indigere
2049 1359 2110 1381 tra·
2126 1342 2258 1398 Epjstsffi,

1223 1392 1304 1429 elatu
1325 1405 1340 1434 ;
1373 1402 1474 1430 tamen
1499 1419 1509 1433 ‚
1547 1395 1655 1430 scribit
1679 1394 1721 1429 ad
1745 1395 1972 1431 Theodosium
1997 1398 2110 1443 Augu-

1225 1442 1330 1482 stum,
1355 1455 1450 1478 meum
1462 1445 1596 1485 studium
1617 1447 1805 1483 commodans
1832 1472 1842 1487 ‚
1868 1456 1904 1481 ut
1927 1449 2105 1483 Clementia

1224 1492 1327 1534 vestrae
1347 1492 1472 1533 statutis
1493 1494 1527 1527 ὃς
1562 1495 1758 1539 importunis
1792 1497 1887 1533 sacris
1916 1497 2109 1540 jussionibus

1223 1542 1408 1586 aliquatenus
1431 1553 1579 1586 pareatur
1604 1569 1615 1585 ‚
1653 1545 1825 1593 Synodum
1849 1546 1967 1584 indulsi
1986 1571 1996 1580 .
2023 1548 2111 1582 Cau·
2169 1587 2175 1593 ,

1224 1593 1288 1627 sam
1311 1593 1410 1631 edicit
1430 1595 1465 1627 in
1487 1594 1550 1628 alia
1572 1595 1615 1633 ad
1635 1595 1777 1630 eundem
1799 1597 1944 1640 Epistola
1967 1620 1975 1629 .
2014 1599 2109 1630 Lim·
2127 1585 2261 1626 EP¹st·¹⁹·

1222 1648 1265 1675 ris
1297 1644 1470 1677 ClementIae
1491 1643 1595 1683 vestrae
1615 1668 1626 1683 ‚
1650 1657 1728 1686 quas
1749 1647 1865 1681 dudum
1885 1648 1930 1681 ad
1948 1646 2027 1680 beat}
2051 1649 2108 1680 Pe-

1222 1697 1262 1724 tri
1297 1692 1418 1734 Apostoli
1447 1695 1548 1726 Sedem
1572 1701 1629 1737 pro
1648 1694 1798 1727 catholicae
1817 1694 1892 1736 fidei
1914 1706 2014 1731 amore
2035 1695 2109 1738 mifi-

1216 1741 1270 1778 stis
1289 1766 1300 1785 ³.
1326 1752 1445 1775 tantam
1464 1744 1606 1784 fiduciam
1622 1742 1800 1786 sumpsimus
1826 1744 2028 1786 defendendae
2048 1754 2108 1787 per

1221 1802 1275 1825 vos.
1298 1797 1438 1825 writatis
1462 1794 1496 1825 &
1513 1799 1600 1833 pacis.
1619 1817 1630 1832 ‚
1668 1802 1702 1826 ut
1725 1799 1757 1825 in
1776 1792 1863 1835 causa
1883 1800 1949 1826 tam*
1960 1793 2106 1836 fimpllc'l,

1220 1850 1338 1882 tamque
1360 1848 1477 1873 munita
1498 1841 1576 1874 nihil
1586 1850 1761 1883 putaremus
1767 1843 1844 1885 posse,
1860 1843 1979 1885 extstere
1992 1867 2003 1882 ‚
2029 1845 2107 1886 quod

1221 1899 1333 1926 noceret
1353 1915 1360 1921 .
1389 1891 1488 1924 Sacrae
1513 1891 1614 1935 igitur
1633 1891 1785 1937 juffiones
1802 1883 1899 1926 etiam
1925 1895 2105 1936 peccatoris

1220 1940 1296 1975 oleo
1331 1939 1481 1974 Graecum
1512 1940 1545 1973 in
1571 1952 1698 1979 morem
1722 1943 1852 1976 fuerunt
1876 1943 2104 1988 pigmentatae,

1219 1999 1316 2032 atque
1336 1989 1381 2024 ita
1403 1988 1683 2033 prudentissimum
1703 1991 1903 2030 Pontificem
1926 1993 1968 2031 ad
1988 2004 2105 2027 conce-

1219 2039 1361 2077 dendamr
1392 2039 1562 2083 Synodum
1592 2042 1908 2084 circumscripserunt
1934 2067 1944 2078 .,
1978 2043 2041 2077 Eas
2062 2054 2104 2077 ex

2127 1472 2259 1512 Epist-17.
2277 1474 2284 1510 2
2306 1513 2308 1515 Ι

1206 2090 1326 2138 Ιὸειηᾶἱ
1350 2090 1498 2124 Flaviani
1520 2090 1601 2124 odio
1623 2091 1748 2129 finxere
1768 2092 1946 2129 Dioscorus
1964 2091 2103 2126 Patriar-

1218 2140 1303 2182 cha²
1326 2139 1478 2174 Eudoxia
1500 2139 1650 2184 Augusta
1660 2162 1672 2181 ‚,
1697 2141 1732 2174 ὅ(
1753 2138 1978 2187 Chrysaphius
1988 2141 2103 2181 Eunu-

1219 2188 1302 2225 chus.
1325 2212 1335 2228 ‚
1371 2201 1454 2232 quos
1472 2200 1587 2223 omnes
1607 2201 1647 2222 ex
1670 2189 1733 2222 alia
1755 2190 1788 2223 &
1810 2190 1872 2227 alia
1893 2191 1987 2223 causa
2007 2190 2100 2225 fuissit

1221 2238 1267 2272 illi
1289 2239 1434 2273 infensos
1455 2238 1567 2272 scribit
1588 2238 1797 2284 Nicephorus
1819 2238 1970 2276 Calixtus
1993 2264 2000 2271 .
2039 2240 2103 2273 Of·
2120 2229 2274 2265 L·¹4'c'4⁷·⁴

1218 2290 1297 2325 fenli
1320 2288 1470 2326 Dioscori
1493 2288 1623 2322 causam
1646 2288 1737 2329 supra
1749 2287 1933 2323 audivimus
1953 2288 1972 2321 ὲ
1987 2287 2103 2324 Theo·

1217 2337 1351 2371 dos-eto.
1379 2338 1428 2370 Hi
1452 2337 1557 2380 ipsum
1577 2337 1748 2379 Synodum
1772 2361 1783 2377 ,
1808 2349 1906 2381 quam
1931 2349 1974 2376 ex
1997 2340 2098 2373 causis
2118 2344 2272 2374 L.i.Con·

1219 2388 1253 2421 in
1275 2387 1338 2430 ipsa
1359 2386 1465 2430 Regia
1487 2387 1622 2424 civitate
1638 2386 1838 2424 desiderabat
1849 2387 1917 2421 fieri
1930 2387 1999 2422 Leo
2014 2388 2102 2423 Pon-
2123 2382 2262 2429 Chssced·

1218 2438 1299 2471 tifex
1319 2459 1330 2475 ,
1358 2435 1473 2480 Ephesi
1497 2437 1701 2476 maluerunt,
1730 2448 1797 2478 quo
1820 2437 1955 2484 sandius
1976 2438 2102 2472 Flavia·
2119 2422 2250 2461 Epflhu·

1220 2499 1279 2521 nus
1309 2487 1326 2519 a
1349 2487 1412 2519 suis
1435 2486 1552 2520 ovibus
1573 2486 1607 2521 ὅ(
1631 2484 1745 2520 amicis
1766 2497 1909 2522 ternotus
1930 2489 2033 2532 posset
2056 2490 2104 2525 fa-

1217 2536 1312 2572 cilius
1333 2536 1473 2578 opprimi
1486 2562 1495 2572 .,

1267 2585 1484 2620 Eusebianam
1518 2585 1605 2620 hanc·
1635 2584 1819 2629 appellandi
1840 2586 2009 2622 audaciam
2032 2589 2099 2623 Eu—

1217 2635 1332 2679 tyches
1361 2646 1456 2670 norat
1490 2636 1576 2679 apud
1606 2635 1796 2674 Romanam
1823 2637 1857 2671 ὃς
1878 2648 2013 2672 omnem
2038 2639 2101 2672 Ec-

1217 2685 1344 2723 clefiam
1375 2685 1503 2729 pessime
1533 2687 1637 2720 faetere
1661 2710 1671 2726 ‚
1709 2686 1851 2729 ideoque
1877 2686 1964 2730 quasi
1991 2687 2099 2722 solum

1218 2736 1369 2770 Flaviani
1403 2735 1561 2778 judicium
1591 2737 1742 2771 accusans
1775 2735 1861 2770 dixit
1899 2737 2099 2772 Pontificem

1217 2786 1492 2828 circumscriptum
1524 2797 1578 2829 per
1611 2785 1702 2820 falsas
1739 2785 1826 2823 illius
1852 2787 2098 2831 suggestiones,

1218 2834 1331 2879 utpote
1360 2834 1450 2877 cujus
1483 2836 1615 2871 Notarii
1647 2837 1729 2869 Acta
1759 2837 1928 2879 synodalia
1953 2837 2097 2878 Romam,

1218 2888 1308 2921 missa
1319 2885 1604 2934 falsaffent-Qare
1614 2884 1808 2919 Theodosio
1818 2885 2018 2931 August02in
2030 2897 2096 2930 quo

1218 2937 1269 2971 illi
1290 2947 1344 2980 per
1362 2934 1560 2970 Eunuchum
1585 2936 1653 2978 spes
1674 2936 1783 2969 omnis
1806 2960 1817 2976 ‚
1853 2936 1974 2971 obtulit
1998 2946 2098 2971 novas
2115 2953 2199 2982 0¹2,

1219 2997 1325 3030 preces
1344 3011 1355 3027 ‚
1382 2986 1422 3021 de
1443 2984 1562 3025 quibus
1583 2985 1754 3019 Liberatus
1777 2985 2037 3031 Carthaginiensis
2062 2986 2098 3020 in

1219 3035 1384 3072 Breviario
1411 3059 1418 3068 .
1455 3034 1600 3075 Eutyches
1634 3035 1740 3068 obtulit
1768 3044 1873 3077 preces
1900 3039 2099 3078 Imperatori,

1219 3087 1335 3130 questus
1355 3087 1392 3121 de
1405 3084 1542 3127 falfitate
1560 3084 1704 3128 gestorum
1726 3109 1737 3124 ‚
1765 3085 1848 3127 quasi
1867 3087 1968 3131 aliqua
1991 3088 2012 3118 ἃ
2036 3090 2100 3121 No-

1220 3143 1309 3171 tar1'r's
1325 3134 1519 3179 superaddita
1532 3133 1656 3178 furffi‘nt
1675 3157 1685 3174 ,
1722 3136 1824 3178 aliqua
1853 3139 1927 3171 vero.
1946 3136 2028 3168 dicta
2047 3144 2099 3167 nec

1215 3187 1304 3232 gestis
1326 3185 1437 3230 inserta
1464 3210 1471 3217 .
1510 3188 1557 3217 Et
1573 3184 1734 3226 postulavit
1759 3210 1770 3225 ,
1807 3195 1841 3219 ut
1860 3184 1917 3229 fi‘b
1933 3182 2099 3226 prasentia

1222 3236 1358 3275 Thalassii
1377 3235 1583 3271 Caesateenfis
1594 3237 1629 3268 in
1641 3234 1848 3278 Cappadocia
1858 3234 2009 3270 primatis
2022 3236 2101 3278 Ept-

1217 3286 1295 3332 ftopi
1315 3312 1326 3327 ,
1362 3286 1417 3330 qui
1438 3284 1587 3320 Flaviani
1609 3286 1745 3328 Synodo
1769 3295 1835 3318 non
1860 3282 2005 3316 adfuerat
2026 3307 2037 3326 ⁵,
2062 3283 2099 3316 Θ

1226 3338 1370 3371 Florentii
1392 3338 1518 3369 Patricii
1532 3359 1541 3374 ,
1567 3336 1686 3370 rursum
1708 3341 1743 3370 r’n
1764 3333 1883 3367 Palatio
1904 3356 1915 3373 ‚
1943 3334 2101 3366 Flaviano

1224 3395 1384 3420 occurrente
1398 3410 1409 3426 ‚
1434 3384 1531 3429 ipsum
1550 3391 1770 3429 congregaretur
1790 3382 1939 3414 concilium
1959 3405 1971 3421 ,
1998 3384 2032 3416 (ς
2057 3393 2097 3415 εκ

1226 3442 1452 3480 interrogatlone
1472 3434 1665 3478 perfimarum
1682 3437 1796 3466 veritas
1808 3432 2009 3474 panderetur.
2038 3436 2100 3464 An-

1225 3493 1290 3520 nuit
1322 3491 1484 3530 Imperator
1498 3485 1565 3528 fieri
1584 3508 1598 3527 ‚
1622 3484 1658 3517 δ’
1673 3480 1791 3526 easdem
1808 3490 1911 3526 preces
1929 3493 2019 3516 manu
2038 3480 2097 3523 siaa

2003 3534 2048 3564 ita
