2340 3736
663 94 748 135 AD
785 91 1129 134 EPHESINUM
1175 87 1640 136 LaruociNiuM.

276 170 465 222 Principem
489 184 616 221 preces,
641 185 678 208 ac
705 185 760 217 per
779 172 1019 208 Macedonium
1040 169 1163 205 Tribu-

276 239 359 263 num
371 229 404 263 &
415 227 591 261 Notarium
614 223 735 267 inquiri
749 224 860 258 missos
881 222 921 257 ab
943 222 1003 257 illo
1015 232 1165 265 procura·

275 286 383 318 tores,
410 277 592 323 rogansque
602 272 644 307 de
668 271 755 308 hisce
777 274 968 317 synodum:
997 273 1087 315 Quid
1109 280 1166 313 pro

275 328 327 362 boc
347 327 448 370 placet
485 325 728 365 reverendiffimis
769 323 924 367 EpiscopIs
950 324 967 356 ἓ
1006 321 1167 365 Reposuit

276 378 442 413 accusator
479 375 659 410 Eusebius:
694 377 726 407 si
746 383 803 417 per
826 377 1045 407 Procuratorem
1070 373 1164 410 dicit,

278 439 324 463 me
328 426 432 470 jubete
442 427 591 460 recedere.
618 426 719 459 Hanc
730 424 902 468 Synodum
913 423 977 457 effe
988 420 1168 471 criminalis

275 479 378 513 causae
390 476 648 521 prosecutionem
669 473 801 510 volebat
826 472 1005 512 Eusebius,
1031 470 1170 514 ideoque

275 528 483 562 Procuratori
496 538 564 561 non
577 526 640 560 effe
651 525 762 560 locum
776 549 783 556 .
809 522 974 566 Opposuit
985 521 1147 556 Patricius
1161 533 1166 552 :

281 579 375 622 ,Quod
399 579 565 620 Imperialis
578 580 721 618 pracepit
745 573 930 612 auBoritas,
957 572 1089 606 omnibus
1112 583 1169 604 mo-

276 630 326 661 dis
347 626 565 671 observandum
584 625 638 666 est.
668 625 751 658 Unde*
779 621 810 664 fi
825 622 1005 667 consentiunt
1027 634 1167 656 reveren-

281 680 383 719 difflmi
395 676 555 720 Episcopi,
581 683 613 708 ut
619 673 819 718 suscipiantur
831 672 864 705 hi
875 698 885 713 ‚
912 679 963 715 qui
970 681 1027 715 pro
1037 670 1165 715 persona

274 728 506 767 reverendiffimi
526 723 659 758 monachi
690 734 777 766 agere
797 729 902 765 parati
921 722 1017 766 sunt,
1042 723 1158 755 dicant.

275 778 340 813 Per
353 777 584 811 Procuratores
597 784 693 817 agere
706 797 717 813 ,
744 782 842 817 atque
854 773 897 807 ita
909 774 973 807 sese
994 774 1034 806 de
1062 772 1166 806 crimi-

274 828 401 861 nalium
412 826 558 859 Reorum
570 823 665 858 classe
678 822 829 864 extrahi,
854 824 935 867 quin
949 824 984 857 &
1006 823 1106 857 latam
1130 823 1164 856 in

275 879 308 912 se
321 876 515 911 sententiam
526 875 613 909 sacra
623 873 762 917 juffione
774 872 924 917 suspendi
949 874 1135 916 impetrarat
1147 873 1165 906 a

272 925 519 969 circumscripto
564 935 621 968 pet
669 922 914 967 Chrysaphium
963 921 1165 956 Eunuchum

271 974 463 1010 Theodosio
476 976 621 1009 versutus
635 973 805 1017 Eutyches
815 999 825 1015 ,
853 984 952 1017 atque
967 972 1046 1007 hinc
1059 973 1165 1015 ipsum

272 1026 461 1062 Florentius
490 1023 789 1059 reverendissimum
815 1022 1020 1058 monachum
1059 1022 1164 1066 appel-

273 1076 336 1111 lat.
364 1075 489 1111 Verum
500 1073 754 1119 Meliphtongus
766 1073 1021 1119 juliopolitanus
1034 1073 1168 1117 Episco-

272 1138 332 1172 pus
347 1126 586 1172 generofiffime
599 1124 793 1160 interceffit:
822 1125 892 1157 Tali
895 1124 988 1166 facia
1009 1122 1168 1167 accusatio·

277 1189 315 1211 ne
325 1175 500 1220 consequens
522 1175 560 1216 est
572 1176 665 1218 adeffe
686 1187 751 1209 eum
772 1180 825 1217 qui
845 1173 994 1218 accusatur
1006 1199 1017 1215 ‚
1039 1171 1170 1216 praeser.

274 1232 332 1261 tim
354 1231 425 1268 quia
449 1224 618 1268 hujusmodi
640 1223 835 1268 accusationes
874 1237 931 1258 non
946 1223 1009 1266 fine
1036 1223 1167 1265 periculo

264 1275 363 1318 fiunt.
392 1279 459 1308 Nec
471 1279 553 1308 enim
568 1276 635 1308 leve
654 1275 692 1315 est
714 1286 748 1308 ac
756 1271 955 1315 tranfitorium
980 1274 1061 1316 quod
1075 1279 1166 1306 verti*

268 1336 339 1367 rur,
366 1326 476 1360 &ideo
486 1326 614 1358 alterum
622 1323 797 1366 proraltero
825 1326 973 1357 decertare
997 1335 1054 1356 non
1075 1322 1161 1356 licet.

268 1378 420 1419 ,Quoniam
430 1381 521 1419 igitur
529 1375 669 1416 piiffimus
681 1376 843 1415 Imperator
861 1386 899 1406 ex
913 1379 1000 1406 avita
1023 1374 1166 1406 traditio-

268 1438 307 1459 m
316 1424 466 1468 consuevit
477 1424 673 1458 orthodoxam
686 1429 835 1458 continere
842 1423 934 1466 fidem
948 1448 958 1464 ‚
986 1424 1020 1458 Θ
1031 1429 1063 1455 in
1088 1424 1167 1457 nullo

264 1474 392 1520 sanHas
413 1475 532 1520 regulas
553 1480 718 1517 irrumpere
730 1497 741 1513 ,
760 1474 940 1516 postulamus
971 1475 1038 1515 ejus
1059 1472 1166 1514 referri

269 1527 461 1560 Clementiae.
491 1528 538 1558 Et
540 1524 569 1567 fi
572 1525 691 1569 jusserit
703 1529 735 1558 in
760 1525 908 1557 criminali
925 1522 1014 1567 causa
1039 1525 1165 1557 alterum

270 1583 326 1617 pro
349 1577 440 1609 altero
463 1577 634 1615 decertare,
659 1574 763 1609 &boc
778 1573 977 1618 suscipimus,
997 1573 1166 1617 praesertim

272 1632 344 1668 quia
355 1624 551 1668 universalem
562 1630 703 1667 praecepit
723 1623 789 1667 fieri
811 1626 975 1664 synodum,
1001 1626 1035 1658 (ν
1060 1626 1165 1667 necesse

271 1675 312 1715 est
336 1677 463 1717 majores
474 1674 581 1719 causas
593 1681 625 1708 in
647 1676 723 1709 illud
738 1673 894 1719 reservare
906 1676 1067 1707 Concilium
1084 1698 1091 1706 .
1117 1677 1164 1706 Et

273 1730 374 1758 vocati
384 1724 459 1768 sunt
471 1727 578 1766 multi,
589 1726 622 1759 6
625 1725 738 1768 justum
750 1725 788 1765 est
799 1750 810 1766 ,
837 1737 905 1768 quae
916 1726 1064 1767 cipiiffimo
1077 1727 1162 1757 Prin-

270 1781 336 1816 cipe
344 1782 499 1818 praecepta
515 1773 610 1818 sunt,
636 1774 748 1816 effetqui
772 1780 955 1817 mancipari.
995 1774 1104 1808 Aurea
1128 1774 1163 1807 &

272 1824 433 1859 veraciter
444 1825 648 1868 Episcopalia
662 1826 737 1858 sunt
748 1824 806 1859 ista
820 1822 1045 1868 Meliphtongi
1055 1823 1162 1859 verba.

263 1873 427 1909 'Edocent
450 1875 553 1909 sacras
574 1874 727 1917 jussiones
745 1884 895 1919 oportere
916 1875 1079 1910 sacrorum
1101 1875 1162 1910 Ca-

271 1935 400 1959 nonum
413 1923 475 1959 effe
485 1924 658 1959 dumtaxat
678 1924 904 1966 executorias,
930 1922 1075 1969 adeoque
1098 1925 1163 1959 illis

270 1977 462 2009 conformes
484 1987 494 2018 ;
522 1974 678 2009 diformes
715 1976 803 2019 poffe
841 1974 941 2009 libere
966 1973 1099 2012 refutari
1121 1974 1162 2009 ab

271 2025 469 2068 Episcopis,
509 2024 680 2068 praesertim
705 2024 906 2069 synodaliter
932 2026 1162 2071 congregatis,

271 2074 480 2118 eamqueesse
490 2074 610 2108 avitam
629 2074 776 2109 Romani
805 2076 933 2118 imperii
955 2076 1160 2110 consuetudi·

271 2134 352 2158 nem
372 2123 408 2156 δε
430 2124 602 2168 pietatem.
629 2123 727 2158 Hanc
747 2124 921 2168 juffionem
945 2126 991 2159 ait
1013 2123 1163 2169 Meliph-

268 2181 393 2218 tongus
404 2173 562 2208 adversari
573 2174 769 2209 Canonibus
781 2198 793 2215 ‚
820 2173 960 2217 ideoque
972 2174 1165 2219 suspenden-

269 2222 347 2257 dam
363 2223 405 2258 ab
417 2224 632 2264 executione,
659 2236 696 2259 ac
707 2223 774 2267 ejus
787 2224 905 2259 vitium
919 2225 1063 2268 principi
1086 2226 1161 2260 refe-

268 2274 425 2308 rendum.
453 2273 560 2308 Addit
601 2273 663 2308 hac
697 2275 837 2318 Synodo
873 2286 943 2310 non
969 2276 1032 2310 esse
1059 2285 1157 2319 opus,

267 2324 430 2367 quoniam
443 2323 508 2363 jam
526 2324 688 2369 generalis
709 2326 850 2359 secunda
875 2324 1037 2369 Ephefina
1059 2325 1162 2368 Syno-

268 2371 330 2407 dus
342 2373 379 2407 fit
397 2371 515 2408 indicta
526 2373 567 2408 ad
576 2374 724 2409 damnati
739 2374 936 2418 Eutychetis
962 2376 1093 2410 causam
1118 2386 1162 2409 re-

267 2423 473 2458 tractandam
488 2448 498 2463 ‚
523 2424 557 2457 δε
567 2421 635 2458 haec
649 2426 763 2459 omnia
776 2425 870 2468 ipsius
880 2425 1007 2468 judicio
1019 2427 1089 2460 fore
1107 2425 1162 2460 de-

269 2472 419 2507 finienda
431 2498 439 2506 .
465 2473 594 2507 Mirum
605 2473 650 2507 est
662 2498 673 2514 ,
699 2475 871 2518 quomodo
888 2474 1098 2510 Theodosius
1119 2474 1160 2510 ab

269 2533 340 2556 uno
353 2523 460 2567 palam
474 2522 669 2558 haeretico&
693 2524 884 2559 turbulento
904 2524 1072 2560 monacho
1094 2538 1160 2570 pet·

272 2573 394 2607 miserit
409 2573 600 2607 Romanum
609 2573 781 2617 imperium
790 2575 824 2609 ἀ
835 2586 971 2610 omnem
983 2575 1159 2610 Ecclesiam

270 2632 321 2656 tot
332 2622 478 2665 synodis
488 2623 522 2657 ὅ(
533 2623 680 2658 motibus
689 2624 816 2658 arietari
828 2651 835 2658 .

318 2671 506 2706 Florentius
525 2671 686 2707 Patricius
708 2672 790 2709 vidit
812 2674 1082 2721 Meliphtongum
1112 2675 1158 2711 lo-

269 2722 327 2768 qui
337 2734 378 2756 ex
391 2721 492 2757 firmis
511 2721 752 2764 fundamentis,
779 2724 917 2769 ideoque
941 2725 1031 2760 istius
1045 2751 1055 2766 ,
1082 2723 1158 2760 licet

266 2773 384 2812 sacrae,
409 2781 520 2807 tamen
533 2773 653 2818 iniqua:
663 2773 810 2816 juffionis
820 2775 902 2811 odio
931 2778 996 2811 sese
1016 2776 1158 2810 liberans

263 2823 314 2857 est
326 2821 539 2856 interlocutus
552 2837 563 2856 :
589 2825 679 2868 ,Quid
689 2822 743 2866 sibi
756 2826 794 2859 de
803 2825 855 2861 boc
870 2825 1043 2870 spec‘labilis
1056 2826 1157 2860 Tribu-

270 2884 327 2907 nus
340 2897 350 2913 ,
387 2874 422 2906 (τ
444 2876 617 2915 Notarius,
642 2875 676 2908 Θ
697 2874 933 2917 Referendarius
967 2878 1155 2910 Macedonius

268 2924 456 2956 mandatum
468 2924 519 2966 effi:
528 2922 668 2967 cognoftit
679 2946 690 2963 ‚
716 2934 867 2967 exponat.
897 2927 967 2974 Qii
983 2927 1153 2970 exposuit:

268 2975 415 3014 Piffmus
432 2976 576 3006 Dominus
598 2973 688 3014 noster
711 2974 878 3019 cognoscens
899 2978 1080 3011 damnatum
1100 2978 1152 3021 effi·

265 3023 415 3061 Eutychen
425 3049 436 3065 ,
466 3023 551 3064 jufflt
557 3031 613 3064 pro
622 3036 653 3057 eo
663 3026 797 3058 omnibus
807 3027 902 3059 modis
911 3026 1038 3061 direaeffos
1050 3032 1148 3072 ingre-

261 3074 296 3106 da·
308 3098 319 3114 ‚
340 3083 375 3107 ut
385 3071 555 3118 cognoscant
566 3079 599 3106 in
609 3074 758 3108 releHione
769 3075 940 3110 chartarum
962 3089 1030 3120 quae
1041 3078 1081 3110 ab
1096 3082 1150 3112 Ar-

260 3122 467 3166 chi-Episcopo
478 3123 523 3156 ad
530 3134 595 3156 eum
605 3123 763 3167 diciasunt
774 3148 784 3164 ,
809 3128 844 3160 «ἐκ
855 3138 923 3169 quae
935 3128 973 3160 ab
985 3139 1016 3161 eo
1025 3129 1069 3161 ad
1074 3127 1148 3171 san-

259 3174 411 3213 c‘liffimum
436 3171 734 3216 Archi-Episcopum.
774 3175 902 3220 Nempe
924 3176 1147 3222 Chrysaphius

264 3223 445 3258 Eunuchus
457 3248 467 3264 ,
493 3222 535 3257 ad
570 3224 678 3256 sancti
715 3225 865 3260 Flaviani
893 3226 1143 3262 damnationem

261 3273 379 3315 quovis
414 3273 517 3308 modo
552 3272 751 3308 adhinniens
762 3297 773 3314 ,
807 3275 939 3320 regebat
975 3279 1143 3320 optimum

263 3321 489 3358 Theodofium
502 3347 512 3364 ‚
538 3331 636 3367 atque
649 3323 800 3358 itaillum
821 3326 863 3359 ad
885 3326 981 3361 sacris
1001 3327 1146 3369 juffioni·

261 3371 495 3409 buslaedendos
506 3374 683 3414 Canones‚
709 3374 744 3407 &
765 3375 888 3409 avitam
910 3377 1143 3412 Romanorum

262 3420 454 3465 Principum
463 3425 617 3466 pietatem
630 3423 738 3468 aperte
758 3426 1026 3467 praevaticandam
1048 3427 1144 3463 facile

360 3471 462 3514 christ.
474 3477 550 3519 Lupi
560 3478 643 3518 Oper.
656 3477 776 3508 Tom.H.

1215 2979 1328 3024 gustus
1351 2980 1462 3015 statuit
1496 2981 1677 3024 Episcopos
1697 2980 1877 3016 testimonii
1904 2983 2000 3016 causa
2034 2994 2104 3016 non

1215 3030 1342 3065 evocari
1354 3030 1393 3064 ad
1405 3030 1567 3073 judicium
1577 3041 1634 3065 aut
1644 3031 1722 3075 cogi
1737 3030 1777 3064 ad
1792 3030 2014 3074 juramentum
2025 3057 2035 3073 ,
2050 3033 2103 3067 sed

1213 3089 1247 3114 ut
1260 3079 1497 3121 domipropositis
1503 3079 1617 3123 sanclis
1628 3084 1658 3113 E
1662 3080 1810 3125 vangeliis
1821 3106 1831 3123 ‚
1838 3080 2002 3125 secundum
2025 3084 2105 3124 quod

1213 3132 1292 3163 decet
1317 3131 1484 3162 sacerdotes
1499 3154 1510 3170 ‚
1536 3131 1658 3163 doceant
1680 3142 1748 3173 quae
1770 3138 1923 3166 noverint.
1954 3134 2097 3167 innovat

1213 3180 1388 3222 antiquum
1401 3180 1575 3213 Canonem
1587 3205 1597 3221 ,
1624 3180 1664 3214 de
1677 3182 1789 3224 quoin
1803 3182 1942 3226 Synodo
1965 3180 2102 3216 Chalce-

1213 3230 1346 3264 donensi
1360 3227 1504 3262 laudatus
1518 3229 1651 3264 Basilius
1663 3231 1843 3275 Episcopus
1864 3231 2073 3266 Seleuciensis
2088 3245 2095 3263 :

1948 106 2044 144 219

1230 170 1489 214 circumscripsit.
1517 171 1600 206 Sane
1612 172 1777 208 imbellem
1787 173 2020 211 Theodosium
2045 186 2117 214 non

1232 222 1325 256 fuisse
1347 221 1449 266 Regii
1470 221 1635 265 sanguinis
1652 224 1777 264 virum,
1814 226 1867 259 sed
1891 228 1999 262 nescio
2024 228 2118 271 cujus

1232 272 1367 316 Joannis
1379 271 1483 305 filium
1495 270 1641 305 Arcadio
1666 274 1862 317 suppositum
1879 275 2046 319 Zozymus
2068 279 2117 312 su-

1235 323 1391 366 spicatur.
1420 322 1476 357 Ut
1496 330 1533 355 ut
1554 322 1613 360 fit,
1641 321 1826 359 Florentius
1843 325 2024 367 Patricius,
2050 328 2118 361 Eu·
2136 327 2166 358 1..
2178 329 2206 363 54

1238 372 1348 408 nucho
1360 371 1558 407 recalcitrare
1567 382 1635 405 non
1647 373 1739 405 ausus
1750 397 1760 412 ,
1786 376 1994 417 iniquitatem
2008 377 2118 411 mode-

1233 424 1294 457 rari
1306 435 1344 458 ac
1355 424 1464 457 fucare
1476 421 1522 456 est
1532 430 1689 455 conatus:
1716 424 1846 464 Simplex
1867 425 1906 466 est
1931 428 2012 469 quod
2025 426 2118 468 postu-

1231 473 1333 514 latur,
1360 476 1525 515 &propter
1545 471 1596 504 hoc
1618 472 1662 504 illi
1685 474 1890 514 ingrediantur
1903 501 1913 516 ,
1940 478 1974 511 ὼ*
1991 474 2050 520 sub
2075 488 2117 510 ees

1232 535 1300 562 rum,
1314 522 1478 567 praesentia
1495 530 1596 564 preces
1618 526 1777 556 recitentur
1790 547 1798 554 .
1825 524 1868 557 Et
1890 526 2016 570 ingreffi
2041 527 2117 562 sunt

1232 574 1490 613 Constantinus,
1516 570 1723 612 Eleufinius,
1749 572 1784 606 &
1798 572 2011 610 Constantius
2025 589 2117 617 ‚mo-

1230 623 1350 664 nnchi,
1378 625 1412 658 in
1437 621 1631 666 Eutychetis
1659 623 1856 657 monasterio
1880 624 2045 667 Diaconi,
2070 628 2117 661 fu·
2174 649 2189 655 2

1229 673 1293 707 turi
1308 673 1375 716 ejus
1390 674 1620 707 Procuratores
1631 698 1638 704 .

1278 721 1405 757 Verum
1428 722 1483 757 hic
1506 734 1576 757 non
1597 722 1723 757 sistebat
1755 723 1912 758 sacrarum
1937 722 2114 767 juffionum

1230 773 1398 816 iniquitas.
1431 774 1565 807 Etenim
1586 771 1757 807 monachis
1778 773 2048 808 procuratoribus
2071 776 2120 809 in-

1229 825 1336 868 greffis
1349 847 1359 863 ,
1385 821 1603 858 Macedonius
1612 822 1783 857 Tribunus
1795 825 1828 858 ὃ(
1840 824 2001 860 Notarius
2013 835 2120 868 protu-

1231 875 1268 908 lit
1281 876 1405 909 sacrum
1419 873 1592 918 Evangelii
1608 872 1759 907 codicem
1771 898 1782 913 ,
1809 874 1842 907 &
1865 874 1981 912 dixit„
1998 879 2120 917 opertet

1229 931 1328 959 omnia
1338 949 1349 965 ,
1375 936 1443 967 quae
1458 925 1477 957 ἃ
1490 927 1664 965 Principum
1676 928 1790 966 pietate
1801 925 1950 957 mandata
1957 922 2031 967 sunt
2046 950 2057 966 ,
2076 926 2124 958 di·

1228 986 1289 1008 cere
1301 986 1368 1009 me:
1387 976 1482 1020 Juffit
1500 980 1591 1018 igitur
1606 985 1676 1014 eos,
1702 975 1876 1017 quidudum
1897 976 1933 1010 in
1944 975 2022 1009 anni
2037 975 2122 1019 prio-

1229 1025 1255 1058 ri
1267 1025 1403 1069 Synodo
1423 1024 1587 1068 praesentes
1602 1024 1755 1066 fuerunt,
1777 1023 1983 1068 sacratissimos
2003 1024 2120 1069 Episco-

1224 1083 1279 1116 pos
1297 1073 1353 1118 sub
1369 1074 1555 1118 sacramento
1575 1076 1691 1114 dicere,
1707 1074 1738 1117 fi
1754 1086 1837 1109 verae
1851 1074 1913 1118 fint
1935 1076 2122 1119 legendorum

1229 1130 1473 1158 monimentorum
1488 1123 1671 1168 profeffiones
1693 1125 1732 1158 ab
1744 1134 1869 1167 utraque
1884 1133 1976 1167 parte
2003 1127 2099 1159 illatae
2111 1151 2118 1158 .

1231 1175 1385 1209 Nimium
1395 1174 1564 1209 manifesta
1574 1185 1640 1208 erat
1652 1173 1748 1218 hujus
1769 1174 1916 1217 juffionis
1938 1176 2122 1220 iniquita,

1230 1224 1373 1269 ideoque
1386 1224 1427 1259 de
1438 1224 1492 1258 illa
1502 1223 1690 1259 erubescens
1703 1225 1952 1260 Referendarius
1971 1227 2035 1260 fuit
2046 1226 2121 1260 usus

1231 1274 1292 1309 ista
1304 1275 1508 1309 excusatoria
1522 1276 1727 1318 praefatione.
1738 1275 1802 1309 fEt
1815 1275 1951 1311 Bafilius
1970 1276 2122 1311 Seleuciae

1230 1325 1265 1358 in
1286 1325 1406 1359 Isauria
1429 1325 1708 1368 Metropolitanus
1731 1325 1912 1371 Episcopus
1934 1326 2122 1361 constanter

1229 1375 1424 1410 intercessit:
1452 1375 1603 1409 Haaeenus
1608 1377 1819 1417 juramentum
1831 1375 1974 1419 nescimus
1999 1375 2122 1418 Episco-

1225 1432 1276 1467 pis
1286 1425 1436 1459 oblatum.
1464 1426 1523 1459 sed
1541 1426 1576 1459 6·
1593 1433 1777 1468 praeceptum
1789 1424 1827 1466 est
1850 1426 1933 1459 nobis
1954 1427 1974 1457 ἃ
1997 1429 2125 1458 Domino

1228 1475 1343 1516 christo
1364 1487 1421 1509 non
1445 1476 1614 1516 jurandum
1626 1500 1637 1515 ,
1664 1487 1756 1518 neque
1781 1484 1837 1518 per
1871 1476 1994 1516 ciclum,
2031 1487 2123 1518 neque

1227 1534 1284 1567 per
1295 1536 1405 1559 terram
1422 1549 1433 1565 ,
1460 1536 1553 1567 neque
1560 1533 1617 1567 per
1628 1534 1719 1567 caput
1726 1524 1829 1569 suum.
1858 1524 2057 1569 Unusquisque
2070 1537 2124 1560 ve-

1227 1579 1259 1609 ro
1274 1575 1346 1619 ficut
1371 1584 1442 1609 ante
1462 1577 1560 1610 altare
1571 1575 1656 1617 stans
1687 1579 1742 1608 Dei
1762 1582 1895 1610 timorem
1918 1575 2032 1610 habens
2050 1584 2122 1610 ante

1230 1627 1320 1659 oculos
1333 1651 1345 1667 ,
1372 1628 1406 1660 (Ὗ
1423 1631 1577 1668 propriam
1597 1623 1800 1665 conscientiam
1822 1627 1969 1659 mundam
1986 1624 2122 1671 servans

1227 1679 1312 1717 Deo,
1336 1679 1417 1719 quod
1435 1682 1467 1709 in
1479 1680 1616 1709 memoria
1626 1681 1758 1716 retinet,
1784 1676 1953 1710 nullatenus
1975 1676 2063 1709 habet
2074 1682 2121 1709 in-

1228 1732 1390 1762 termittere
1401 1752 1409 1760 .
1436 1726 1599 1761 Provocat
1617 1726 1751 1760 Basilius
1764 1726 1803 1761 ad
1815 1727 1988 1770 antiquum
2003 1726 2123 1761 Eccle-

1227 1778 1276 1812 siae
1303 1779 1477 1813 Canonem
1495 1803 1506 1819 ‚
1531 1788 1629 1821 quem
1655 1776 1691 1811 in
1718 1777 1790 1822 lege
1816 1776 1857 1813 ad
1885 1777 2125 1812 Constantium*

1227 1828 1387 1862 Praetorio
1409 1828 1615 1868 Praefestum,
1653 1827 1798 1862 exstante
1819 1828 1852 1861 in
1880 1827 1996 1861 codice
2020 1827 2115 1870 Justi-

1227 1879 1355 1913 nianaeo
1369 1878 1427 1913 sub
1437 1878 1536 1913 titulo
1548 1876 1589 1911 de
1602 1877 1771 1921 Episcopis
1783 1877 1816 1911 ὃς
1831 1877 1970 1911 Clericis
1982 1902 1992 1918 ,
2009 1877 2120 1912 laudat

1225 1929 1417 1962 Marcianus
1433 1928 1600 1973 Augustus
1611 1951 1622 1967 ,
1649 1937 1760 1960 vetans
1781 1928 1814 1961 ὅ(
1827 1928 1892 1971 ipse
1904 1926 1922 1960 a
1935 1926 2071 1961 Clericis
2083 1927 2119 1961 in

1225 1979 1324 2013 caulis
1334 1978 1483 2013 civilibus
1496 1976 1585 2022 exigi
1608 1977 1797 2012 cautionem
1821 1977 2026 2021 juratoriam:
2061 1980 2122 2011 Ec-

1225 2028 1380 2070 clefiasticis
1391 2030 1500 2073 regulis
1513 2052 1524 2068 ,
1552 2030 1748 2061 &cananea
1762 2027 1929 2068 beatissimis
1950 2029 2018 2060 olim
2041 2031 2129 2070 Epi-'

1223 2077 1321 2122 scopis
1354 2078 1484 2120 instituto
1505 2079 1614 2111 Clerici
1625 2079 1734 2118 jurare
1753 2077 1969 2120 probibentur.
2010 2077 2055 2111 Et
2081 2078 2116 2111 in

1227 2128 1318 2162 Actis
1333 2128 1459 2172 Synodi
1482 2126 1762 2162 Chalcedonensis
1783 2127 1952 2162 Caffianus
1973 2136 2015 2161 ex
2038 2139 2118 2162 mer-

1225 2188 1334 2213 catore
1347 2178 1496 2212 Ecclefiae
1508 2175 1673 2220 Ephefinae
1685 2176 1858 2220 Presbyter
1869 2177 1886 2210 ὲ
1899 2177 2048 2221 gloriosis
2064 2177 2117 2220 Ju-

1225 2227 1354 2263 dicibus
1367 2229 1400 2262 in
1415 2227 1555 2262 Baffiani
1568 2226 1721 2271 Episcopi
1734 2228 1828 2261 causa
1843 2227 1947 2271 jurare
1967 2226 2113 2271 compul-

1225 2279 1275 2313 sus
1297 2277 1484 2323 respondit:
1523 2281 1683 2321 Negotium
1714 2290 1807 2321 agens
1829 2289 1985 2320 nunquam
2003 2280 2117 2319 juravi
2133 2290 2197 2322 Ast,
2213 2303 2223 2322 ι
2236 2303 2257 2323 Ι,

1226 2330 1335 2371 alicui,
1360 2330 1395 2363 Θ
1409 2339 1485 2362 nunc
1497 2329 1568 2361 dum
1593 2327 1744 2367 Presbyter
1765 2326 1856 2371 sum,
1881 2334 1983 2372 cogitis
2009 2339 2054 2361 me
2064 2330 2118 2369 ju-

1223 2380 1314 2413 rare?
1336 2379 1379 2413 Et
1392 2377 1472 2413 hinc
1483 2379 1588 2412 varios
1599 2377 1744 2412 Clericos
1757 2379 1792 2412 δε
1805 2376 1989 2413 monachos
2000 2403 2010 2420 ‚
2025 2379 2114 2421 quod

1226 2441 1266 2464 ne
1291 2428 1390 2463 semel
1414 2429 1449 2462 in
1471 2429 1536 2462 vita
1558 2427 1712 2471 jurarint‚
1747 2427 1882 2462 laudant
1916 2428 1952 2462 in
1979 2427 2113 2463 historia

1224 2480 1375 2514 Laufiaca
1398 2478 1562 2513 Palladius
1581 2478 1886 2522 Helenopolitanus
1907 2478 2088 2523 Episcopus
2100 2504 2111 2520 ,

1221 2531 1255 2564 δε
1266 2530 1301 2564 in
1314 2529 1413 2563 Prato
1424 2527 1581 2572 spirituali
1595 2529 1731 2562 Sanetus
1742 2526 1947 2571 Sophronius
1974 2528 2112 2564 Patriar-

1222 2579 1284 2614 cha
1298 2578 1622 2622 Hierosolymitanus
1637 2603 1644 2610 .
1661 2578 1704 2611 Et
1718 2577 1886 2612 Victorem
1894 2577 2110 2620 monachum,

1222 2630 1277 2672 qui
1289 2631 1407 2665 Sancto
1418 2628 1549 2672 Cyrillo
1562 2627 1791 2662 Alexandrino
1815 2626 1987 2663 detraxisse
2015 2641 2110 2664 accu-

1221 2681 1306 2713 satus
1312 2678 1440 2723 sublatis
1457 2685 1489 2711 in
1510 2680 1610 2712 coelum
1629 2677 1767 2711 manibus
1794 2690 1848 2723 per
1871 2680 2109 2714 sacrosanctum

1221 2730 1386 2773 Baptisma
1407 2728 1634 2763 &veneranda
1658 2727 1782 2762 Christi
1808 2729 1959 2771 mysteria
1983 2730 2107 2764 nuliius
2126 2713 2285 2791 §bg-{³3³⁰-

1221 2780 1285 2813 sese
1298 2780 1467 2813 conscium
1478 2779 1596 2823 jurarat
1611 2803 1622 2820 ,
1649 2778 1684 2812 in
1710 2780 1936 2823 professionem
1948 2780 2038 2815 suam
2048 2780 2108 2815 im-
2190 2775 2198 2784 ”
2227 2777 2233 2784 “
2257 2766 2286 2794 3·

1219 2829 1338 2874 pegiffe
1371 2829 1482 2863 scribit
1517 2828 1603 2864 idem
1630 2829 1777 2873 Cyrillus
1802 2830 1839 2864 in
1866 2829 2034 2875 Apologia
2061 2830 2103 2866 ad

1219 2878 1450 2914 Theodofium
1462 2879 1668 2924 Augustum.
1698 2880 1741 2915 Et
1759 2880 1793 2914 in
1815 2880 1960 2915 Novella
1983 2882 2025 2917 ad
2047 2880 2107 2917 Pe·

1220 2940 1305 2964 trum
1317 2930 1501 2964 officiorum
1516 2929 1712 2975 Magistrum
1726 2930 1798 2975 lege
1809 2930 2011 2974 Justinianus
2037 2930 2107 2967 Au-

2125 2912 2156 2942 L.
2179 2919 2242 2950 123.

2122 2962 2152 2984 c.
2166 2962 2196 2988 7-

1218 3282 1321 3313 Precor
1334 3281 1482 3317 Lycaoniae
1505 3282 1538 3313 (9⁸
1551 3280 1686 3324 Pbrygiae
1707 3282 1952 3323 Metropolitanos
1976 3279 2097 3324 Episco-

1209 3338 1265 3372 pos
1277 3333 1378 3362 venire
1389 3328 1464 3369 buc,
1488 3330 1522 3362 (θ’
1537 3329 1736 3373 praesentibus
1757 3328 1953 3373 sacrosant‘t'is
1981 3334 2092 3365 Evan-

1205 3381 1291 3423 geliis
1302 3380 1406 3412 dicere.
1436 3379 1590 3424 Episcopi
1602 3381 1693 3414 enim
1717 3381 1751 3413 &
1763 3380 1885 3414 Clerici
1905 3382 2098 3425 praesumun-

1210 3440 1261 3464 tur
1274 3428 1314 3464 ab
1327 3429 1419 3466 omni
1431 3429 1612 3475 spontaneo
1623 3429 1797 3465 mendacio
1819 3431 1880 3466 esse
1900 3431 2033 3476 penitus
2058 3430 2096 3465 li-

1608 3479 1638 3513 E
1662 3490 1681 3514 e
1733 3491 1755 3517 2
1957 3481 2046 3519 beri,
