2340 3736
375 162 402 191 2
412 148 435 191 8
449 147 473 192 8

301 227 442 273 sanciam
461 233 489 267 E
486 228 646 273 phosforum
664 231 802 264 civitatis
825 229 979 271 Ecclesiam
1002 232 1085 263 velut
1106 233 1134 261 E
1133 235 1183 271 pi-

301 278 452 323 scopum?
486 281 552 315 Uti
577 279 676 314 hodie
700 280 850 314 Romana
874 281 914 314 de
938 281 1113 317 triennali,
1139 281 1183 313 ita

305 341 385 364 tunc
404 331 513 365 omnis
525 330 667 365 Ecclefia
682 332 713 364 in
736 330 927 364 Sacerdotiis
943 330 1075 363 servasse
1096 329 1186 363 vide-

304 389 358 414 tur
370 381 514 426 regulam
525 379 565 414 de
587 381 719 424 pacifica
729 381 917 423 poffessione
937 378 1161 422 quadriennali
1176 403 1183 410 .

305 430 400 465 Hinc
419 432 509 464 enim
530 430 671 465 reddidit
683 431 881 473 Stephanus:
909 430 994 461 Velut
1015 438 1156 468 tyrannus
1172 453 1181 469 ,

302 491 362 513 non
372 489 404 512 ut
415 479 586 524 Epifi‘opus.
600 482 841 525 ,Quomodoxnim
854 478 980 512 obtinere
987 487 1115 519 poterat,
1126 489 1178 520 qut

285 538 358 574 -per
370 542 477 563 manus
497 530 701 574 impositionem
713 530 879 569 constitutus
902 541 960 561 non
969 528 1006 569 est
1018 554 1028 568 ,
1047 525 1106 569 sed
1115 540 1180 561 cum

296 581 411 623 gladiis
427 580 464 620 est
477 582 614 625 ingressus
626 607 636 622 ,
647 579 766 623 &sedit
773 578 829 620 fibi
841 579 857 609 ἕ
884 579 981 612 Dixit
995 579 1178 612 Baffianum

299 640 356 672 per
367 631 488 665 milites
499 633 532 666 δε
544 632 718 666 Arenarios
731 630 822 662 fuisse
836 628 995 662 intrusum
1007 653 1017 668 ‚
1041 627 1179 671 ideoque

297 681 532 725 Episcopatum
544 682 611 724 ejus
624 692 682 713 nec
692 690 746 721 per
753 689 886 713 centurn
896 690 1057 712 annorum
1068 679 1177 722 pacifi-

296 741 368 766 cam
388 732 608 774 poffeffionem
621 729 758 773 potuissse
770 728 1011 777 firmarileam
1022 728 1062 762 de
1076 730 1178 762 intru-

295 781 335 813 fis
357 783 503 825 regulam
525 783 624 814 servat
635 781 815 814 etiamnum
841 777 941 812 hodie
955 778 1095 813 Ecclesia
1109 779 1177 812 Ro-

294 842 391 865 mana
412 856 418 863 .
445 832 490 865 Et
510 830 627 864 merito
647 856 653 863 .
682 831 816 864 Etenim
838 830 953 863 fastam
978 841 1033 872 per
1055 829 1175 862 milites

293 892 351 915 aut
369 882 506 916 aliorum
521 882 679 915 violentas
701 892 816 914 manus
831 879 1043 912 intrusionem
1066 879 1175 912 adver-

292 931 354 964 sari
367 931 567 975 Apostolicis
580 930 776 966 Canonibus
787 954 797 970 ,
816 929 964 962 adfirmat
977 929 1010 961 in
1026 928 1173 970 Epistola

291 982 333 1014 ad
354 981 557 1021 monachos,
582 981 615 1014 ἀ
630 981 663 1014 in
688 981 804 1013 litteris
828 978 868 1013 ad
880 989 996 1012 omnes
1015 978 1172 1013 orthodo-

289 1042 351 1064 xos
365 1055 375 1070 ,
400 1031 434 1064 &
456 1032 492 1064 in
514 1031 667 1075 apologia
690 1029 841 1064 adversus
854 1028 1089 1062 Constantium
1111 1029 1174 1063 lm-

288 1091 470 1124 peratorem
493 1081 627 1115 Sanctus
649 1078 868 1118 Athanasius,
894 1091 995 1123 agens
1009 1079 1049 1112 de
1075 1080 1171 1113 simili

285 1131 466 1165 intrusione
477 1131 616 1175 Georgii
630 1129 837 1174 Cappadocis
856 1129 892 1163 in
915 1129 1021 1163 sedem
1032 1127 1171 1163 Alexan-

285 1180 431 1214 drinam.
456 1181 526 1224 Ipsa
539 1184 600 1215 effe
612 1180 769 1224 perpetuo
789 1178 1028 1224 irreparabilem
1052 1179 1167 1214 defini-

283 1230 332 1263 vit
343 1230 496 1274 Synodus
506 1231 698 1265 Sardicensis
709 1255 716 1262 .

334 1282 377 1314 Et
391 1280 467 1315 hinc
478 1282 622 1325 petitorii
634 1280 745 1323 judicii
759 1281 844 1314 viam
858 1280 985 1324 ingressi
1007 1280 1080 1314 sunt
1100 1280 1170 1324 glo-

281 1330 511 1373 riosijudices,
538 1333 578 1367 ad
591 1331 773 1365 Baffianum
796 1333 936 1365 actorem
960 1330 1168 1364 interlocuti:

280 1381 426 1422 ostendat
439 1384 592 1422 Baffianus
613 1383 771 1416 reverendi
790 1393 865 1414 imus
878 1404 888 1420 ‚
907 1380 937 1422 st
947 1389 1004 1422 per
1022 1382 1165 1421 synodum

279 1433 578 1471 reverendiffimorum
589 1437 618 1465 E
617 1431 796 1475 p1scoporum
818 1433 851 1465 <¹:³-
862 1429 996 1473 consueta
1007 1426 1167 1465 ordinatio-

278 1487 328 1514 m's
349 1485 410 1526 lege
421 1481 583 1525 Episcopus
596 1482 786 1524 Ephesiorum
799 1482 966 1521 metropolis
980 1480 1016 1521 est
1038 1480 1165 1520 constitu-

276 1540 342 1563 tus.
376 1532 603 1566 Ursisseillum
616 1532 790 1569 videntur,
815 1541 852 1563 ut
867 1539 943 1563 ante
962 1532 1077 1564 omnia
1102 1531 1165 1565 sese

275 1581 317 1614 de
331 1582 554 1615 translationis
569 1581 651 1615 vitio
663 1590 810 1624 purgaret
826 1601 835 1612 .
862 1580 954 1612 Hinc
965 1582 1055 1614 enim
1077 1592 1166 1624 repo-

274 1632 359 1665 suit:
388 1636 417 1664 E
421 1643 562 1665 vazorum
574 1644 624 1676 ego
635 1642 726 1673 neque
738 1641 868 1673 unquam
873 1629 979 1671 fac‘lus
997 1629 1065 1674 siim
1080 1655 1090 1670 ,
1116 1642 1164 1663 ne-

274 1693 332 1723 que
339 1682 485 1723 profeclus
495 1683 562 1715 illuc
574 1708 584 1723 ,
606 1681 666 1725 fi'd
674 1687 739 1715 vim
747 1682 847 1723 passus
863 1678 933 1723 sum
954 1682 1162 1714 denominatus

274 1731 438 1774 Episcopus
450 1757 457 1764 .
487 1736 622 1766 Canones
633 1730 859 1773 maniftstisunt
872 1755 879 1763 .
910 1734 1022 1764 Dicant
1032 1735 1140 1764 Patres
1153 1756 1163 1772 ,

265 1781 299 1824 fi
313 1784 522 1824 praejudicium
546 1782 585 1824 est
606 1783 759 1822 ordinari,
786 1792 837 1814 nec
855 1780 1015 1825 proficisci.
1043 1780 1101 1825 Ipfi
1117 1783 1164 1814 di·

271 1840 358 1867 cant.
386 1838 549 1867 Noverunt
560 1835 678 1877 regulas
691 1846 701 1865 :
727 1833 861 1874 Supplico
876 1840 909 1865 ut
933 1832 1056 1865 audiar‘.
1085 1836 1163 1865 Inte·

254 1888 332 1915 -rim
345 1882 538 1926 praesumptio
560 1884 741 1922 declaretur,
766 1894 826 1924 qua
852 1883 1028 1916 aueiorieate
1053 1881 1097 1921 uli
1115 1893 1163 1914 ca-

267 1939 386 1975 pientes
399 1932 563 1976 clauserunt
575 1945 621 1967 me
633 1958 642 1973 ‚
669 1934 702 1966 (5
721 1941 789 1965 tunc
810 1933 847 1964 de
866 1934 1031 1964 sacerdotio
1052 1937 1162 1974 quaeri-

269 1994 337 2016 mus
351 2008 358 2015 .
389 1986 491 2018 Primo
506 1985 542 2018 de
563 1984 706 2017 violentia
730 1990 899 2024 quaeratur.
927 1979 1041 2015 Primo
1071 1982 1161 2015 enim

269 2032 313 2067 de
325 2035 430 2077 spolio
441 2034 558 2077 qnaeri,
585 2034 619 2067 δε
646 2033 819 2076 spoliatum
842 2031 1042 2076 Episcopum
1065 2031 1160 2074 plene

271 2084 471 2127 antejudicii
487 2083 664 2129 ingressum
676 2082 798 2116 restitui
820 2081 978 2115 mandant
1000 2082 1033 2115 δε
1054 2082 1161 2115 Cano·

268 2145 328 2168 nes
347 2135 382 2168 δε
406 2134 512 2179 leges.
541 2133 588 2166 At
605 2132 788 2176 Stephanus
811 2131 1003 2166 intercessit:
1028 2133 1161 2173 supplico

275 2193 310 2217 ut
321 2191 460 2219 canones
469 2186 636 2229 relegantur
648 2207 659 2224 ,
686 2188 736 2225 qui
747 2184 850 2215 dicunt
862 2190 895 2215 ut
907 2187 934 2214 is
946 2206 956 2221 ,
982 2187 1032 2224 qui
1046 2187 1078 2213 in
1097 2183 1160 2214 alia

270 2238 395 2269 civitate
406 2235 560 2268 ordinatus
583 2233 619 2274 est
633 2256 643 2272 ,
667 2233 797 2273 constitui
818 2244 876 2265 non
891 2232 973 2273 pqffit
993 2237 1026 2264 in
1047 2232 1159 2265 altera.

270 2285 370 2319 Dixit
379 2285 565 2319 Bassianum
577 2284 683 2319 Sansti
695 2282 819 2318 Leonis
829 2305 840 2322 ‚
859 2282 1011 2316 omnium
1023 2281 1161 2315 Patriar-

271 2333 404 2370 charum
420 2359 429 2374 ‚
456 2336 488 2368 &
501 2334 640 2379 Augusti
653 2331 962 2377 Principisjuffione
973 2333 1137 2365 extrusum
1149 2357 1160 2372 ,

272 2387 308 2419 se
319 2384 424 2419 essein
437 2385 624 2427 poffeffione
646 2384 793 2429 legitima
806 2407 816 2424 ‚
843 2380 983 2425 ideoque
1003 2382 1158 2426 petitorio
1172 2367 1176 2413 l

271 2434 396 2480 judicio
404 2434 568 2479 agendum
582 2460 588 2466 .

325 2485 404 2519 Erat
415 2494 504 2527 aequa
516 2484 670 2530 allegatio
682 2508 692 2524 ,
719 2481 859 2526 ideoque
880 2482 1011 2526 gloriosi
1035 2481 1159 2525 judices

272 2534 313 2569 de
327 2535 522 2568 Canonibus
536 2546 590 2578 per
600 2545 768 2577 utramque
780 2543 903 2576 partem
926 2532 1093 2574 postulatis
1114 2531 1159 2565 di-

273 2595 366 2619 xere:
404 2586 583 2628 Relegantur
596 2608 604 2615 .
638 2584 682 2617 Et
709 2594 791 2616 mox
823 2583 981 2617 Leontius
1012 2582 1159 2615 Ecclefiae

271 2636 492 2679 Magnesianae
513 2636 694 2679 Episcopus
706 2645 746 2667 ex
758 2632 871 2667 codice
891 2632 1070 2666 Canonum
1097 2632 1158 2665 Ec-

274 2686 375 2720 clefiae
387 2686 541 2720 universae
551 2685 634 2730 legit
646 2684 792 2728 regulam
804 2682 1046 2727 nonagesimam
1058 2682 1152 2724 quin-

275 2745 342 2769 tam
358 2760 368 2775 ,
378 2737 505 2770 sextum
516 2735 680 2771 decimum
695 2734 871 2767 Canonem
882 2732 1131 2768 Antiochenum
1147 2745 1158 2765 .·

275 2788 307 2819 sa·
317 2792 383 2828 quis
394 2784 559 2830 Episcopus
572 2796 685 2819 vacans
703 2783 793 2826 super
815 2781 973 2824 Ecclesiam
998 2791 1158 2816 vacantem

271 2833 460 2879 semetipsum
471 2838 607 2878 injiciens
620 2860 630 2875 ,
652 2833 832 2877 subripuerit
849 2832 949 2876 sedem
960 2841 1074 2875 praeter
1090 2841 1158 2874 per-

272 2883 384 2925 fec'lum
394 2889 574 2927 Concilium,
601 2885 678 2918 hunc
687 2883 893 2925 expellendum
915 2883 965 2925 esse
978 2907 988 2922 ‚
1013 2885 1079 2916 licet
1101 2894 1157 2915 om—

235 2930 240 2935 ’
277 2939 327 2967 nis
333 2939 458 2976 populus
469 2959 480 2976 ,
507 2947 594 2978 quem
614 2940 743 2976 arripuit
756 2956 766 2972 ‚
806 2943 872 2965 eum
890 2934 1009 2976 elegerit
1023 2957 1031 2964 .
1058 2932 1157 2975 Legit

278 2984 467 3027 &regulam
490 2986 731 3030 nonagesimam
753 2984 902 3022 sextam,
928 2983 1091 3015 decimum
1115 2983 1159 3015 se-

278 3033 420 3077 ptimum
429 3034 601 3070 Canonem
616 3031 887 3069 Antiochenum:
912 3034 944 3065 si
956 3037 1020 3075 quis
1042 3029 1158 3073 Episco-

274 3092 337 3126 pus
346 3085 557 3118 ordinationem
580 3091 722 3127 acceperit
743 3082 966 3127 Epiftopatus,
1000 3084 1034 3117 (⁴5
1052 3083 1158 3124 populo

276 3133 395 3177 praeeffe
405 3133 539 3167 decretus
552 3146 608 3168 non
628 3140 807 3177 acquieverit
829 3134 1039 3173 ominatum,
1067 3143 1173 3175 neque¹

279 3189 306 3215 ei
311 3181 483 3227 persuasum
487 3181 584 3224 fuerit
590 3182 729 3226 proficisci
739 3184 784 3215 ad
799 3181 958 3223 Ecclefiam
965 3182 1020 3224 fibi
1031 3181 1157 3225 commis:

278 3231 365 3274 sam,
391 3233 468 3267 hunc
484 3240 763 3266 excommunicatum
773 3233 843 3275 effit,
870 3234 958 3266 donec
978 3232 1090 3266 coac‘lus
1113 3243 1159 3265 ac-

283 3282 430 3325 quiescat,
455 3284 684 3325 autquidquam
702 3284 739 3314 de
750 3294 780 3315 eo
800 3281 1010 3325 Episcoporum
1031 3285 1158 3316 Provin-

283 3337 337 3364 ciae
348 3334 475 3369 synodus
483 3332 620 3374 perfida
629 3331 754 3374 definiat
766 3356 773 3363 .
801 3331 918 3365 Haecee
929 3333 1069 3365 clausula
1091 3333 1159 3375 plu-

283 3381 404 3415 timum
424 3383 549 3415 favebat
571 3381 738 3416 Baffiano.
766 3381 853 3414 Eum
880 3382 999 3423 quippe
1025 3381 1159 3415 Basilius

282 3429 498 3476 Ephesiorum
506 3431 631 3468 Primas
640 3431 681 3467 ab
693 3431 875 3467 Evazorum
900 3430 1040 3465 Ecclesia
1062 3433 1158 3475 syno-

1161 3486 1211 3605 ι,

977 152 1436 196 ΑΡΡεΝυικ

1245 232 1359 267 daliter
1378 234 1554 271 absolverat
1567 263 1578 278 ,
1605 238 1793 286 Episcopale
1815 238 1880 279 sine
1901 256 1977 279 cura
2002 256 2123 282 nomen

1246 284 1280 317 δε
1312 283 1509 327 dignitatem
1542 290 1747 332 permittens,
1772 303 1871 337 atque
1890 296 1933 330 ita
1956 298 2126 341 reliquerat

1245 343 1357 375 aptum
1369 333 1409 367 ad
1421 334 1517 369 aliam
1530 336 1704 372 Ecclesiam
1724 341 1789 376 sine
1811 345 1987 381 Canonum
2009 359 2127 391 praeva·

1246 384 1348 416 ricatu
1365 385 1589 428 transportari.

1292 432 1385 467 Hinc
1407 435 1524 469 iterum
1542 436 1677 480 gloriosi
1697 437 1843 480 judices:
1869 446 2033 480 Reverendi
2051 458 2126 480 unus

1243 482 1409 526 Episcopus
1424 487 1578 525 Baffianus
1591 487 1726 529 edoceat,
1751 495 1818 530 quis
1828 501 1892 523 eum
1906 494 1984 534 ficit
2006 497 2127 540 Episco-

1239 542 1328 574 pum.
1357 534 1459 568 Noffe
1480 536 1676 577 voluerunt,
1704 539 1813 573 utrum
1835 540 1980 585 legitima
2000 547 2127 581 electio.

1246 583 1298 615 nis
1310 595 1347 616 ac
1360 583 1647 621 inthronizationis
1658 589 1709 621 via
1723 588 1919 631 Ephesinam
1941 591 2126 630 cathedram

1243 632 1471 668 adscendisset.
1500 635 1611 670 Erille
1633 638 1775 680 reposuit
1792 652 1802 672 .·
1829 643 1910 674 Unus
1929 653 2050 682 eorum,
2074 652 2126 687 qui

1241 693 1287 714 me
1297 682 1535 718 inthronizarunt
1548 711 1557 726 ‚
1583 686 1630 720 bic
1654 687 1691 728 est
1707 688 1874 731 olympius.
1902 691 2011 735 Nescio
2031 694 2128 727 alios:

1244 737 1324 765 Hunc
1345 735 1490 766 recordor.
1518 737 1628 771 Faflus
1654 738 1699 771 est
1727 739 1758 772 se
1784 739 1824 773 ab
1857 752 1926 775 uno
1961 743 2125 788 Olympio

1241 782 1586 827 Theodosiopolitano
1596 787 1760 831 Episcopo
1769 791 1861 824 fuisse
1871 792 2010 826 elestum
2023 803 2121 836 atque

1241 831 1499 868 inthronizatum
1518 859 1529 875 ,
1553 836 1660 869 &isto
1673 838 1770 872 verbo
1780 850 1913 874 omnem
1935 843 2025 876 suam
2038 855 2114 877 cau·

1242 883 1304 916 sam
1318 885 1431 917 evertit
1446 909 1452 917 .
1480 885 1643 929 Reparate
1654 897 1790 921 conatus
1804 889 1848 923 est
1872 891 2038 926 Lucianus
2060 893 2126 936 By-

1238 933 1336 966 zensis
1349 934 1382 966 in
1395 934 1525 978 Europa
1548 936 1746 981 Episcopus:
1773 941 1837 982 ,Qui
1855 939 1958 973 habuit
1975 944 2029 983 jus
2040 967 2051 983 ,
2073 942 2126 986 su-

1234 982 1328 1026 scepit
1339 995 1404 1017 eum
1415 984 1499 1018 bonae
1519 992 1666 1020 memoriae
1689 990 1810 1021 Proclus
1823 1014 1834 1030 ,
1860 992 1894 1024 Θ
1911 990 2040 1035 fitftepit
2057 1004 2125 1026 eum

1237 1033 1320 1066 bonae
1339 1040 1484 1068 memoriae
1505 1035 1673 1078 Theodosius
1692 1039 1832 1079 pitffimus
1866 1044 2055 1083 Imperator,
2088 1045 2124 1077 ό*

1237 1094 1346 1116 zvocans
1356 1096 1402 1117 eos
1425 1091 1532 1118 amicos
1554 1086 1664 1126 effecit.
1692 1089 1752 1120 5ed
1773 1098 1873 1124 tamen
1893 1101 1945 1123 cur
1968 1091 2004 1131 est
2021 1095 2123 1134 expul-

1231 1132 1283 1175 sus
1298 1134 1314 1166 ‚2
1341 1135 1450 1169 Falsus
1461 1134 1505 1169 est
1519 1136 1705 1171 Bassianum
1722 1137 1763 1172 ab
1774 1150 1843 1173 uno
1864 1140 2027 1185 Episcopo
2053 1153 2122 1176 non

1237 1185 1372 1226 potuisse
1395 1184 1472 1229 eligi
1497 1185 1782 1228 acinthronizari‚
1807 1188 1932 1223 addidit
1954 1191 2032 1225 vero
2051 1202 2124 1225 om·

1235 1245 1310 1267 nem
1323 1233 1410 1267 hunc
1422 1236 1583 1269 defectum
1595 1236 1687 1270 fuiffe
1703 1238 1885 1281 suppletum
1898 1252 1935 1273 ac
1947 1252 2119 1285 purgatum

1234 1294 1288 1325 per
1300 1285 1406 1318 Sanc‘ti
1421 1284 1529 1319 Procli
1543 1285 1793 1321 Patriarchalem
1808 1289 2094 1325 confirmationem
2108 1316 2120 1331 ,

1234 1335 1420 1368 roboratam
1430 1336 1528 1368 etiam
1541 1336 1773 1379 sacrajuffione
1795 1336 1977 1374 Theodosii
2003 1340 2121 1385 Augu-

1233 1383 1270 1416 sti
1284 1408 1291 1415 .
1318 1383 1411 1418 Hinc
1423 1385 1564 1428 spolii&
1577 1386 1746 1421 reddendae
1757 1388 1956 1431 posseffionis
1968 1392 2120 1434 quaestio-

1234 1444 1308 1466 nem
1327 1432 1437 1468 denuo
1464 1436 1630 1476 tentavit,
1667 1437 1798 1472 censens
1829 1438 2018 1474 Bassianum
2038 1450 2116 1480 ante,

1231 1483 1343 1517 omnia
1356 1484 1589 1518 restituendum
1602 1509 1610 1517 .

1281 1533 1342 1568 Ast
1354 1533 1387 1566 id
1398 1545 1466 1567 non
1478 1535 1599 1577 placuit
1620 1535 1767 1580 gloriosis
1789 1538 1973 1582 iudicibuS‚
1999 1542 2117 1586 petito->

1231 1583 1314 1617 rium
1333 1582 1490 1626 judicium
1504 1585 1763 1628 prosequendum
1785 1589 2002 1631 ducennbus,
2028 1590 2117 1626 ideo-

1229 1644 1292 1676 que
1329 1634 1606 1678 interrogantibus
1653 1637 1853 1680 Olympium
1890 1640 2114 1684 Episcopum,

1230 1694 1309 1716 num
1322 1684 1386 1726 ipse
1398 1684 1678 1729 solus&qualiter
1699 1686 1886 1722 Bassianum
1910 1690 2054 1735 elegisset
2077 1703 2117 1725 ac

1227 1732 1488 1769 inthronizasset.
1514 1734 1571 1769 Ad
1586 1746 1655 1779 quae
1674 1736 1750 1770 ille:
1773 1738 1841 1778 Post
1863 1749 1986 1773 mortem
2011 1740 2117 1784 Basilii

1227 1781 1389 1826 Episcopi,
1410 1790 1462 1826 qui
1486 1785 1534 1817 illo
1555 1792 1683 1827 tempore
1695 1787 1807 1826 furtin
1830 1794 1977 1831 civitate,
2003 1796 2036 1824 in
2056 1802 2116 1834 qua

1226 1834 1378 1866 ordinatus
1383 1832 1450 1876 sum
1462 1833 1625 1876 Episcopus
1638 1835 1866 1879 Theodosiopolis
1884 1862 1894 1877 ‚
1920 1845 1954 1871 in
1977 1851 2014 1872 ea
2034 1842 2116 1884 dige-

1225 1883 1312 1916 bam.
1350 1885 1577 1916 mandaverunt
1600 1884 1674 1917 mihi
1695 1887 1801 1919 Clerici
1821 1893 1959 1920 civitatis
1982 1884 2125 1931 Ephefi‘,‘

1225 1934 1355 1966 dicentes
1380 1940 1451 1966 veni
1469 1932 1546 1974 huc,
1582 1943 1616 1967 ut
1638 1938 1773 1969 canonice
1795 1939 2011 1971 ordinationem
2025 1938 2115 1983 susci-

1220 1989 1291 2024 piat
1303 1989 1412 2016 civitas
1426 2007 1437 2023 ,
1463 1990 1600 2025 quoniam
1622 1985 1799 2017 obdormivit
1825 1985 1941 2028 sandlae
1965 1995 2113 2023 memoriae

1224 2031 1350 2074 Basilius
1362 2058 1373 2074 ,
1400 2039 1451 2076 qui
1454 2032 1523 2075 fuit
1533 2031 1716 2076 Episcopus.
1744 2038 1809 2078 Ego
1823 2039 1895 2078 vero
1917 2036 1974 2069 has
1988 2040 2112 2071 litteras

1222 2088 1368 2124 accipiens
1381 2085 1516 2124 adveni,
1541 2085 1664 2116 credens
1675 2090 1746 2126 quia
1769 2088 1803 2119 (τ
1814 2086 1867 2118 alii
1885 2089 2113 2128 reverendiffimi

1224 2131 1363 2175 Episcopi
1372 2138 1468 2165 vocati
1478 2133 1565 2176 essent
1578 2158 1585 2165 .
1612 2138 1688 2167 Ante
1701 2143 1762 2167 tres
1785 2146 1887 2169 autem
1908 2138 1973 2169 dies
1989 2162 1999 2177 ,
2019 2150 2112 2181 quam

1223 2182 1272 2223 iste
1283 2184 1421 2226 ingressus
1432 2183 1494 2226 effer
1505 2182 1661 2225 Ecclesiam
1673 2208 1682 2222 ,
1708 2194 1742 2217 ut
1752 2184 2004 2220 inthronizaretur
2017 2211 2028 2227 ‚
2039 2189 2112 2221 dum

1223 2233 1406 2276 applicassem
1427 2239 1459 2266 in
1492 2234 1621 2275 quodam
1644 2232 1787 2277 hospitio,
1820 2233 1999 2278 sustinebam
2020 2243 2111 2271 etiam

1222 2284 1470 2323 reverendtffimos
1481 2281 1640 2326 Episcopos
1652 2306 1662 2322 ,
1687 2294 1720 2317 ut
1731 2285 2035 2328 canonicesecundum
2053 2299 2113 2320 mo-

1222 2345 1284 2366 rem
1295 2334 1442 2365 ordinatio
1459 2339 1650 2374 proveniret.
1682 2339 1721 2367 Ut
1740 2347 1805 2378 ergo
1827 2343 1960 2377 primam
1977 2361 1986 2375 ‚
2011 2339 2046 2371 ὅ)
2063 2336 2112 2381 fit·

1220 2384 1371 2422 cundum,
1396 2384 1429 2416 (5
1447 2390 1574 2417 tertiam
1589 2383 1780 2427 sustinuissem
1806 2386 1884 2418 diem
1906 2392 1939 2418 in
1964 2386 2110 2429 hospitio,

1221 2434 1254 2466 (τ
1267 2433 1343 2466 alter
1367 2433 1466 2466 nullus
1488 2433 1526 2473 est
1539 2439 1682 2466 inventus
1709 2432 1890 2476 Episcopus,
1915 2437 2038 2469 tandem
2057 2448 2109 2470 ve-

1221 2488 1335 2515 nientes
1355 2483 1478 2524 quidam
1501 2484 1518 2515 ἑ
1545 2484 1717 2515 reverendi!
1741 2483 1866 2516 clericis
1887 2486 1991 2517 dicunt
2011 2485 2108 2519 mibi:

1221 2534 1279 2564 Alii
1289 2530 1427 2574 Episcopi
1441 2543 1498 2565 non
1503 2529 1576 2574 sunt
1586 2532 1634 2564 hic
1647 2556 1658 2571 ,
1684 2533 1760 2574 quid
1771 2532 1860 2574 fabio
1870 2533 1909 2575 est
1920 2543 1991 2575 opus
2007 2537 2020 2569 ?
2052 2539 2108 2568 Di·

1220 2581 1317 2614 cebam
1327 2593 1395 2625 ego:
1421 2583 1503 2616 solus
1529 2582 1606 2624 quid
1618 2584 1727 2625 poffum
1731 2581 1857 2623 facere?
1883 2585 2034 2627 ‚Quoniam
2057 2597 2109 2619 ex-

1220 2641 1269 2664 tra
1289 2639 1433 2664 rationem
1444 2635 1597 2664 canonum
1608 2631 1646 2672 est
1659 2631 1747 2670 [olum
1767 2631 1947 2676 Epist-opum
1971 2633 2109 2678 dispone-

1219 2693 1251 2715 re
1272 2681 1446 2722 Ecclesiam,
1476 2689 1510 2715 0·
1531 2684 1664 2715 maxime
1686 2690 1783 2716 tantae
1802 2685 1967 2725 metropolis
1981 2709 1988 2716 .
2028 2686 2107 2719 Cum

1220 2743 1286 2775 ergo
1297 2731 1360 2765 haec
1377 2731 1509 2773 loquerer
1531 2743 1641 2765 mecum
1653 2754 1664 2770 ‚
1690 2734 1879 2766 circumdedit
1900 2732 2076 2775 rnanfionem
2092 2759 2104 2775 ,

1220 2787 1252 2814 in
1275 2793 1336 2824 qua
1356 2793 1439 2815 eram
1452 2805 1462 2821 ‚
1487 2787 1643 2815 innumera
1664 2784 1839 2823 multitudo,
1866 2785 1901 2818 6·
1923 2783 2035 2826 nescivi
2053 2785 2111 2818 ub>

1218 2832 1321 2874 essem,
1346 2832 1486 2864 &coram
1511 2839 1598 2864 tanta
1614 2832 1777 2873 potestate,
1804 2834 1839 2867 ό*
1869 2843 1967 2866 coram
1987 2835 2106 2874 altari,

1218 2882 1343 2924 quidam
1359 2883 1493 2914 enudans
1501 2883 1638 2924 gladium
1650 2907 1661 2922 ,
1688 2880 1866 2924 Holofericus
1880 2890 1995 2917 nomine
2008 2907 2019 2924 ,
2047 2889 2101 2927 qui

1214 2940 1288 2972 puto
1299 2936 1482 2963 Comitianus
1494 2931 1533 2970 est
1549 2955 1560 2970 ,
1585 2938 1672 2965 venit
1692 2932 1725 2965 (9⁶
1737 2931 1798 2975 ipse
1816 2933 1953 2966 &omnis
1974 2935 2104 2966 multitu·

1218 2982 1273 3021 do,
1299 2982 1333 3015 (9
1349 2988 1503 3022 portantes
1524 2992 1570 3014 me
1592 2983 1781 3015 adduxerunt
1801 2987 1835 3015 in
1858 2982 2031 3024 Ecclefiam.
2056 2986 2104 3017 Et

1217 3038 1262 3063 ita
1272 3042 1337 3063 cum
1347 3032 1478 3064 ducentis
1489 3039 1540 3062 aut
1552 3038 1689 3065 trecenns
1701 3031 1864 3066 hominibus
1886 3034 1920 3067 (5
1933 3044 1980 3067 me
1997 3034 2031 3066 (Ψ
2057 3039 2103 3076 ip*

1213 3080 1280 3123 sum
1290 3082 1468 3114 levaverunt
1490 3086 1521 3113 in
1527 3079 1629 3123 sedem
1640 3104 1651 3120 ‚
1671 3084 1705 3116 ζ’)
1725 3081 1937 3115 inthronizati«,
1957 3078 2103 3119 celebrata

1217 3130 1253 3170 est
1265 3154 1272 3162 .
1301 3128 1395 3173 Usque
1405 3132 1448 3162 ad
1456 3129 1529 3170 buc,
1555 3133 1802 3172 quemadmodum
1815 3131 1939 3173 fac‘lum
1959 3131 2019 3173 est,
2045 3141 2098 3163 no·

1216 3186 1268 3212 vi.
1297 3179 1352 3212 Ad
1364 3191 1432 3223 quae
1443 3180 1553 3216 omnia
1566 3181 1729 3217 Bassianus
1743 3182 1837 3218 novit
1849 3191 1951 3216 unum
1962 3180 2024 3214 hoc
2051 3190 2100 3213 re-

1215 3240 1358 3272 ponere:
1386 3233 1530 3263 Mentitus
1551 3230 1608 3270 est.
1637 3232 1687 3266 lta
1709 3231 1777 3275 ejus
1800 3230 1942 3268 violenta
1961 3229 2098 3265 intrusio

1217 3279 1278 3314 fuit
1298 3278 1427 3314 abunde
1440 3279 1573 3322 probata
1588 3305 1595 3312 .
1618 3298 1620 3301 »

1265 3330 1359 3364 Hinc
1371 3329 1518 3363 Ecclefiae
1537 3330 1910 3373 Constantinopolitanae
1930 3326 2097 3367 Clericos,

1217 3381 1271 3414 An
1285 3381 1417 3414 Sanctus
1429 3379 1562 3413 Proclus
1574 3378 1758 3414 patriarcha
1782 3378 1963 3411 Baffian-urn
1990 3379 2097 3412 revera.

1218 3432 1253 3464 in
1274 3429 1439 3474 Ephesinae
1458 3430 1604 3464 Ecclefiae
1622 3427 1838 3464 primatialem
1863 3427 2096 3471 Episcopatum

2000 3488 2042 3511 ex
