2340 3736
343 140 465 185 86'

329 222 433 258 Porro
442 225 563 261 Canon
576 225 682 261 noster
694 223 825 259 Clerico
845 224 909 258 fine
928 221 1160 258 commendati-

281 271 336 308 tiis
355 276 498 312 venienti
519 288 586 311 non
613 278 737 310 sacrum
751 273 922 311 dumtaxat
945 273 1160 307 ministerium

280 325 472 368 interdicit,
498 328 551 361 sed
587 327 621 360 δε
643 325 760 360 adimit
780 325 872 358 illum
903 323 1039 366 hospitis
1057 320 1160 355 hono-

282 385 352 408 rem
364 401 374 417 ,
394 377 434 411 de
447 388 512 420 quo
523 375 632 411 scribit
642 379 773 412 Sanetus
789 377 859 410 Leo
872 374 1016 418 Magnus
1026 373 1066 407 ad
1080 373 1161 406 Dio-

283 426 410 460 scorum
434 428 630 471 Episcopum
652 425 913 461 Alexandrinum
927 449 934 455 .
963 424 1162 463 Poffidom'us,

283 476 432 512 Ecclefiae
451 478 561 512 vestrae
571 478 724 516 Presbyter
736 500 747 517 ,
773 477 807 509 δε
818 474 921 508 vester
938 472 979 507 ad
990 484 1050 506 nos
1060 473 1164 515 Lega-

283 535 336 561 tus
349 552 360 567 ,
387 527 489 567 nostris
506 528 720 570 proceffionibus
740 535 824 567 atque
843 522 1164 564 Ordinationibusfrc-

240 578 266 595 ·²
284 586 406 620 quenter
426 578 580 621 interfuit.
621 579 666 614 Et
689 579 828 621 Joannes
847 575 1015 608 Ravennae
1038 573 1163 606 Metro·

244 629 250 636 '
284 627 388 672 polita
406 629 441 662 in
465 628 582 663 litteris
612 629 653 663 ad
676 628 827 662 Sannum
866 624 1065 669 Gregorium
1094 622 1163 655 Ma—

284 690 404 722 gnum.
431 680 556 722 ,Quoties
582 681 626 711 ad
655 675 847 720 Episcopatus
870 676 1084 708 ordinationem
1110 682 1163 705 aut

283 727 421 772 responsa
441 730 610 762 sacerdotes
632 729 684 760 vel
695 728 814 760 Levitae
827 729 1018 758 Ravennatis
1031 722 1164 758 Ecclek‘ae

284 783 409 819 Romqm
431 788 598 818 venerunt,
624 789 721 810 omnes
754 783 787 809 in
820 776 908 808 oculis
925 773 1163 818 sanHrjffimorum

283 829 442 870 vestrorum
462 829 638 872 Decefforum
659 839 723 862 cum
743 828 892 868 mappulis
908 825 970 868 fine
992 826 1096 866 aliqua
1124 834 1165 856 re-

281 878 461 921 prebenfione
479 879 692 922 procedebant.
721 880 824 921 ,Quare
851 882 943 909 etiam
961 887 992 908 eo
1014 882 1142 916 tempore
1155 898 1166 914 ,

283 941 340 972 quo
359 929 420 970 istic
448 933 469 962 ἃ
500 929 702 972 Praedecefflre
730 927 821 967 vestro
846 934 980 968 peccator
1011 925 1165 956 ordinatus

281 978 368 1023 sum,
394 979 489 1013 candit
510 979 672 1016 Presbyteri
697 979 732 1011 (Ὗ
747 981 868 1008 Βὶιιεοηι·
889 981 988 1018 νησὶρη
1000 973 1163 1016 obsequium

112 1033 181 1066 L-4.
287 1033 406 1062 Domlni
427 1032 521 1071 Papae
542 1039 651 1061 mecum
669 1028 859 1070 procedentes
871 1025 915 1065 ufi
928 1023 1018 1069 sunt.
1044 1025 1088 1057 Et
1104 1023 1167 1067 ipse

108 1072 198 1110 Epist·
224 1083 268 1112 ¹5·
284 1079 461 1123 Gregorius
488 1079 524 1111 in
558 1077 675 1112 litteris
695 1076 901 1119 responsoriis
924 1076 964 1109 ad
987 1076 1145 1118 Joannem
1159 1098 1166 1106 .

282 1134 333 1162 Ne
349 1124 472 1168 credas,
499 1133 570 1170 quia
588 1139 639 1171 ego
651 1125 806 1167 Ecclesiam
829 1136 913 1159 tuam
939 1132 973 1158 in
997 1126 1094 1166 aliquo
1099 1135 1167 1168 gra-

281 1184 349 1211 vari
368 1188 419 1210 aur
440 1183 534 1211 minui
554 1180 641 1211 volo:
678 1177 840 1210 Recordare
875 1182 906 1208 in
937 1175 1086 1217 Missurum
1113 1178 1167 1206 Ro-

280 1239 437 1262 manarum
454 1227 621 1271 solennibus
631 1227 681 1260 ubi
705 1231 873 1260 Ravennas
891 1224 1167 1265 Diaconusstabat,

280 1280 314 1312 ὠ·
334 1285 446 1321 require
456 1279 505 1310 ubi
518 1277 601 1311 hodie
616 1278 699 1318 stat,
725 1278 760 1311 4&
786 1274 952 1320 cognosces,
978 1281 1047 1318 quia
1069 1277 1167 1307 Eccle-

274 1328 351 1372 fiam
372 1333 584 1371 Ravennatem
609 1328 750 1362 honorare
771 1326 914 1369 desidero.
944 1326 987 1359 Et
1002 1327 1036 1360 in
1054 1325 1167 1358 litteris

281 1380 321 1413 ad
350 1378 531 1424 Eulogium
550 1377 817 1412 Alexandrinum
842 1389 878 1410 ac
892 1375 1095 1410 Anastafium
1109 1374 1165 1408 Pa-

281 1428 453 1464 triarcham
475 1426 727 1463 Antiochenum
742 1453 749 1459 .
779 1428 906 1471 Decessor
929 1437 1010 1460 meus
1035 1427 1164 1468 Pelagius

282 1483 465 1519 Diaconum,
492 1481 584 1513 suum
604 1478 691 1522 apud
712 1477 879 1520 Principes
902 1477 936 1509 in
962 1476 1067 1519 Regin
1091 1474 1168 1508 urbe

109 453 209 489 Ep.81.
220 459 267 481 c.2

108 1421 138 1449 L.
148 1430 174 1453 4.

103 1458 187 1497 Epist.
201 1463 245 1495 36.

282 1529 525 1573 Apocrisarium
536 1551 547 1567 ,
572 1539 648 1562 curn
659 1528 785 1571 Ioanne
797 1527 980 1570 jejunator-e
1004 1525 1168 1569 Episcopo

282 1578 655 1622 Constantinopolitano
671 1602 682 1618 ‚
709 1587 828 1610 nomen
847 1575 1033 1609 Patriarchae
1049 1581 1167 1608 univer-

275 1628 351 1674 salis
373 1628 561 1664 adsumente
574 1652 584 1668 ‚
613 1629 766 1671 Missurum
782 1625 920 1669 solennia
940 1625 1085 1659 celebrare
1100 1633 1169 1666 pro.-

280 1680 396 1713 hibuit.
425 1681 468 1713 Et
487 1681 521 1714 in
544 1679 659 1713 litteris
683 1676 723 1711 ad
736 1675 974 1716 Sabinianum,
1002 1677 1095 1709 suum
1109 1674 1167 1708 ibi-

279 1728 355 1764 dem
379 1729 625 1773 Apocrisarium
646 1728 680 1762 &
711 1727 924 1761 Diaconum.-
951 1730 1028 1758 Cum
1043 1728 1170 1769 Joanne

280 1779 426 1824 Episcopo
439 1781 591 1823 procedere
613 1791 651 1813 ne
667 1776 837 1821 praesumas
852 1803 859 1810 .
888 1775 1071 1824 Qiomodo
1096 1776 1170 1818 Epi-

280 1833 396 1874 scopos
416 1832 456 1865 ad
482 1830 648 1874 publicum
669 1828 860 1863 sacrificium
886 1828 920 1862 &
940 1825 1077 1861 verbum
1092 1851 1101 1865 ,
1126 1826 1168 1858 ira

280 1881 427 1915 Clericos
448 1879 589 1925 hospites
622 1880 687 1914 loci
719 1879 802 1914 olim
831 1879 1009 1922 Episcopus
1034 1875 1169 1911 honoris

280 1933 375 1966 causa
400 1932 434 1965 in
461 1932 563 1976 plenae
586 1929 836 1964 communionis
867 1928 1092 1963 testimonium
1116 1926 1170 1959 ad-

280 1980 432 2016 mittebat
455 1993 493 2016 ae
521 1980 681 2015 invitabat
707 1979 747 2014 ad
770 1979 1023 2022 processionem,
1051 1976 1083 2010 id
1102 1976 1144 2010 est
1159 2001 1168 2016 ‚

281 2030 323 2065 ad
346 2033 455 2066 secum
479 2033 513 2065 in
536 2030 664 2065 solenni
677 2029 833 2064 sacrificio
844 2028 1108 2073 procedendum,
1135 2026 1157 2059 fi

282 2082 381 2125 bique
403 2079 654 2115 ministrandum
671 2105 678 2111 .
706 2080 785 2113 Erat
808 2078 950 2114 omnino
960 2079 1064 2123 plenae
1084 2088 1168 2112 com-

281 2132 454 2167 munionis
476 2130 718 2165 testimonium.
745 2128 839 2162 Hinc
861 2130 953 2162 enim
972 2127 1013 2162 ad
1024 2130 1168 2163 octavam

282 2181 457 2226 synodum
488 2181 642 2216 dixerunt
665 2177 877 2222 Theophilus
907 2177 1084 2213 Iconienfis
1100 2203 1110 2218 ‚
1137 2179 1169 2212 &

284 2230 459 2266 Zacharias
479 2229 712 2265 Tauromeniae
724 2230 880 2273 Episcopi
892 2225 1086 2263 schismatici
1101 2252 1111 2268 ,
1137 2228 1170 2262 ἀ

284 2283 303 2316 ὲ
326 2280 450 2316 Photio
471 2282 597 2316 intruso
618 2278 994 2322 Constantinopolitano
1014 2279 1054 2312 ad
1066 2277 1176 2312 Nico-v

286 2334 377 2366 laum
401 2333 542 2376 primum
560 2330 759 2364 Pontificem
784 2330 923 2374 Legati.
951 2331 1115 2368 Diximus,
1137 2330 1170 2362 (θ’

287 2383 394 2416 ἰιενῖινη
412 2384 538 2415 dicimus
553 2406 564 2422 ,
590 2386 660 2423 quia
676 2388 708 2413 ut
726 2378 835 2423 summi
855 2380 1022 2412 Sacerdotes
1042 2376 1170 2421 suscepti

283 2432 387 2477 fiimus
410 2434 431 2465 ἃ
455 2435 544 2474 Papa
565 2432 710 2468 Nicoiao,
735 2431 768 2464 Θ
800 2428 1097 2469 comministravimus
1122 2434 1168 2467 ei,

289 2485 324 2517 ὡ·
344 2488 452 2525 recepti
472 2480 573 2526 fiemus
598 2481 636 2514 ab
662 2481 730 2514 illo.
760 2479 862 2528 Qod
876 2479 999 2513 Baanes
1011 2478 1171 2512 Patricius

287 2532 371 2567 reste
401 2531 486 2566 dixit
510 2532 573 2566 effe
603 2530 712 2572 idem,
745 2530 833 2573 quod
856 2540 932 2563 cum
959 2529 1046 2571 Papa
1073 2530 1170 2560 sacris

289 2588 424 2625 operari.
452 2582 496 2617 Et
513 2582 553 2616 de
574 2582 699 2625 Joanne
716 2580 874 2624 Lappenfi
896 2578 981 2623 apud
1003 2578 1171 2612 Cretenses

291 2633 479 2676 Episcopo,
506 2631 547 2665 ab
566 2631 688 2674 iniquis
709 2630 803 2664 Pauli
818 2630 1038 2672 Metropolitae
1048 2628 1171 2662 senten-

289 2683 344 2716 tiis
380 2681 551 2723 absoluto,
594 2681 752 2725 pleneque
783 2682 816 2714 in
848 2680 986 2724 gradum
1010 2678 1171 2722 reposito,

290 2732 397 2766 scribit
423 2733 579 2767 Pontifex
608 2732 823 2766 Vitalianus.-
861 2734 999 2763 Fecimus
1028 2726 1173 2771 nobiscum

292 2784 335 2815 ad
358 2782 509 2826 Missurum
529 2781 660 2826 solennia
680 2782 853 2823 procedere.
884 2781 927 2813 Et
940 2780 980 2813 de
1001 2776 1173 2813 Rothaldo

294 2832 507 2867 Sueffionenfi
519 2832 684 2876 Episcopo
696 2831 842 2865 similiter
864 2830 905 2864 ab
916 2829 1091 2863 Hincmari
1104 2828 1173 2862 Me·

292 2883 454 2925 tropolitae
478 2882 646 2917 sententiis
665 2893 717 2924 per
741 2880 923 2915 Nicolaum
934 2881 1075 2923 primum
1087 2878 1175 2912 Pon-

293 2933 415 2966 tificem
428 2931 576 2967 absoluto
586 2932 668 2967 dicit
680 2930 866 2965 Anastafius
876 2927 1152 2964 Bibliothecarius
1165 2941 1172 2960 :

295 2983 444 3024 Miffarum
461 2981 594 3025 solennia
613 2982 725 3024 utique
747 2991 823 3015 cum
848 2981 1001 3014 Domino
1023 2979 1111 3023 Papa
1129 2977 1175 3022 so-

106 1721 192 1762 Epist.
203 1731 249 1761 39.

108 2150 173 2183 Λέὶ·
183 2161 210 2186 4·

117 2742 203 2784 Epist.
223 2754 246 2774 1.

294 3034 420 3065 lenniter
438 3034 611 3066 celebravit.
640 3032 684 3067 Et
707 3029 784 3064 hinc
808 3041 883 3064 cum
905 3030 1172 3064 excommunica—

294 3092 332 3115 to
353 3093 408 3115 aut
419 3084 533 3125 quovis
556 3083 678 3118 vitioso
698 3080 835 3116 homine
845 3080 1016 3124 procedere
1028 3081 1090 3114 fuit
1100 3080 1177 3113 sem-

295 3143 350 3174 per
369 3132 404 3165 in
428 3132 568 3166 Ecclesia
591 3131 838 3177 grandissimum
858 3131 981 3164 crimen
995 3155 1002 3162 .
1041 3129 1193 3164 Etenim»

295 3192 397 3215 unum
419 3180 438 3214 ὲ
454 3180 617 3216 Zachariae
628 3181 849 3227 Anagnienfis
874 3181 907 3215 ὅ(
918 3179 1086 3214 Rodoaldi
1100 3178 1177 3213 Por-

297 3231 412 3264 ruenfis
434 3231 606 3275 Episcopi,
632 3232 724 3266 Sedis
744 3230 943 3274 Apostolicae
954 3232 1177 3275 Legatorum,

299 3279 512 3323 criminibus,
538 3280 584 3324 ob
606 3291 675 3324 quae
694 3281 712 3313 ὃ,
736 3279 883 3314 Nic01a0
897 3281 1003 3323 primo
1014 3279 1177 3314 Pontifice

299 3328 428 3361 fuerunt
450 3329 613 3374 degradati
625 3354 636 3370 ,
662 3330 725 3363 fuit
745 3328 836 3372 quod
857 3340 934 3362 cum
945 3329 1069 3364 Photio
1090 3330 1178 3363 inva-

299 3378 374 3410 sore
396 3378 585 3414 sacrosan&a
605 3379 757 3421 mysteria
767 3377 992 3412 celebrassent.
1022 3380 1114 3414 Idem
1124 3390 1176 3413 eo·

300 3426 377 3459 dem
403 3426 501 3459 modo
520 3430 642 3462 crimen
661 3430 694 3462 in
720 3428 833 3463 Vitale
856 3428 890 3461 ὃς
904 3428 1034 3463 Miseno
1048 3429 1176 3474 Episco-

130 3458 203 3495 Cap.
223 3458 268 3486 ¹⁸¹
301 3475 376 3521 pis,
402 3475 511 3510 suisin
531 3478 624 3511 causa
652 3478 819 3514 Acaciana
841 3478 974 3523 Legatis
987 3503 997 3520 ,
1026 3478 1175 3523 punivit,

705 140 974 186 CAnonzs
1011 129 1585 189 Cni'tc'inomnsns

1228 222 1308 256 teste
1331 222 1484 257 Liberato
1505 226 1679 269 Diac0n0‚
1704 227 1799 263 Felix
1819 230 1950 266 tertius.
1988 233 2032 267 Et
2054 182 2125 268 Se-i

1228 271 1409 306 bastianurn
1433 273 1624 309 Diaconum
1644 278 1853 315 Cardinalem
1878 282 1994 325 dejecit
2013 283 2108 328 Vigi-

1227 322 1290 356 lius
1310 321 1490 379 Pontifex,
1517 324 1607 366 quod
1628 337 1703 361 cum
1730 330 1866 365 Clericis
1886 331 1927 366 ab
1948 334 2109 368 Honorio

1226 372 1419 407 Salonrtano
1451 370 1730 421 Archi-Episcopo
1751 381 1927 417 simoniace
1948 384 2108 418 ordinatis

1226 423 1413 466 acquievisset
1432 425 1591 465 procedere
1606 450 1613 457 .

1275 472 1437 519 roirca
1461 473 1568 507 noster
1584 475 1705 509 Canon
1726 478 1891 516 Clericum
1914 483 2109 519 finelitteris

1225 523 1504 558 commendatitiis
1529 526 1714 560 venientem
1741 529 1857 570 privari
1883 535 2017 569 mandat
2042 533 2108 569 hoc

1226 571 1355 606 honore
1380 574 1605 617 proceffionis.
1644 575 1718 610 Nec
1743 588 1809 611 erat
1836 591 1930 622 poena
1956 585 2106 619 modica.

1228 623 1364 656 Etenim
1390 625 1523 658 Sanctus
1548 624 1739 660 Ambrosius
1777 630 1886 664 nescio
1914 641 2011 674 quem
2025 634 2110 669 male
2130 615 2281 648 ¹⁴⁸¹'0ffic'

1227 682 1392 706 moratum
1418 673 1584 709 Clericum
1605 675 1667 718 post
1678 677 1817 721 offensam
1831 687 1946 714 muneri
1955 684 2085 718 reddens
2095 709 2108 726 ,
2127 667 2152 687 ς’
2167 659 2210 686 ¹8⁸

1228 734 1379 766 notatum
1399 731 1511 758 tamen
1531 726 1647 762 volens
1661 752 1672 767 ,
1697 730 1822 770 vetuit,
1853 742 1895 765 ne
1909 742 2057 776 unquam
2068 735 2110 769 se-

1227 785 1301 807 cum
1326 772 1531 816 procederet.
1563 775 1608 810 Et
1631 776 1762 812 Petrum
1785 780 1931 816 Ecclefiae
1952 782 2110 827 Neapoli-

1227 835 1309 858 tanae
1328 822 1574 867 Presbyterum,
1601 828 1891 865 nefandicriminis
1901 834 2086 868 accusatum
2098 858 2110 876 ,
2129 850 2197 879 με,

1228 875 1336 908 secum
1359 874 1530 918 procedere
1554 878 1656 910 vetuit
1683 878 1880 915 Fortunatus
1908 884 2110 928 Episcopus,
2129 874 2179 925 ἐρ.
2199 894 2245 925 25.

1227 924 1421 969 Sanctusque
1444 925 1626 970 Gregorius
1636 928 1804 964 mandavit
1816 931 1944 966 definiri
1956 936 2082 968 causam
2099 958 2111 975 ,
2128 931 2176 959 ²⁶·

1227 975 1316 1019 quod
1339 976 1511 1009 innocenti
1543 977 1691 1020 nequiret
1721 990 1758 1012 ea
1782 991 1877 1024 poena
1898 983 2024 1029 infligi.
2067 986 2111 1019 Et

1227 1025 1267 1059 de
1289 1024 1435 1059 Nicolao
1461 1026 1567 1070 primo
1602 1026 1765 1062 Pontifice
1784 1053 1795 1069 ,
1820 1029 1998 1067 Arsenium
2023 1035 2111 1068 Hor-

1228 1075 1348 1109 tensem
1373 1075 1573 1119 Episcopum
1596 1076 1641 1110 ob
1662 1076 1831 1113 inductum
1855 1081 1889 1114 in
1911 1081 2039 1118 Italiam
2058 1096 2111 1119 ne-

1229 1126 1294 1159 scio
1322 1137 1421 1170 quem
1453 1137 1579 1160 novum
1602 1127 1801 1172 Episcopalis
1823 1130 1919 1164 vestis
1943 1144 2113 1169 ornamen-

1228 1187 1299 1209 tum
1321 1178 1437 1219 punire
1472 1177 1627 1218 volente,
1665 1179 1774 1213 scribit
1803 1181 1837 1214 in
1864 1182 1929 1215 vita
1956 1183 2111 1229 Gregorii
2135 1201 2290 1235 L4·C51‚

1229 1226 1348 1270 Magni
1370 1226 1510 1269 Joannes
1532 1227 1722 1262 Diaconus:
1751 1232 1828 1263 Adeo
1854 1230 2003 1275 arsenium
2028 1245 2119 1267 aver·
2235 1223 2238 1228 ’

1223 1274 1310 1319 satus
1334 1276 1371 1316 est
1384 1300 1395 1316 ,
1420 1285 1453 1309 ut
1477 1283 1504 1310 ei
1523 1277 1695 1311 Palatinam
1710 1282 1905 1321 proccffionem
1930 1285 2024 1318 vellet
2049 1286 2118 1316 adt·-

1229 1337 1327 1366 mere,
1354 1325 1502 1371 adeoque
1524 1327 1625 1372 longe
1648 1329 1719 1372 plus
1740 1331 1976 1373 proceffionem
2000 1333 2042 1368 ad
2070 1335 2115 1368 sa·

1228 1376 1429 1410 crosanstum
1457 1377 1593 1411 Altare.
1621 1378 1694 1413 Nec
1720 1384 1851 1414 tantum
1878 1382 2034 1424 clerico,
2063 1382 2117 1418 sed

1230 1426 1262 1459 &
1289 1426 1452 1470 Episcopo
1473 1439 1510 1461 ac
1531 1426 1725 1463 Patriarchae
1750 1429 1827 1464 faeda
1850 1443 1944 1475 poena
1962 1444 2030 1467 erat
2057 1434 2117 1468 ista

1231 1476 1412 1519 ademptio.
1451 1477 1532 1511 Eam
1557 1478 1647 1512 enim
1679 1479 1799 1522 Joanni
1834 1482 2013 1525 Jejunatori
2042 1483 2120 1528 Epi-

1230 1527 1326 1570 scopo
1347 1526 1723 1571 Constantinopolitano
1743 1530 1891 1565 inflixere
1911 1532 2063 1578 Pelagius
2074 1534 2117 1568 se-

1229 1576 1356 1610 cundus
1381 1576 1415 1610 δε
1452 1577 1632 1622 Gregorius
1663 1580 1833 1624 MagnuS,
1868 1583 1903 1617 δε
1933 1584 1951 1617 ὸ,
1984 1583 2120 1628 Legatis

1230 1626 1366 1669 Joannis
1398 1628 1502 1660 ostavi
1538 1628 1756 1672 indignissime
1797 1633 1922 1673 accepit
1954 1630 2149 1674 Photius,'

1229 1674 1317 1719 quod
1339 1687 1414 1710 cum
1438 1677 1506 1720 ipso
1528 1678 1636 1710 nollent
1659 1677 1841 1722 consecrare.
1870 1680 1949 1716 Erat
1970 1683 2119 1725 quaedam

1230 1736 1377 1761 truncata
1399 1728 1596 1762 communio
1610 1752 1621 1769 ‚
1655 1728 1689 1762 &
1715 1730 1826 1763 minor
1851 1735 2122 1768 excommunica·

1230 1788 1277 1810 tio
1290 1801 1298 1809 .

1278 1826 1332 1860 De
1349 1825 1589 1879 eademlscribit
1599 1829 1751 1864 Hermias
1762 1830 1971 1867 Zozomenus
1983 1856 1993 1872 ,
2018 1843 2119 1879 agens

1227 1875 1269 1910 de
1292 1887 1431 1920 quatuor
1452 1876 1619 1912 monachis
1644 1876 1818 1924 AEgyptiis
1844 1905 1855 1922 ,
1889 1893 2119 1927 cognomento

1229 1926 1379 1972 Longis,
1407 1927 1730 1972 Constantinopolim
1753 1931 1958 1967 venientibus
1976 1933 2042 1967 fine
2065 1934 2119 1968 lit·

1228 1977 1304 2011 teris
1339 1978 1614 2013 commendatitiis
1651 1978 1845 2025 Theophyli
1893 1981 2116 2017 Alexandrini

1232 2026 1385 2072 Episcopi
1404 2053 1415 2069 ‚
1442 2028 1490 2062 sui
1514 2028 1706 2064 Patriarchae
1725 2055 1732 2062 .
1752 2034 1897 2075 Joanner
1924 2028 2119 2077 Chrysosto-
2138 2041 2197 2069 1..8.
2214 2041 2297 2077 0135

1230 2089 1302 2113 mus
1326 2104 1337 2121 ,
1376 2079 1765 2122 Constantinopolitanus
1787 2079 1965 2125 Episcopus
1990 2107 2001 2124 ,
2037 2087 2119 2116 viros

1230 2129 1295 2170 istos
1315 2135 1433 2162 comiter
1445 2134 1556 2169 excepit
1568 2154 1579 2169 ,
1606 2130 1641 2162 (ν’
1659 2129 1806 2164 inhonore
1817 2130 1944 2172 babuit,
1972 2133 2048 2167 &in
2062 2135 2123 2166 Bc-

1230 2178 1309 2220 clefia
1328 2188 1429 2221 preces
1446 2177 1576 2220 fundere
1598 2193 1655 2213 non
1667 2181 1842 2222 probibuit;
1868 2184 1912 2214 ad
1929 2182 2120 2223 mystenorum

1231 2231 1301 2262 vero
1311 2236 1535 2263 communionem
1548 2232 1749 2262 admittendos
1761 2243 1820 2262 non
1831 2229 1941 2274 censuit
1954 2255 1965 2271 ,
1990 2233 2071 2273 qued
2085 2232 2122 2264 id

1229 2289 1300 2312 ante
1320 2279 1439 2322 causam
1463 2286 1607 2322 cognitam
1621 2279 1680 2320 fas
1702 2291 1760 2312 non
1784 2281 1869 2323 effer.
1897 2281 1943 2314 Et
1955 2282 2119 2316 Socrates.
2139 2309 2160 2338 L
2177 2309 2196 2337 6

1224 2331 1253 2372 J
1258 2340 1367 2362 oannes
1389 2337 1472 2362 viros
1487 2329 1638 2371 honorifici
1655 2336 1770 2371 excepit
1782 2354 1793 2370 ,
1812 2339 1989 2373 precumque
1997 2338 2122 2374 panici:
2162 2329 2169 2338 “
2199 2314 2280 2344 'c'9'

1225 2387 1282 2421 pes
1304 2379 1355 2422 esse
1372 2378 1503 2421 permisit
1514 2403 1526 2419 ‚
1547 2379 1606 2422 sed
1620 2386 1847 2412 communionem
1858 2381 2049 2421 mysteriorum
2059 2384 2122 2415 illis

1225 2428 1259 2472 sb
1276 2430 1362 2470 prins
1386 2430 1506 2462 minime*
1515 2430 1703 2471 concessurum
1713 2430 1795 2462 dixit
1807 2452 1818 2467 ‚
1846 2442 1936 2473 quam
1946 2442 2044 2464 eorum
2052 2443 2123 2465 cau-

1225 2478 1264 2522 sa
1276 2485 1392 2522 cognita
1407 2480 1441 2512 (5
1451 2481 1586 2512 accurate
1596 2477 1762 2521 disceptata
1772 2479 1854 2522 esset.
1883 2480 2051 2516 Tratstavit
2063 2491 2121 2516 eos

1231 2526 1401 2572 quomodo
1427 2529 1669 2569 Consistentes,
1697 2530 1750 2562 seu
1775 2532 1841 2563 fine
1852 2530 2024 2565 oblatione
2033 2542 2122 2566 com-

1232 2579 1458 2620 municantes,
1485 2584 1553 2612 non
1576 2578 1744 2623 quomodo
1768 2581 1922 2623 periectos
1939 2606 1946 2612 .
1977 2581 2035 2615 Eis
2055 2592 2125 2625 per-

1231 2628 1405 2663 feffionem
1424 2630 1478 2663 seu
1491 2630 1718 2664 sacrosanstam
1733 2628 1971 2665 Eucharistiam
1991 2630 2059 2665 dari
2074 2643 2127 2665 vo-

1232 2679 1322 2713 tabat
1343 2680 1437 2713 causa
1457 2681 1735 2724 eorumignorata
1749 2705 1760 2720 ,
1788 2690 1926 2722 nataque
1941 2693 1984 2715 ex
1994 2681 2126 2725 Episco·
2272 2699 2295 2724 a,

1232 2729 1312 2772 palis
1331 2730 1630 2764 commendationis
1649 2729 1772 2764 defectu
1792 2731 1953 2774 suspicio3
1982 2731 2121 2775 hospita-

1233 2779 1332 2814 litatis
1342 2789 1449 2813 tamen
1462 2779 1516 2813 lex
1528 2777 1681 2826 honorari
1694 2778 1884 2821 mandabat,
1913 2779 2053 2825 ideoque
2070 2780 2121 2814 us-

1233 2841 1296 2874 que
1315 2827 1356 2864 ad
1382 2839 1543 2873 receptam
1567 2829 1608 2863 ab
1630 2841 1743 2864 eorum
1767 2830 2121 2874 Episcopoinstructio-

1234 2891 1310 2914 nem
1327 2879 1455 2913 admitti
1469 2880 1583 2915 saltem
1595 2881 1679 2913 inter
1690 2879 1908 2915 Confistentes
1920 2906 1927 2913 .
1955 2881 2002 2915 Iti
2014 2880 2119 2924 juberi

1234 2929 1275 2964 ab
1294 2930 1433 2973 antiquo
1458 2929 1606 2963 Ecclesiae
1628 2930 1771 2964 Canone
1790 2929 1871 2965 dicit
1887 2929 2005 2965 merito
2014 2930 2120 2964 Zozo-

1234 2991 1366 3014 menus.
1395 2980 1462 3013 Eos
1484 2977 1525 3014 ad
1547 2980 1784 3013 Perseaionem
1801 2979 1970 3015 admittere
1979 2980 2042 3014 fuit
2052 2992 2122 3026 gra·

1237 3029 1360 3064 viffima
1390 3030 1513 3073 semper
1538 3030 1572 3063 in
1594 3030 1737 3073 ipsorum
1758 3031 1955 3074 Episcopum
1982 3029 2095 3072 injuria
2109 3054 2134 3069 ,f

1236 3080 1326 3122 cujus
1363 3080 1568 3114 vindicandae
1604 3078 1684 3124 ergo
1718 3081 1753 3113 in
1781 3082 1934 3115 Sanstum
1962 3081 2120 3124 Joannem

1235 3128 1508 3172 Chrysostomum
1528 3129 1707 3164 machinari
1719 3131 1815 3173 coepit
1826 3129 2037 3174 Theophilus
2047 3128 2124 3163 Ale·

1235 3178 1410 3214 xandrinus
1432 3192 1440 3211 :
1470 3173 1579 3223 Falsas
1599 3192 1721 3222 rumor,
1748 3180 1857 3224 inquit
1877 3181 2022 3214 Socrates
2042 3203 2054 3219 ,
2078 3180 2125 3211 ad

1235 3241 1324 3263 aures
1345 3228 1498 3271 Theophili
1513 3232 1653 3272 perlatus
1664 3229 1724 3271 est,
1742 3233 1989 3275 Joamremvms
1999 3228 2064 3261 illos
2076 3229 2122 3261 ad

1235 3279 1362 3319 mysteria
1381 3279 1539 3322 “dmlfiffi-
1565 3280 1693 3314 Eadem
1713 3282 1778 3315 fuit
1799 3278 2002 3324 querimonia
2013 3278 2122 3312 Sanni

1238 3329 1419 3363 Alexandri
1442 3329 1660 3364 Alexandrini
1680 3329 1830 3373 Episcopi
1850 3327 2001 3362 adversus
2021 3327 2119 3362 Euse-

1238 3380 1329 3413 bium
1341 3379 1376 3412 N
1378 3380 1562 3413 icomedien
1569 3382 1634 3414 sem
1644 3380 1685 3414 de
1695 3388 1824 3421 recepto
1834 3377 1876 3410 ad
1891 3377 2121 3420 mysteriorum

1240 3430 1467 3473 perfefflonem
1490 3431 1556 3464 fine
1577 3431 1640 3464 suis
1659 3427 1775 3461 litteris
1794 3425 1897 3461 Ario:
1927 3427 1971 3461 Et
1981 3428 2014 3461 in
2027 3428 2121 3462 istam

1241 3479 1373 3514 Eusebii
1385 3480 1602 3516 temeritatem
1612 3478 1770 3515 emanasse
1781 3476 1935 3524 quintum
1947 3477 2121 3513 Nicaenum

1963 3527 2072 3563 Cano-
