<?xml version="1.0" encoding="UTF-8"?>
<!DOCTYPE html PUBLIC "-//W3C//DTD XHTML 1.0 Transitional//EN"
    "http://www.w3.org/TR/xhtml1/DTD/xhtml1-transitional.dtd">
<html xmlns="http://www.w3.org/1999/xhtml" xml:lang="en" lang="en">
 <head>
  <title>
</title>
<meta http-equiv="Content-Type" content="text/html;charset=utf-8" />
  <meta name='ocr-system' content='tesseract 3.04.00' />
  <meta name='ocr-capabilities' content='ocr_page ocr_carea ocr_par ocr_line ocrx_word'/>
</head>
<body>
  <div class='ocr_page' id='page_1' title='image "./operaomniastudio02lupuuoft_0195.png"; bbox 0 0 2340 3736; ppageno 0'>
   <div class='ocr_carea' id='block_1_1' title="bbox 661 158 1973 219">
    <p class='ocr_par' dir='ltr' id='par_1_1' title="bbox 661 158 1973 219">
     <span class='ocr_line' id='line_1_1' title="bbox 661 158 1973 219; baseline -0.006 -14"><span class='ocrx_word' id='word_1_1' title='bbox 661 175 727 205; x_wconf 73' lang='lat' dir='ltr'>De</span> <span class='ocrx_word' id='word_1_2' title='bbox 763 174 993 219; x_wconf 73' lang='lat' dir='ltr'>QJtNrA</span> <span class='ocrx_word' id='word_1_3' title='bbox 1029 158 1272 202; x_wconf 69' lang='lat' dir='ltr'>Sruono</span> <span class='ocrx_word' id='word_1_4' title='bbox 1307 168 1632 200; x_wconf 63' lang='lat' dir='ltr'>sensuam.</span> <span class='ocrx_word' id='word_1_5' title='bbox 1882 171 1973 219; x_wconf 86' lang='lat'>173</span> 
     </span>
    </p>
   </div>
   <div class='ocr_carea' id='block_1_2' title="bbox 234 237 2254 2484">
    <p class='ocr_par' dir='ltr' id='par_1_2' title="bbox 234 237 2254 2484">
     <span class='ocr_line' id='line_1_2' title="bbox 241 237 1800 289; baseline -0.003 -8"><span class='ocrx_word' id='word_1_6' title='bbox 241 245 418 289; x_wconf 14' lang='lat' dir='ltr'>mstajas</span> <span class='ocrx_word' id='word_1_7' title='bbox 429 270 440 286; x_wconf 89' lang='lat'>,</span> <span class='ocrx_word' id='word_1_8' title='bbox 466 244 568 289; x_wconf 80' lang='lat' dir='ltr'>pridie</span> <span class='ocrx_word' id='word_1_9' title='bbox 589 243 666 278; x_wconf 88' lang='lat' dir='ltr'>Idus</span> <span class='ocrx_word' id='word_1_10' title='bbox 679 244 786 287; x_wconf 73' lang='lat' dir='ltr'>Maias</span> <span class='ocrx_word' id='word_1_11' title='bbox 797 244 954 279; x_wconf 88' lang='lat' dir='ltr'>Pontifex</span> <span class='ocrx_word' id='word_1_12' title='bbox 965 241 1109 285; x_wconf 87' lang='lat' dir='ltr'>Principi</span> <span class='ocrx_word' id='word_1_13' title='bbox 1175 237 1392 283; x_wconf 82' lang='lat' dir='ltr'>recipiendam</span> <span class='ocrx_word' id='word_1_14' title='bbox 1402 237 1573 282; x_wconf 79' lang='lat' dir='ltr'>synodum</span> <span class='ocrx_word' id='word_1_15' title='bbox 1585 239 1629 273; x_wconf 84' lang='lat' dir='ltr'>est</span> <span class='ocrx_word' id='word_1_16' title='bbox 1642 240 1781 277; x_wconf 80' lang='lat' dir='ltr'>inflexus</span> <span class='ocrx_word' id='word_1_17' title='bbox 1791 264 1800 274; x_wconf 83' lang='lat'><em>·</em></span> 
     </span>
     <span class='ocr_line' id='line_1_3' title="bbox 240 288 2047 338; baseline -0.003 -7"><span class='ocrx_word' id='word_1_18' title='bbox 240 297 327 333; x_wconf 82' lang='lat' dir='ltr'>mifit</span> <span class='ocrx_word' id='word_1_19' title='bbox 350 296 442 331; x_wconf 86' lang='lat' dir='ltr'>suum</span> <span class='ocrx_word' id='word_1_20' title='bbox 474 296 516 330; x_wconf 91' lang='lat' dir='ltr'>de</span> <span class='ocrx_word' id='word_1_21' title='bbox 539 293 641 329; x_wconf 87' lang='lat' dir='ltr'>tribus</span> <span class='ocrx_word' id='word_1_22' title='bbox 672 293 834 338; x_wconf 87' lang='lat' dir='ltr'>Capitulis</span> <span class='ocrx_word' id='word_1_23' title='bbox 860 294 1088 329; x_wconf 88' lang='lat' dir='ltr'>Constitutum</span> <span class='ocrx_word' id='word_1_24' title='bbox 1101 314 1111 331; x_wconf 87' lang='lat'>‚</span> <span class='ocrx_word' id='word_1_25' title='bbox 1224 290 1277 323; x_wconf 92' lang='lat' dir='ltr'>De</span> <span class='ocrx_word' id='word_1_26' title='bbox 1296 288 1364 331; x_wconf 79' lang='lat' dir='ltr'>ejus</span> <span class='ocrx_word' id='word_1_27' title='bbox 1384 288 1595 323; x_wconf 85' lang='lat' dir='ltr'>ordinatione</span> <span class='ocrx_word' id='word_1_28' title='bbox 1607 290 1715 325; x_wconf 84' lang='lat' dir='ltr'>scribit</span> <span class='ocrx_word' id='word_1_29' title='bbox 1725 292 1805 326; x_wconf 87' lang='lat' dir='ltr'>liber</span> <span class='ocrx_word' id='word_1_30' title='bbox 1815 288 2020 327; x_wconf 66' lang='lat' dir='ltr'>pontificalis</span> <span class='ocrx_word' id='word_1_31' title='bbox 2038 317 2047 325; x_wconf 86' lang='lat'>.</span> 
     </span>
     <span class='ocr_line' id='line_1_4' title="bbox 237 338 2049 391; baseline -0.003 -12"><span class='ocrx_word' id='word_1_32' title='bbox 237 356 355 391; x_wconf 80' lang='lat' dir='ltr'>quarto</span> <span class='ocrx_word' id='word_1_33' title='bbox 392 346 510 380; x_wconf 82' lang='lat' dir='ltr'>Nonas</span> <span class='ocrx_word' id='word_1_34' title='bbox 535 345 646 390; x_wconf 83' lang='lat' dir='ltr'>Junias</span> <span class='ocrx_word' id='word_1_35' title='bbox 669 344 732 378; x_wconf 89' lang='lat' dir='ltr'>fuit</span> <span class='ocrx_word' id='word_1_36' title='bbox 757 345 911 379; x_wconf 83' lang='lat' dir='ltr'>conclusa</span> <span class='ocrx_word' id='word_1_37' title='bbox 937 342 1112 387; x_wconf 87' lang='lat' dir='ltr'>Synodus,</span> <span class='ocrx_word' id='word_1_38' title='bbox 1176 344 1255 374; x_wconf 90' lang='lat' dir='ltr'>Dum</span> <span class='ocrx_word' id='word_1_39' title='bbox 1273 350 1330 371; x_wconf 86' lang='lat' dir='ltr'>non</span> <span class='ocrx_word' id='word_1_40' title='bbox 1353 339 1438 382; x_wconf 82' lang='lat' dir='ltr'>effent</span> <span class='ocrx_word' id='word_1_41' title='bbox 1449 338 1613 382; x_wconf 74' lang='lat' dir='ltr'>Epificopi,</span> <span class='ocrx_word' id='word_1_42' title='bbox 1636 346 1762 380; x_wconf 76' lang='lat' dir='ltr'>quicum</span> <span class='ocrx_word' id='word_1_43' title='bbox 1781 343 1977 383; x_wconf 77' lang='lat' dir='ltr'><em>ordinarent..</em></span> <span class='ocrx_word' id='word_1_44' title='bbox 2002 348 2049 374; x_wconf 81' lang='lat' dir='ltr'>in-</span> 
     </span>
     <span class='ocr_line' id='line_1_5' title="bbox 237 387 2043 439; baseline -0.004 -8"><span class='ocrx_word' id='word_1_45' title='bbox 237 394 412 439; x_wconf 81' lang='lat' dir='ltr'>scribitque</span> <span class='ocrx_word' id='word_1_46' title='bbox 424 395 541 430; x_wconf 61' lang='lat' dir='ltr'>Visior</span> <span class='ocrx_word' id='word_1_47' title='bbox 553 395 789 430; x_wconf 88' lang='lat' dir='ltr'>Tonnonenfis</span> <span class='ocrx_word' id='word_1_48' title='bbox 801 408 812 427; x_wconf 90' lang='lat'>.·</span> <span class='ocrx_word' id='word_1_49' title='bbox 839 399 896 427; x_wconf 82' lang='lat' dir='ltr'>His</span> <span class='ocrx_word' id='word_1_50' title='bbox 907 399 1009 435; x_wconf 74' lang='lat' dir='ltr'>itaque</span> <span class='ocrx_word' id='word_1_51' title='bbox 1024 391 1112 436; x_wconf 76' lang='lat' dir='ltr'>gestis</span> <span class='ocrx_word' id='word_1_52' title='bbox 1176 395 1260 425; x_wconf 79' lang='lat' dir='ltr'>venti</span> <span class='ocrx_word' id='word_1_53' title='bbox 1274 387 1348 432; x_wconf 85' lang='lat' dir='ltr'>sunt</span> <span class='ocrx_word' id='word_1_54' title='bbox 1373 391 1430 422; x_wconf 88' lang='lat' dir='ltr'>duo</span> <span class='ocrx_word' id='word_1_55' title='bbox 1447 387 1587 433; x_wconf 74' lang='lat' dir='ltr'><em>Episcopi</em></span> <span class='ocrx_word' id='word_1_56' title='bbox 1599 412 1610 427; x_wconf 83' lang='lat'>‚</span> <span class='ocrx_word' id='word_1_57' title='bbox 1629 392 1661 432; x_wconf 85' lang='lat' dir='ltr'><em>J</em></span> <span class='ocrx_word' id='word_1_58' title='bbox 1665 401 1771 424; x_wconf 84' lang='lat' dir='ltr'>oannes</span> <span class='ocrx_word' id='word_1_59' title='bbox 1794 394 1831 426; x_wconf 86' lang='lat' dir='ltr'>de</span> <span class='ocrx_word' id='word_1_60' title='bbox 1844 391 1958 434; x_wconf 82' lang='lat' dir='ltr'>Perufio</span> <span class='ocrx_word' id='word_1_61' title='bbox 1971 415 1982 430; x_wconf 93' lang='lat'>,</span> <span class='ocrx_word' id='word_1_62' title='bbox 2007 392 2043 424; x_wconf 61' lang='grc' dir='ltr'><strong><em>Θ</em></strong></span> 
     </span>
     <span class='ocr_line' id='line_1_6' title="bbox 237 440 2048 490; baseline -0.003 -12"><span class='ocrx_word' id='word_1_63' title='bbox 237 454 327 479; x_wconf 74' lang='lat' dir='ltr'>terrae</span> <span class='ocrx_word' id='word_1_64' title='bbox 341 455 435 480; x_wconf 86' lang='lat' dir='ltr'>motus</span> <span class='ocrx_word' id='word_1_65' title='bbox 450 446 551 479; x_wconf 85' lang='lat' dir='ltr'>urbem</span> <span class='ocrx_word' id='word_1_66' title='bbox 571 450 695 490; x_wconf 84' lang='lat' dir='ltr'><em>Regiam</em></span> <span class='ocrx_word' id='word_1_67' title='bbox 702 447 723 477; x_wconf 75' lang='grc' dir='ltr'><em>ἂ</em></span> <span class='ocrx_word' id='word_1_68' title='bbox 725 444 940 486; x_wconf 81' lang='lat' dir='ltr'>fundamentis</span> <span class='ocrx_word' id='word_1_69' title='bbox 950 448 1112 475; x_wconf 82' lang='lat' dir='ltr'><em>concutiens</em></span> <span class='ocrx_word' id='word_1_70' title='bbox 1177 443 1277 473; x_wconf 88' lang='lat' dir='ltr'>Bonus</span> <span class='ocrx_word' id='word_1_71' title='bbox 1288 440 1325 472; x_wconf 87' lang='lat' dir='ltr'>de</span> <span class='ocrx_word' id='word_1_72' title='bbox 1335 443 1496 474; x_wconf 80' lang='lat' dir='ltr'><em>Ferentino</em></span> <span class='ocrx_word' id='word_1_73' title='bbox 1509 464 1520 480; x_wconf 93' lang='lat'>,</span> <span class='ocrx_word' id='word_1_74' title='bbox 1546 441 1581 473; x_wconf 64' lang='grc' dir='ltr'>ὁ·</span> <span class='ocrx_word' id='word_1_75' title='bbox 1593 440 1733 472; x_wconf 72' lang='lat' dir='ltr'>Andreas</span> <span class='ocrx_word' id='word_1_76' title='bbox 1747 443 1899 481; x_wconf 64' lang='lat' dir='ltr'>Preibyter</span> <span class='ocrx_word' id='word_1_77' title='bbox 1907 443 1946 475; x_wconf 81' lang='lat' dir='ltr'>de</span> <span class='ocrx_word' id='word_1_78' title='bbox 1955 440 2048 480; x_wconf 73' lang='lat' dir='ltr'>ostia,</span> 
     </span>
     <span class='ocr_line' id='line_1_7' title="bbox 237 488 2048 539; baseline -0.002 -12"><span class='ocrx_word' id='word_1_79' title='bbox 237 495 365 538; x_wconf 67' lang='lat' dir='ltr'>edificia</span> <span class='ocrx_word' id='word_1_80' title='bbox 384 497 518 538; x_wconf 79' lang='lat' dir='ltr'>plurima</span> <span class='ocrx_word' id='word_1_81' title='bbox 537 519 548 535; x_wconf 90' lang='lat'>,</span> <span class='ocrx_word' id='word_1_82' title='bbox 567 491 754 539; x_wconf 74' lang='lat' dir='ltr'><em>porticusque</em></span> <span class='ocrx_word' id='word_1_83' title='bbox 774 495 883 534; x_wconf 74' lang='lat' dir='ltr'>dejecit</span> <span class='ocrx_word' id='word_1_84' title='bbox 898 516 909 532; x_wconf 97' lang='lat'>,</span> <span class='ocrx_word' id='word_1_85' title='bbox 932 493 966 525; x_wconf 54' lang='grc' dir='ltr'>(Ὗ</span> <span class='ocrx_word' id='word_1_86' title='bbox 988 490 1110 533; x_wconf 81' lang='lat' dir='ltr'>bafilicis</span> <span class='ocrx_word' id='word_1_87' title='bbox 1177 492 1211 524; x_wconf 69' lang='lat'>(⁸5</span> <span class='ocrx_word' id='word_1_88' title='bbox 1230 491 1445 523; x_wconf 80' lang='lat' dir='ltr'>ordinaverunt</span> <span class='ocrx_word' id='word_1_89' title='bbox 1466 502 1532 523; x_wconf 84' lang='lat' dir='ltr'>eum</span> <span class='ocrx_word' id='word_1_90' title='bbox 1556 488 1743 531; x_wconf 77' lang='lat' dir='ltr'>Pontificem.</span> <span class='ocrx_word' id='word_1_91' title='bbox 1769 491 1889 526; x_wconf 82' lang='lat' dir='ltr'>Omnis</span> <span class='ocrx_word' id='word_1_92' title='bbox 1911 490 2002 526; x_wconf 79' lang='lat' dir='ltr'>ltalia</span> <span class='ocrx_word' id='word_1_93' title='bbox 2015 492 2048 525; x_wconf 85' lang='lat' dir='ltr'>se</span> 
     </span>
     <span class='ocr_line' id='line_1_8' title="bbox 236 537 2051 588; baseline -0.003 -9"><span class='ocrx_word' id='word_1_94' title='bbox 236 544 445 587; x_wconf 77' lang='lat' dir='ltr'>tonfistenti&#39;bus</span> <span class='ocrx_word' id='word_1_95' title='bbox 467 547 581 579; x_wconf 82' lang='lat' dir='ltr'>altaria</span> <span class='ocrx_word' id='word_1_96' title='bbox 597 546 676 588; x_wconf 70' lang='lat' dir='ltr'>pene</span> <span class='ocrx_word' id='word_1_97' title='bbox 696 543 798 576; x_wconf 64' lang='lat' dir='ltr'>cunila</span> <span class='ocrx_word' id='word_1_98' title='bbox 817 541 981 584; x_wconf 78' lang='lat' dir='ltr'>prostravit</span> <span class='ocrx_word' id='word_1_99' title='bbox 1008 566 1015 574; x_wconf 95' lang='lat'>.</span> <span class='ocrx_word' id='word_1_100' title='bbox 1042 541 1115 575; x_wconf 87' lang='lat' dir='ltr'>Ma·</span> <span class='ocrx_word' id='word_1_101' title='bbox 1176 540 1216 574; x_wconf 88' lang='lat' dir='ltr'>ab</span> <span class='ocrx_word' id='word_1_102' title='bbox 1239 539 1329 582; x_wconf 79' lang='lat' dir='ltr'>ejus,</span> <span class='ocrx_word' id='word_1_103' title='bbox 1355 541 1439 584; x_wconf 82' lang='lat' dir='ltr'>quasi</span> <span class='ocrx_word' id='word_1_104' title='bbox 1461 537 1632 582; x_wconf 81' lang='lat' dir='ltr'>synodum</span> <span class='ocrx_word' id='word_1_105' title='bbox 1657 538 1958 576; x_wconf 87' lang='lat' dir='ltr'>Chalcedonensem</span> <span class='ocrx_word' id='word_1_106' title='bbox 1972 552 2051 584; x_wconf 84' lang='lat' dir='ltr'>prae·</span> 
     </span>
     <span class='ocr_line' id='line_1_9' title="bbox 236 588 2052 640; baseline -0.004 -10"><span class='ocrx_word' id='word_1_107' title='bbox 236 595 322 639; x_wconf 78' lang='lat' dir='ltr'>jores</span> <span class='ocrx_word' id='word_1_108' title='bbox 333 594 544 640; x_wconf 75' lang='lat' dir='ltr'>postmodum</span> <span class='ocrx_word' id='word_1_109' title='bbox 558 594 666 630; x_wconf 78' lang='lat' dir='ltr'>turbas</span> <span class='ocrx_word' id='word_1_110' title='bbox 674 591 830 626; x_wconf 83' lang='lat' dir='ltr'>excitavit</span> <span class='ocrx_word' id='word_1_111' title='bbox 843 592 1041 635; x_wconf 73' lang='lat' dir='ltr'>Iustinianus</span> <span class='ocrx_word' id='word_1_112' title='bbox 1056 601 1113 635; x_wconf 90' lang='lat' dir='ltr'>pro</span> <span class='ocrx_word' id='word_1_113' title='bbox 1179 590 1305 623; x_wconf 87' lang='lat' dir='ltr'>varicati</span> <span class='ocrx_word' id='word_1_114' title='bbox 1317 612 1327 628; x_wconf 85' lang='lat'>,</span> <span class='ocrx_word' id='word_1_115' title='bbox 1351 592 1588 625; x_wconf 85' lang='lat' dir='ltr'>communione</span> <span class='ocrx_word' id='word_1_116' title='bbox 1610 588 1765 624; x_wconf 88' lang='lat' dir='ltr'>abstinuit</span> <span class='ocrx_word' id='word_1_117' title='bbox 1777 614 1788 630; x_wconf 86' lang='lat'>,</span> <span class='ocrx_word' id='word_1_118' title='bbox 1814 589 1895 624; x_wconf 73' lang='lat' dir='ltr'>adeo</span> <span class='ocrx_word' id='word_1_119' title='bbox 1907 602 1942 625; x_wconf 89' lang='lat' dir='ltr'>ut</span> <span class='ocrx_word' id='word_1_120' title='bbox 1952 590 2052 624; x_wconf 85' lang='lat' dir='ltr'>Thu-</span> 
     </span>
     <span class='ocr_line' id='line_1_10' title="bbox 234 639 2205 695; baseline -0.002 -17"><span class='ocrx_word' id='word_1_121' title='bbox 234 656 343 680; x_wconf 85' lang='lat' dir='ltr'>errore</span> <span class='ocrx_word' id='word_1_122' title='bbox 365 646 407 680; x_wconf 87' lang='lat' dir='ltr'>de</span> <span class='ocrx_word' id='word_1_123' title='bbox 430 643 669 688; x_wconf 84' lang='lat' dir='ltr'>incorruptibili</span> <span class='ocrx_word' id='word_1_124' title='bbox 690 641 814 676; x_wconf 83' lang='lat' dir='ltr'>Christi</span> <span class='ocrx_word' id='word_1_125' title='bbox 836 642 978 676; x_wconf 87' lang='lat' dir='ltr'>Domini</span> <span class='ocrx_word' id='word_1_126' title='bbox 1001 652 1115 684; x_wconf 87' lang='lat' dir='ltr'>corpo-</span> <span class='ocrx_word' id='word_1_127' title='bbox 1179 640 1247 673; x_wconf 83' lang='lat' dir='ltr'>sciae</span> <span class='ocrx_word' id='word_1_128' title='bbox 1267 639 1419 683; x_wconf 84' lang='lat' dir='ltr'>Episcopi</span> <span class='ocrx_word' id='word_1_129' title='bbox 1435 664 1453 680; x_wconf 90' lang='lat'>.,</span> <span class='ocrx_word' id='word_1_130' title='bbox 1479 639 1601 684; x_wconf 85' lang='lat' dir='ltr'>proprii</span> <span class='ocrx_word' id='word_1_131' title='bbox 1623 639 1926 683; x_wconf 86' lang='lat' dir='ltr'>Comprovineiales</span> <span class='ocrx_word' id='word_1_132' title='bbox 1948 665 1959 680; x_wconf 85' lang='lat'>,</span> <span class='ocrx_word' id='word_1_133' title='bbox 1982 640 2052 682; x_wconf 80' lang='lat' dir='ltr'>ejus</span> <span class='ocrx_word' id='word_1_134' title='bbox 2071 653 2150 695; x_wconf 53' lang='lat' dir='ltr'>Epist,</span> <span class='ocrx_word' id='word_1_135' title='bbox 2163 663 2205 692; x_wconf 52' lang='grc' dir='ltr'>η,</span> 
     </span>
     <span class='ocr_line' id='line_1_11' title="bbox 238 689 2052 737; baseline -0.005 -6"><span class='ocrx_word' id='word_1_136' title='bbox 238 706 273 730; x_wconf 77' lang='lat' dir='ltr'>re</span> <span class='ocrx_word' id='word_1_137' title='bbox 283 720 294 737; x_wconf 91' lang='lat'>,</span> <span class='ocrx_word' id='word_1_138' title='bbox 319 705 417 737; x_wconf 84' lang='lat' dir='ltr'>atque</span> <span class='ocrx_word' id='word_1_139' title='bbox 428 696 472 729; x_wconf 77' lang='lat' dir='ltr'>ita</span> <span class='ocrx_word' id='word_1_140' title='bbox 484 719 495 735; x_wconf 94' lang='lat'>,</span> <span class='ocrx_word' id='word_1_141' title='bbox 521 691 600 728; x_wconf 86' lang='lat' dir='ltr'>teste</span> <span class='ocrx_word' id='word_1_142' title='bbox 612 693 757 737; x_wconf 80' lang='lat' dir='ltr'>Evagrio</span> <span class='ocrx_word' id='word_1_143' title='bbox 770 690 1000 735; x_wconf 84' lang='lat' dir='ltr'>Epiphaniensi</span> <span class='ocrx_word' id='word_1_144' title='bbox 1013 716 1024 732; x_wconf 93' lang='lat'>‚</span> <span class='ocrx_word' id='word_1_145' title='bbox 1050 692 1114 724; x_wconf 73' lang='lat' dir='ltr'>cum</span> <span class='ocrx_word' id='word_1_146' title='bbox 1180 700 1300 723; x_wconf 85' lang='lat' dir='ltr'>nomen</span> <span class='ocrx_word' id='word_1_147' title='bbox 1312 689 1353 723; x_wconf 89' lang='lat' dir='ltr'>ad</span> <span class='ocrx_word' id='word_1_148' title='bbox 1364 690 1462 724; x_wconf 88' lang='lat' dir='ltr'>altare</span> <span class='ocrx_word' id='word_1_149' title='bbox 1474 702 1541 724; x_wconf 91' lang='lat' dir='ltr'>non</span> <span class='ocrx_word' id='word_1_150' title='bbox 1554 689 1724 724; x_wconf 79' lang='lat' dir='ltr'>recitarent</span> <span class='ocrx_word' id='word_1_151' title='bbox 1737 715 1746 730; x_wconf 91' lang='lat'>‚</span> <span class='ocrx_word' id='word_1_152' title='bbox 1773 699 1872 734; x_wconf 83' lang='lat' dir='ltr'>atque</span> <span class='ocrx_word' id='word_1_153' title='bbox 1883 689 1927 723; x_wconf 78' lang='lat' dir='ltr'>ita</span> <span class='ocrx_word' id='word_1_154' title='bbox 1939 690 2052 722; x_wconf 83' lang='lat' dir='ltr'>tertius</span> 
     </span>
     <span class='ocr_line' id='line_1_12' title="bbox 237 739 2056 785; baseline -0.004 -6"><span class='ocrx_word' id='word_1_155' title='bbox 237 751 337 779; x_wconf 61' lang='lat' dir='ltr'>annia</span> <span class='ocrx_word' id='word_1_156' title='bbox 359 747 474 778; x_wconf 57' lang='lat' dir='ltr'>omnin&amp;</span> <span class='ocrx_word' id='word_1_157' title='bbox 499 744 590 776; x_wconf 87' lang='lat' dir='ltr'>turba</span> <span class='ocrx_word' id='word_1_158' title='bbox 609 743 780 776; x_wconf 77' lang='lat' dir='ltr'><em>&amp;tumultu</em></span> <span class='ocrx_word' id='word_1_159' title='bbox 801 742 994 785; x_wconf 79' lang='lat' dir='ltr'>compleviffet</span> <span class='ocrx_word' id='word_1_160' title='bbox 1006 766 1017 782; x_wconf 94' lang='lat'>,</span> <span class='ocrx_word' id='word_1_161' title='bbox 1041 752 1115 775; x_wconf 76' lang='lat' dir='ltr'>mer-</span> <span class='ocrx_word' id='word_1_162' title='bbox 1178 739 1217 774; x_wconf 89' lang='lat' dir='ltr'>ad</span> <span class='ocrx_word' id='word_1_163' title='bbox 1235 739 1265 773; x_wconf 88' lang='lat' dir='ltr'>ei</span> <span class='ocrx_word' id='word_1_164' title='bbox 1283 750 1417 774; x_wconf 89' lang='lat' dir='ltr'>manum</span> <span class='ocrx_word' id='word_1_165' title='bbox 1430 739 1665 783; x_wconf 85' lang='lat' dir='ltr'>imponendam</span> <span class='ocrx_word' id='word_1_166' title='bbox 1677 740 1861 784; x_wconf 86' lang='lat' dir='ltr'>Episcopus</span> <span class='ocrx_word' id='word_1_167' title='bbox 1873 739 1998 783; x_wconf 87' lang='lat' dir='ltr'>nequiit</span> <span class='ocrx_word' id='word_1_168' title='bbox 2008 749 2056 772; x_wconf 86' lang='lat' dir='ltr'>re-</span> 
     </span>
     <span class='ocr_line' id='line_1_13' title="bbox 236 785 2059 837; baseline -0.005 -8"><span class='ocrx_word' id='word_1_169' title='bbox 236 797 393 837; x_wconf 82' lang='lat' dir='ltr'>cedemque</span> <span class='ocrx_word' id='word_1_170' title='bbox 413 793 460 826; x_wconf 81' lang='lat' dir='ltr'>bis</span> <span class='ocrx_word' id='word_1_171' title='bbox 484 785 570 826; x_wconf 72' lang='lat' dir='ltr'>relius</span> <span class='ocrx_word' id='word_1_172' title='bbox 590 792 723 826; x_wconf 83' lang='lat' dir='ltr'>debitam</span> <span class='ocrx_word' id='word_1_173' title='bbox 744 798 776 824; x_wconf 79' lang='lat' dir='ltr'>in</span> <span class='ocrx_word' id='word_1_174' title='bbox 796 803 926 827; x_wconf 85' lang='lat' dir='ltr'>extremo</span> <span class='ocrx_word' id='word_1_175' title='bbox 949 798 1025 825; x_wconf 80' lang='lat' dir='ltr'>vitae</span> <span class='ocrx_word' id='word_1_176' title='bbox 1050 790 1114 834; x_wconf 81' lang='lat' dir='ltr'>suae</span> <span class='ocrx_word' id='word_1_177' title='bbox 1182 788 1294 834; x_wconf 85' lang='lat' dir='ltr'>periri.</span> <span class='ocrx_word' id='word_1_178' title='bbox 1323 790 1376 823; x_wconf 91' lang='lat' dir='ltr'>De</span> <span class='ocrx_word' id='word_1_179' title='bbox 1396 788 1505 823; x_wconf 86' lang='lat' dir='ltr'>Dacio</span> <span class='ocrx_word' id='word_1_180' title='bbox 1526 789 1768 824; x_wconf 73' lang='lat' dir='ltr'>Mediolanensi</span> <span class='ocrx_word' id='word_1_181' title='bbox 1794 791 1958 833; x_wconf 85' lang='lat' dir='ltr'>Episcopo</span> <span class='ocrx_word' id='word_1_182' title='bbox 1978 813 1989 828; x_wconf 92' lang='lat'>,</span> <span class='ocrx_word' id='word_1_183' title='bbox 2014 787 2059 820; x_wconf 87' lang='lat' dir='ltr'>se-</span> 
     </span>
     <span class='ocr_line' id='line_1_14' title="bbox 238 837 2058 887; baseline -0.003 -9"><span class='ocrx_word' id='word_1_184' title='bbox 238 854 370 887; x_wconf 73' lang='lat' dir='ltr'>tempore</span> <span class='ocrx_word' id='word_1_185' title='bbox 390 843 580 886; x_wconf 83' lang='lat' dir='ltr'>reportaffet,</span> <span class='ocrx_word' id='word_1_186' title='bbox 605 844 649 876; x_wconf 87' lang='lat' dir='ltr'>ad</span> <span class='ocrx_word' id='word_1_187' title='bbox 662 840 808 885; x_wconf 63' lang='lat' dir='ltr'>supplicii:</span> <span class='ocrx_word' id='word_1_188' title='bbox 824 842 901 883; x_wconf 82' lang='lat' dir='ltr'>justo</span> <span class='ocrx_word' id='word_1_189' title='bbox 916 843 973 876; x_wconf 75' lang='lat' dir='ltr'>Dei</span> <span class='ocrx_word' id='word_1_190' title='bbox 987 842 1116 886; x_wconf 81' lang='lat' dir='ltr'>Judicio</span> <span class='ocrx_word' id='word_1_191' title='bbox 1179 840 1287 874; x_wconf 89' lang='lat' dir='ltr'>cundo</span> <span class='ocrx_word' id='word_1_192' title='bbox 1306 837 1404 874; x_wconf 81' lang='lat' dir='ltr'>Italiae</span> <span class='ocrx_word' id='word_1_193' title='bbox 1430 838 1669 883; x_wconf 72' lang='lat' dir='ltr'>Metropolim,</span> <span class='ocrx_word' id='word_1_194' title='bbox 1695 839 1805 874; x_wconf 86' lang='lat' dir='ltr'>scribit</span> <span class='ocrx_word' id='word_1_195' title='bbox 1832 839 1948 874; x_wconf 60' lang='lat' dir='ltr'>Victor</span> <span class='ocrx_word' id='word_1_196' title='bbox 1960 837 2058 872; x_wconf 84' lang='lat' dir='ltr'>Ton-</span> 
     </span>
     <span class='ocr_line' id='line_1_15' title="bbox 239 888 2058 937; baseline -0.004 -9"><span class='ocrx_word' id='word_1_197' title='bbox 239 896 325 937; x_wconf 79' lang='lat' dir='ltr'>aepud</span> <span class='ocrx_word' id='word_1_198' title='bbox 340 892 452 935; x_wconf 70' lang='lat' dir='ltr'>inferos</span> <span class='ocrx_word' id='word_1_199' title='bbox 473 893 582 926; x_wconf 76' lang='lat' dir='ltr'>luenda</span> <span class='ocrx_word' id='word_1_200' title='bbox 593 891 631 933; x_wconf 84' lang='lat' dir='ltr'>est</span> <span class='ocrx_word' id='word_1_201' title='bbox 647 891 799 934; x_wconf 71' lang='lat' dir='ltr'>profec¹2us</span> <span class='ocrx_word' id='word_1_202' title='bbox 812 917 820 925; x_wconf 91' lang='lat'>.</span> <span class='ocrx_word' id='word_1_203' title='bbox 1181 889 1330 924; x_wconf 79' lang='lat' dir='ltr'>nonensis</span> <span class='ocrx_word' id='word_1_204' title='bbox 1350 888 1391 923; x_wconf 81' lang='lat' dir='ltr'>ad</span> <span class='ocrx_word' id='word_1_205' title='bbox 1402 900 1526 923; x_wconf 89' lang='lat' dir='ltr'>annum</span> <span class='ocrx_word' id='word_1_206' title='bbox 1535 898 1686 933; x_wconf 86' lang='lat' dir='ltr'>quartum</span> <span class='ocrx_word' id='word_1_207' title='bbox 1700 889 1866 924; x_wconf 88' lang='lat' dir='ltr'>decimum</span> <span class='ocrx_word' id='word_1_208' title='bbox 1880 890 1951 933; x_wconf 86' lang='lat' dir='ltr'>post</span> <span class='ocrx_word' id='word_1_209' title='bbox 1965 889 2058 923; x_wconf 82' lang='lat' dir='ltr'>Con·</span> 
     </span>
     <span class='ocr_line' id='line_1_16' title="bbox 290 938 2057 986; baseline -0.004 -9"><span class='ocrx_word' id='word_1_210' title='bbox 290 942 427 977; x_wconf 86' lang='lat' dir='ltr'>Restant</span> <span class='ocrx_word' id='word_1_211' title='bbox 447 942 574 984; x_wconf 91' lang='lat' dir='ltr'>aliquot</span> <span class='ocrx_word' id='word_1_212' title='bbox 597 942 806 986; x_wconf 85' lang='lat' dir='ltr'>quaestiones.</span> <span class='ocrx_word' id='word_1_213' title='bbox 832 941 944 975; x_wconf 89' lang='lat' dir='ltr'>Prima</span> <span class='ocrx_word' id='word_1_214' title='bbox 963 941 1008 975; x_wconf 91' lang='lat' dir='ltr'>est</span> <span class='ocrx_word' id='word_1_215' title='bbox 1020 965 1031 982; x_wconf 94' lang='lat'>,</span> <span class='ocrx_word' id='word_1_216' title='bbox 1059 938 1114 973; x_wconf 82' lang='lat' dir='ltr'>An</span> <span class='ocrx_word' id='word_1_217' title='bbox 1183 939 1319 974; x_wconf 86' lang='lat' dir='ltr'>sulatum</span> <span class='ocrx_word' id='word_1_218' title='bbox 1339 939 1445 973; x_wconf 79' lang='lat' dir='ltr'>Basilii</span> <span class='ocrx_word' id='word_1_219' title='bbox 1457 953 1468 972; x_wconf 92' lang='lat'>.·</span> <span class='ocrx_word' id='word_1_220' title='bbox 1494 939 1776 981; x_wconf 80' lang='lat' dir='ltr'>Constantinopolim</span> <span class='ocrx_word' id='word_1_221' title='bbox 1787 944 1894 978; x_wconf 83' lang='lat' dir='ltr'>venit,</span> <span class='ocrx_word' id='word_1_222' title='bbox 1919 941 1953 974; x_wconf 62' lang='grc' dir='ltr'>(π</span> <span class='ocrx_word' id='word_1_223' title='bbox 1972 940 2057 972; x_wconf 83' lang='lat' dir='ltr'>dam·</span> 
     </span>
     <span class='ocr_line' id='line_1_17' title="bbox 238 988 2058 1036; baseline -0.003 -10"><span class='ocrx_word' id='word_1_224' title='bbox 238 993 354 1035; x_wconf 85' lang='lat' dir='ltr'>quinta</span> <span class='ocrx_word' id='word_1_225' title='bbox 376 990 442 1026; x_wconf 87' lang='lat' dir='ltr'>haec</span> <span class='ocrx_word' id='word_1_226' title='bbox 464 991 617 1035; x_wconf 88' lang='lat' dir='ltr'>Synodus</span> <span class='ocrx_word' id='word_1_227' title='bbox 637 992 656 1025; x_wconf 74' lang='lat' dir='ltr'>a</span> <span class='ocrx_word' id='word_1_228' title='bbox 678 991 809 1036; x_wconf 68' lang='lat' dir='ltr'>vigilio</span> <span class='ocrx_word' id='word_1_229' title='bbox 831 992 995 1026; x_wconf 80' lang='lat' dir='ltr'>pontifice</span> <span class='ocrx_word' id='word_1_230' title='bbox 1020 991 1115 1024; x_wconf 89' lang='lat' dir='ltr'>fuerit</span> <span class='ocrx_word' id='word_1_231' title='bbox 1179 995 1388 1023; x_wconf 74' lang='lat' dir='ltr'>nationttrium</span> <span class='ocrx_word' id='word_1_232' title='bbox 1399 991 1605 1031; x_wconf 76' lang='lat' dir='ltr'>capitulorum</span> <span class='ocrx_word' id='word_1_233' title='bbox 1613 988 1788 1033; x_wconf 74' lang='lat' dir='ltr'>consentiens</span> <span class='ocrx_word' id='word_1_234' title='bbox 1802 1001 1834 1023; x_wconf 89' lang='lat' dir='ltr'>eo</span> <span class='ocrx_word' id='word_1_235' title='bbox 1848 991 1896 1023; x_wconf 80' lang='lat' dir='ltr'>die</span> <span class='ocrx_word' id='word_1_236' title='bbox 1905 989 2058 1033; x_wconf 81' lang='lat' dir='ltr'>percussus</span> 
     </span>
     <span class='ocr_line' id='line_1_18' title="bbox 235 1038 2057 1086; baseline -0.003 -8"><span class='ocrx_word' id='word_1_237' title='bbox 235 1042 373 1078; x_wconf 81' lang='lat' dir='ltr'>tandem</span> <span class='ocrx_word' id='word_1_238' title='bbox 385 1042 600 1078; x_wconf 73' lang='lat' dir='ltr'>confirmata?</span> <span class='ocrx_word' id='word_1_239' title='bbox 627 1042 824 1086; x_wconf 83' lang='lat' dir='ltr'>Respondeo</span> <span class='ocrx_word' id='word_1_240' title='bbox 837 1042 946 1075; x_wconf 83' lang='lat' dir='ltr'>fuiffe.</span> <span class='ocrx_word' id='word_1_241' title='bbox 976 1040 1117 1076; x_wconf 84' lang='lat' dir='ltr'>Hodier·</span> <span class='ocrx_word' id='word_1_242' title='bbox 1179 1039 1322 1073; x_wconf 77' lang='lat' dir='ltr'>occubuit.</span> <span class='ocrx_word' id='word_1_243' title='bbox 1349 1041 1402 1074; x_wconf 86' lang='lat' dir='ltr'>De</span> <span class='ocrx_word' id='word_1_244' title='bbox 1423 1041 1493 1074; x_wconf 87' lang='lat' dir='ltr'>viro</span> <span class='ocrx_word' id='word_1_245' title='bbox 1519 1040 1629 1075; x_wconf 60' lang='lat' dir='ltr'>saneto</span> <span class='ocrx_word' id='word_1_246' title='bbox 1655 1038 1773 1074; x_wconf 75' lang='lat' dir='ltr'>temere</span> <span class='ocrx_word' id='word_1_247' title='bbox 1792 1039 1917 1082; x_wconf 82' lang='lat' dir='ltr'>judicat</span> <span class='ocrx_word' id='word_1_248' title='bbox 1951 1039 2057 1074; x_wconf 86' lang='lat' dir='ltr'>homo</span> 
     </span>
     <span class='ocr_line' id='line_1_19' title="bbox 239 1089 2054 1136; baseline -0.002 -10"><span class='ocrx_word' id='word_1_249' title='bbox 239 1092 292 1126; x_wconf 83' lang='lat' dir='ltr'>nis</span> <span class='ocrx_word' id='word_1_250' title='bbox 313 1092 428 1126; x_wconf 85' lang='lat' dir='ltr'>diebus</span> <span class='ocrx_word' id='word_1_251' title='bbox 448 1092 568 1136; x_wconf 88' lang='lat' dir='ltr'>prodiit</span> <span class='ocrx_word' id='word_1_252' title='bbox 584 1093 602 1127; x_wconf 83' lang='grc' dir='ltr'>ὲ</span> <span class='ocrx_word' id='word_1_253' title='bbox 626 1092 789 1126; x_wconf 88' lang='lat' dir='ltr'>diuturnis</span> <span class='ocrx_word' id='word_1_254' title='bbox 810 1091 941 1125; x_wconf 87' lang='lat' dir='ltr'>latebris</span> <span class='ocrx_word' id='word_1_255' title='bbox 970 1090 1116 1134; x_wconf 88' lang='lat' dir='ltr'>Epistola</span> <span class='ocrx_word' id='word_1_256' title='bbox 1182 1089 1417 1130; x_wconf 84' lang='lat' dir='ltr'>schismaticus,</span> <span class='ocrx_word' id='word_1_257' title='bbox 1445 1100 1586 1125; x_wconf 81' lang='lat' dir='ltr'>attamen</span> <span class='ocrx_word' id='word_1_258' title='bbox 1609 1090 1677 1132; x_wconf 84' lang='lat' dir='ltr'>ejus</span> <span class='ocrx_word' id='word_1_259' title='bbox 1689 1091 1846 1124; x_wconf 76' lang='lat' dir='ltr'>successor</span> <span class='ocrx_word' id='word_1_260' title='bbox 1857 1090 2054 1123; x_wconf 83' lang='lat' dir='ltr'>Honoratus</span> 
     </span>
     <span class='ocr_line' id='line_1_20' title="bbox 237 1138 2057 1185; baseline -0.002 -9"><span class='ocrx_word' id='word_1_261' title='bbox 237 1142 483 1177; x_wconf 86' lang='lat' dir='ltr'>confirmatoria</span> <span class='ocrx_word' id='word_1_262' title='bbox 495 1167 508 1183; x_wconf 94' lang='lat'>,</span> <span class='ocrx_word' id='word_1_263' title='bbox 528 1143 569 1177; x_wconf 87' lang='lat' dir='ltr'>ad</span> <span class='ocrx_word' id='word_1_264' title='bbox 582 1141 786 1185; x_wconf 89' lang='lat' dir='ltr'>Eutychium</span> <span class='ocrx_word' id='word_1_265' title='bbox 798 1139 1018 1175; x_wconf 80' lang='lat' dir='ltr'>patriarcham</span> <span class='ocrx_word' id='word_1_266' title='bbox 1029 1139 1118 1174; x_wconf 90' lang='lat' dir='ltr'>Con·</span> <span class='ocrx_word' id='word_1_267' title='bbox 1179 1138 1315 1182; x_wconf 84' lang='lat' dir='ltr'>perstitit</span> <span class='ocrx_word' id='word_1_268' title='bbox 1338 1140 1488 1182; x_wconf 84' lang='lat' dir='ltr'>pertinax</span> <span class='ocrx_word' id='word_1_269' title='bbox 1510 1140 1664 1182; x_wconf 74' lang='lat' dir='ltr'>Capitula</span> <span class='ocrx_word' id='word_1_270' title='bbox 1675 1151 1881 1184; x_wconf 87' lang='lat' dir='ltr'>propugnare</span> <span class='ocrx_word' id='word_1_271' title='bbox 1891 1164 1898 1171; x_wconf 93' lang='lat'>.</span> <span class='ocrx_word' id='word_1_272' title='bbox 1927 1138 2057 1182; x_wconf 75' lang='lat' dir='ltr'>Adiun-</span> 
     </span>
     <span class='ocr_line' id='line_1_21' title="bbox 236 1188 2065 1235; baseline -0.003 -9"><span class='ocrx_word' id='word_1_273' title='bbox 236 1192 571 1235; x_wconf 79' lang='lat' dir='ltr'>ssantinopolitanum</span> <span class='ocrx_word' id='word_1_274' title='bbox 597 1191 715 1227; x_wconf 69' lang='lat' dir='ltr'>directa</span> <span class='ocrx_word' id='word_1_275' title='bbox 728 1217 738 1233; x_wconf 90' lang='lat'>,</span> <span class='ocrx_word' id='word_1_276' title='bbox 763 1204 801 1226; x_wconf 91' lang='lat' dir='ltr'>ac</span> <span class='ocrx_word' id='word_1_277' title='bbox 825 1191 859 1224; x_wconf 87' lang='lat' dir='ltr'>in</span> <span class='ocrx_word' id='word_1_278' title='bbox 880 1190 955 1224; x_wconf 67' lang='lat' dir='ltr'>facti</span> <span class='ocrx_word' id='word_1_279' title='bbox 973 1189 1114 1232; x_wconf 68' lang='lat' dir='ltr'>suiiusti-</span> <span class='ocrx_word' id='word_1_280' title='bbox 1180 1190 1227 1223; x_wconf 80' lang='lat' dir='ltr'>xit</span> <span class='ocrx_word' id='word_1_281' title='bbox 1239 1188 1270 1222; x_wconf 88' lang='lat' dir='ltr'>se</span> <span class='ocrx_word' id='word_1_282' title='bbox 1279 1189 1392 1222; x_wconf 88' lang='lat' dir='ltr'>tertius</span> <span class='ocrx_word' id='word_1_283' title='bbox 1403 1189 1503 1223; x_wconf 79' lang='lat' dir='ltr'>Italiae</span> <span class='ocrx_word' id='word_1_284' title='bbox 1521 1188 1760 1232; x_wconf 88' lang='lat' dir='ltr'>Metropolita,</span> <span class='ocrx_word' id='word_1_285' title='bbox 1785 1189 1941 1223; x_wconf 85' lang='lat' dir='ltr'>Paulinus</span> <span class='ocrx_word' id='word_1_286' title='bbox 1959 1188 2065 1232; x_wconf 58' lang='lat' dir='ltr'>Aquis</span> 
     </span>
     <span class='ocr_line' id='line_1_22' title="bbox 238 1237 2064 1285; baseline -0.002 -10"><span class='ocrx_word' id='word_1_287' title='bbox 238 1241 322 1275; x_wconf 88' lang='lat' dir='ltr'>tiam</span> <span class='ocrx_word' id='word_1_288' title='bbox 343 1241 510 1275; x_wconf 87' lang='lat' dir='ltr'>adducens</span> <span class='ocrx_word' id='word_1_289' title='bbox 527 1242 680 1276; x_wconf 57' lang='lat' dir='ltr'>Sanctum</span> <span class='ocrx_word' id='word_1_290' title='bbox 702 1241 928 1285; x_wconf 88' lang='lat' dir='ltr'>Augustinum</span> <span class='ocrx_word' id='word_1_291' title='bbox 940 1265 952 1281; x_wconf 91' lang='lat'>,</span> <span class='ocrx_word' id='word_1_292' title='bbox 978 1240 1014 1273; x_wconf 88' lang='lat' dir='ltr'>in</span> <span class='ocrx_word' id='word_1_293' title='bbox 1025 1239 1117 1274; x_wconf 87' lang='lat' dir='ltr'>sacris</span> <span class='ocrx_word' id='word_1_294' title='bbox 1181 1238 1301 1281; x_wconf 81' lang='lat' dir='ltr'>lejenlis</span> <span class='ocrx_word' id='word_1_295' title='bbox 1314 1237 1492 1282; x_wconf 87' lang='lat' dir='ltr'>Episcopus</span> <span class='ocrx_word' id='word_1_296' title='bbox 1504 1263 1515 1279; x_wconf 91' lang='lat'>,</span> <span class='ocrx_word' id='word_1_297' title='bbox 1539 1239 1558 1273; x_wconf 74' lang='grc' dir='ltr'>ὲ</span> <span class='ocrx_word' id='word_1_298' title='bbox 1576 1239 1664 1282; x_wconf 84' lang='lat' dir='ltr'>cujus</span> <span class='ocrx_word' id='word_1_299' title='bbox 1679 1240 1800 1274; x_wconf 89' lang='lat' dir='ltr'>duritia</span> <span class='ocrx_word' id='word_1_300' title='bbox 1813 1240 1951 1274; x_wconf 86' lang='lat' dir='ltr'>schisma</span> <span class='ocrx_word' id='word_1_301' title='bbox 1966 1250 2064 1273; x_wconf 83' lang='lat' dir='ltr'>voca-</span> 
     </span>
     <span class='ocr_line' id='line_1_23' title="bbox 238 1287 2066 1334; baseline -0.001 -9"><span class='ocrx_word' id='word_1_302' title='bbox 238 1289 410 1334; x_wconf 84' lang='lat' dir='ltr'>Scripturis</span> <span class='ocrx_word' id='word_1_303' title='bbox 434 1291 616 1324; x_wconf 67' lang='lat' dir='ltr'>Dostorem</span> <span class='ocrx_word' id='word_1_304' title='bbox 635 1291 841 1325; x_wconf 83' lang='lat' dir='ltr'>clariffimum</span> <span class='ocrx_word' id='word_1_305' title='bbox 858 1315 870 1330; x_wconf 96' lang='lat'>,</span> <span class='ocrx_word' id='word_1_306' title='bbox 895 1301 934 1324; x_wconf 89' lang='lat' dir='ltr'>ac</span> <span class='ocrx_word' id='word_1_307' title='bbox 956 1290 1118 1324; x_wconf 81' lang='lat' dir='ltr'>Romana:</span> <span class='ocrx_word' id='word_1_308' title='bbox 1181 1298 1250 1323; x_wconf 88' lang='lat' dir='ltr'>tum</span> <span class='ocrx_word' id='word_1_309' title='bbox 1271 1287 1317 1322; x_wconf 87' lang='lat' dir='ltr'>est</span> <span class='ocrx_word' id='word_1_310' title='bbox 1337 1287 1472 1323; x_wconf 87' lang='lat' dir='ltr'>schisma</span> <span class='ocrx_word' id='word_1_311' title='bbox 1495 1288 1680 1329; x_wconf 75' lang='lat' dir='ltr'>Histriam,</span> <span class='ocrx_word' id='word_1_312' title='bbox 1707 1289 1741 1322; x_wconf 87' lang='lat'>&amp;</span> <span class='ocrx_word' id='word_1_313' title='bbox 1766 1290 1831 1333; x_wconf 83' lang='lat' dir='ltr'>ipse</span> <span class='ocrx_word' id='word_1_314' title='bbox 1848 1290 1916 1333; x_wconf 86' lang='lat' dir='ltr'>ejus</span> <span class='ocrx_word' id='word_1_315' title='bbox 1926 1289 2066 1324; x_wconf 70' lang='lat' dir='ltr'>Patriart·</span> 
     </span>
     <span class='ocr_line' id='line_1_24' title="bbox 238 1337 2066 1385; baseline -0.001 -10"><span class='ocrx_word' id='word_1_316' title='bbox 238 1339 434 1383; x_wconf 80' lang='lat' dir='ltr'>&#39;eloquentiae</span> <span class='ocrx_word' id='word_1_317' title='bbox 453 1340 664 1385; x_wconf 87' lang='lat' dir='ltr'>magistrum,</span> <span class='ocrx_word' id='word_1_318' title='bbox 689 1341 746 1382; x_wconf 87' lang='lat' dir='ltr'>qui</span> <span class='ocrx_word' id='word_1_319' title='bbox 759 1340 861 1374; x_wconf 85' lang='lat' dir='ltr'>etiam</span> <span class='ocrx_word' id='word_1_320' title='bbox 879 1339 994 1383; x_wconf 86' lang='lat' dir='ltr'>scripta</span> <span class='ocrx_word' id='word_1_321' title='bbox 1006 1340 1060 1374; x_wconf 91' lang='lat' dir='ltr'>sua</span> <span class='ocrx_word' id='word_1_322' title='bbox 1073 1350 1119 1373; x_wconf 88' lang='lat' dir='ltr'>re·</span> <span class='ocrx_word' id='word_1_323' title='bbox 1180 1337 1242 1373; x_wconf 89' lang='lat' dir='ltr'>cha</span> <span class='ocrx_word' id='word_1_324' title='bbox 1256 1363 1263 1370; x_wconf 90' lang='lat'>.</span> <span class='ocrx_word' id='word_1_325' title='bbox 1289 1338 1373 1372; x_wconf 82' lang='lat' dir='ltr'>Haec</span> <span class='ocrx_word' id='word_1_326' title='bbox 1395 1339 1470 1372; x_wconf 91' lang='lat' dir='ltr'>sunt</span> <span class='ocrx_word' id='word_1_327' title='bbox 1492 1349 1566 1373; x_wconf 75' lang='lat' dir='ltr'>vera</span> <span class='ocrx_word' id='word_1_328' title='bbox 1587 1339 1723 1374; x_wconf 84' lang='lat' dir='ltr'>exordia</span> <span class='ocrx_word' id='word_1_329' title='bbox 1745 1340 1779 1373; x_wconf 87' lang='lat'>&amp;</span> <span class='ocrx_word' id='word_1_330' title='bbox 1792 1340 1917 1374; x_wconf 84' lang='lat' dir='ltr'>natales</span> <span class='ocrx_word' id='word_1_331' title='bbox 1928 1340 2066 1373; x_wconf 68' lang='lat' dir='ltr'>Patriam·</span> 
     </span>
     <span class='ocr_line' id='line_1_25' title="bbox 238 1386 2067 1437; baseline -0.001 -14"><span class='ocrx_word' id='word_1_332' title='bbox 238 1390 387 1437; x_wconf 58' lang='lat' dir='ltr'>tractavit</span> <span class='ocrx_word' id='word_1_333' title='bbox 413 1415 420 1423; x_wconf 91' lang='lat'>.</span> <span class='ocrx_word' id='word_1_334' title='bbox 447 1390 563 1425; x_wconf 88' lang='lat' dir='ltr'>Habet</span> <span class='ocrx_word' id='word_1_335' title='bbox 587 1389 675 1425; x_wconf 90' lang='lat' dir='ltr'>hanc</span> <span class='ocrx_word' id='word_1_336' title='bbox 696 1388 975 1433; x_wconf 88' lang='lat' dir='ltr'>Subscriptionem</span> <span class='ocrx_word' id='word_1_337' title='bbox 994 1401 1002 1421; x_wconf 73' lang='grc' dir='ltr'>ε</span> <span class='ocrx_word' id='word_1_338' title='bbox 1034 1393 1111 1423; x_wconf 75' lang='lat' dir='ltr'>Ante</span> <span class='ocrx_word' id='word_1_339' title='bbox 1180 1388 1295 1423; x_wconf 83' lang='lat' dir='ltr'>charus</span> <span class='ocrx_word' id='word_1_340' title='bbox 1313 1386 1551 1432; x_wconf 73' lang='lat' dir='ltr'>Aquileiensis.</span> <span class='ocrx_word' id='word_1_341' title='bbox 1581 1389 1690 1424; x_wconf 89' lang='lat' dir='ltr'>Etiam</span> <span class='ocrx_word' id='word_1_342' title='bbox 1712 1387 1942 1423; x_wconf 87' lang='lat' dir='ltr'>Childebertus</span> <span class='ocrx_word' id='word_1_343' title='bbox 1967 1390 2067 1423; x_wconf 83' lang='lat' dir='ltr'>Fran-</span> 
     </span>
     <span class='ocr_line' id='line_1_26' title="bbox 235 1437 2070 1483; baseline 0.001 -11"><span class='ocrx_word' id='word_1_344' title='bbox 235 1437 355 1483; x_wconf 81' lang='lat' dir='ltr'>sextum</span> <span class='ocrx_word' id='word_1_345' title='bbox 373 1441 448 1474; x_wconf 75' lang='lat' dir='ltr'>Idus</span> <span class='ocrx_word' id='word_1_346' title='bbox 462 1440 635 1474; x_wconf 82' lang='lat' dir='ltr'>Decembres</span> <span class='ocrx_word' id='word_1_347' title='bbox 660 1444 780 1482; x_wconf 78' lang='lat' dir='ltr'>Imperii</span> <span class='ocrx_word' id='word_1_348' title='bbox 792 1443 912 1473; x_wconf 77' lang='lat' dir='ltr'>Domini</span> <span class='ocrx_word' id='word_1_349' title='bbox 934 1439 1020 1480; x_wconf 79' lang='lat' dir='ltr'>nostri</span> <span class='ocrx_word' id='word_1_350' title='bbox 1022 1441 1054 1483; x_wconf 88' lang='lat' dir='ltr'><em>J</em></span> <span class='ocrx_word' id='word_1_351' title='bbox 1055 1439 1120 1480; x_wconf 67' lang='lat' dir='ltr'>isti·</span> <span class='ocrx_word' id='word_1_352' title='bbox 1181 1449 1296 1473; x_wconf 87' lang='lat' dir='ltr'>corum</span> <span class='ocrx_word' id='word_1_353' title='bbox 1317 1438 1392 1474; x_wconf 76' lang='lat' dir='ltr'>Rex</span> <span class='ocrx_word' id='word_1_354' title='bbox 1404 1438 1439 1472; x_wconf 72' lang='grc' dir='ltr'>ὅ(</span> <span class='ocrx_word' id='word_1_355' title='bbox 1451 1439 1635 1474; x_wconf 86' lang='lat' dir='ltr'>Galliarum</span> <span class='ocrx_word' id='word_1_356' title='bbox 1647 1439 1803 1482; x_wconf 88' lang='lat' dir='ltr'>Episcopi</span> <span class='ocrx_word' id='word_1_357' title='bbox 1825 1438 2070 1473; x_wconf 78' lang='lat' dir='ltr'>communicare</span> 
     </span>
     <span class='ocr_line' id='line_1_27' title="bbox 239 1486 2072 1534; baseline -0.001 -11"><span class='ocrx_word' id='word_1_358' title='bbox 239 1495 349 1528; x_wconf 77' lang='lat' dir='ltr'>niani,</span> <span class='ocrx_word' id='word_1_359' title='bbox 377 1495 484 1523; x_wconf 82' lang='lat' dir='ltr'>aeterni</span> <span class='ocrx_word' id='word_1_360' title='bbox 497 1487 632 1534; x_wconf 78' lang='lat' dir='ltr'>Augusti,</span> <span class='ocrx_word' id='word_1_361' title='bbox 657 1501 735 1523; x_wconf 84' lang='lat' dir='ltr'>anno</span> <span class='ocrx_word' id='word_1_362' title='bbox 747 1489 879 1534; x_wconf 72' lang='lat' dir='ltr'>vigesimo</span> <span class='ocrx_word' id='word_1_363' title='bbox 886 1488 1011 1533; x_wconf 81' lang='lat' dir='ltr'>septimo</span> <span class='ocrx_word' id='word_1_364' title='bbox 1023 1513 1035 1530; x_wconf 90' lang='lat'>,</span> <span class='ocrx_word' id='word_1_365' title='bbox 1056 1488 1119 1532; x_wconf 86' lang='lat' dir='ltr'>post</span> <span class='ocrx_word' id='word_1_366' title='bbox 1184 1490 1361 1523; x_wconf 85' lang='lat' dir='ltr'>noluerunt</span> <span class='ocrx_word' id='word_1_367' title='bbox 1383 1488 1542 1533; x_wconf 87' lang='lat' dir='ltr'>Pelagio,</span> <span class='ocrx_word' id='word_1_368' title='bbox 1573 1489 1632 1523; x_wconf 84' lang='lat' dir='ltr'>nifi</span> <span class='ocrx_word' id='word_1_369' title='bbox 1656 1490 1797 1533; x_wconf 82' lang='lat' dir='ltr'>professo</span> <span class='ocrx_word' id='word_1_370' title='bbox 1819 1489 1919 1523; x_wconf 86' lang='lat' dir='ltr'>fidem</span> <span class='ocrx_word' id='word_1_371' title='bbox 1931 1486 2072 1523; x_wconf 88' lang='lat' dir='ltr'>Chalce-</span> 
     </span>
     <span class='ocr_line' id='line_1_28' title="bbox 240 1537 2069 1582; baseline 0.001 -9"><span class='ocrx_word' id='word_1_372' title='bbox 240 1537 434 1582; x_wconf 78' lang='lat' dir='ltr'>Consulatum</span> <span class='ocrx_word' id='word_1_373' title='bbox 443 1539 548 1582; x_wconf 71' lang='lat' dir='ltr'>Basilii</span> <span class='ocrx_word' id='word_1_374' title='bbox 567 1545 629 1574; x_wconf 82' lang='lat' dir='ltr'>viri</span> <span class='ocrx_word' id='word_1_375' title='bbox 640 1540 780 1580; x_wconf 76' lang='lat' dir='ltr'>clariffimi</span> <span class='ocrx_word' id='word_1_376' title='bbox 790 1541 963 1574; x_wconf 74' lang='lat' dir='ltr'>duodecimo.</span> <span class='ocrx_word' id='word_1_377' title='bbox 991 1538 1038 1574; x_wconf 89' lang='lat' dir='ltr'>At</span> <span class='ocrx_word' id='word_1_378' title='bbox 1050 1539 1120 1575; x_wconf 86' lang='lat' dir='ltr'>lon·</span> <span class='ocrx_word' id='word_1_379' title='bbox 1183 1539 1361 1573; x_wconf 85' lang='lat' dir='ltr'>donensem</span> <span class='ocrx_word' id='word_1_380' title='bbox 1382 1539 1416 1572; x_wconf 75' lang='grc' dir='ltr'>δε</span> <span class='ocrx_word' id='word_1_381' title='bbox 1430 1538 1582 1573; x_wconf 86' lang='lat' dir='ltr'>Tomum</span> <span class='ocrx_word' id='word_1_382' title='bbox 1596 1539 1703 1573; x_wconf 60' lang='lat' dir='ltr'>Sancti</span> <span class='ocrx_word' id='word_1_383' title='bbox 1715 1538 1859 1573; x_wconf 89' lang='lat' dir='ltr'>Leonis.</span> <span class='ocrx_word' id='word_1_384' title='bbox 1888 1539 1996 1573; x_wconf 87' lang='lat' dir='ltr'>Duras</span> <span class='ocrx_word' id='word_1_385' title='bbox 2010 1549 2069 1574; x_wconf 53' lang='lat' dir='ltr'>une</span> 
     </span>
     <span class='ocr_line' id='line_1_29' title="bbox 240 1587 2072 1633; baseline 0 -11"><span class='ocrx_word' id='word_1_386' title='bbox 240 1588 284 1633; x_wconf 78' lang='lat' dir='ltr'>ge</span> <span class='ocrx_word' id='word_1_387' title='bbox 304 1589 399 1623; x_wconf 86' lang='lat' dir='ltr'>aliter</span> <span class='ocrx_word' id='word_1_388' title='bbox 417 1589 534 1624; x_wconf 66' lang='lat' dir='ltr'>Victor</span> <span class='ocrx_word' id='word_1_389' title='bbox 556 1590 814 1631; x_wconf 81' lang='lat' dir='ltr'>Tonnonenfis‚</span> <span class='ocrx_word' id='word_1_390' title='bbox 841 1590 929 1624; x_wconf 86' lang='lat' dir='ltr'>testis</span> <span class='ocrx_word' id='word_1_391' title='bbox 949 1591 1098 1624; x_wconf 86' lang='lat' dir='ltr'>oculatus</span> <span class='ocrx_word' id='word_1_392' title='bbox 1112 1614 1119 1621; x_wconf 89' lang='lat'>.</span> <span class='ocrx_word' id='word_1_393' title='bbox 1183 1589 1281 1630; x_wconf 89' lang='lat' dir='ltr'>dique</span> <span class='ocrx_word' id='word_1_394' title='bbox 1305 1588 1506 1632; x_wconf 88' lang='lat' dir='ltr'>tempestates</span> <span class='ocrx_word' id='word_1_395' title='bbox 1529 1588 1688 1632; x_wconf 82' lang='lat' dir='ltr'>paffusest</span> <span class='ocrx_word' id='word_1_396' title='bbox 1700 1613 1711 1629; x_wconf 95' lang='lat'>,</span> <span class='ocrx_word' id='word_1_397' title='bbox 1737 1588 1870 1623; x_wconf 84' lang='lat' dir='ltr'>rebelles</span> <span class='ocrx_word' id='word_1_398' title='bbox 1882 1589 1980 1623; x_wconf 55' lang='lat' dir='ltr'>Italia}</span> <span class='ocrx_word' id='word_1_399' title='bbox 1995 1587 2072 1631; x_wconf 83' lang='lat' dir='ltr'>Epi-</span> 
     </span>
     <span class='ocr_line' id='line_1_30' title="bbox 242 1637 2072 1684; baseline 0 -13"><span class='ocrx_word' id='word_1_400' title='bbox 242 1637 309 1678; x_wconf 81' lang='lat' dir='ltr'>Post</span> <span class='ocrx_word' id='word_1_401' title='bbox 319 1637 514 1681; x_wconf 85' lang='lat' dir='ltr'>Consulatum</span> <span class='ocrx_word' id='word_1_402' title='bbox 524 1639 628 1681; x_wconf 78' lang='lat' dir='ltr'>Bafflii</span> <span class='ocrx_word' id='word_1_403' title='bbox 647 1651 726 1673; x_wconf 83' lang='lat' dir='ltr'>anno</span> <span class='ocrx_word' id='word_1_404' title='bbox 737 1638 979 1683; x_wconf 71' lang='lat' dir='ltr'>decimoseptimo</span> <span class='ocrx_word' id='word_1_405' title='bbox 992 1641 1118 1684; x_wconf 77' lang='lat' dir='ltr'>Vigilius</span> <span class='ocrx_word' id='word_1_406' title='bbox 1184 1641 1297 1683; x_wconf 89' lang='lat' dir='ltr'>scopos</span> <span class='ocrx_word' id='word_1_407' title='bbox 1316 1649 1373 1683; x_wconf 87' lang='lat' dir='ltr'>per</span> <span class='ocrx_word' id='word_1_408' title='bbox 1396 1638 1556 1672; x_wconf 89' lang='lat' dir='ltr'>Narseten</span> <span class='ocrx_word' id='word_1_409' title='bbox 1573 1638 1742 1673; x_wconf 88' lang='lat' dir='ltr'>Comitem</span> <span class='ocrx_word' id='word_1_410' title='bbox 1754 1638 1788 1672; x_wconf 87' lang='lat'>&amp;</span> <span class='ocrx_word' id='word_1_411' title='bbox 1801 1638 1964 1681; x_wconf 86' lang='lat' dir='ltr'>Principis</span> <span class='ocrx_word' id='word_1_412' title='bbox 1975 1638 2072 1681; x_wconf 84' lang='lat' dir='ltr'>Justi-</span> 
     </span>
     <span class='ocr_line' id='line_1_31' title="bbox 243 1687 2073 1733; baseline 0.002 -12"><span class='ocrx_word' id='word_1_413' title='bbox 243 1687 397 1722; x_wconf 71' lang='lat' dir='ltr'>Romanus</span> <span class='ocrx_word' id='word_1_414' title='bbox 416 1694 450 1721; x_wconf 82' lang='lat' dir='ltr'>in</span> <span class='ocrx_word' id='word_1_415' title='bbox 462 1687 562 1731; x_wconf 68' lang='lat' dir='ltr'>Insula</span> <span class='ocrx_word' id='word_1_416' title='bbox 574 1691 673 1723; x_wconf 79' lang='lat' dir='ltr'>Sicilia</span> <span class='ocrx_word' id='word_1_417' title='bbox 691 1695 831 1723; x_wconf 85' lang='lat' dir='ltr'>moritur.</span> <span class='ocrx_word' id='word_1_418' title='bbox 858 1691 985 1724; x_wconf 89' lang='lat' dir='ltr'>Omnes</span> <span class='ocrx_word' id='word_1_419' title='bbox 1000 1689 1124 1733; x_wconf 80' lang='lat' dir='ltr'>quintae</span> <span class='ocrx_word' id='word_1_420' title='bbox 1185 1689 1276 1723; x_wconf 89' lang='lat' dir='ltr'>niani</span> <span class='ocrx_word' id='word_1_421' title='bbox 1299 1700 1387 1723; x_wconf 82' lang='lat' dir='ltr'>arma</span> <span class='ocrx_word' id='word_1_422' title='bbox 1409 1698 1547 1723; x_wconf 88' lang='lat' dir='ltr'>conatus</span> <span class='ocrx_word' id='word_1_423' title='bbox 1557 1689 1760 1733; x_wconf 88' lang='lat' dir='ltr'>compescere</span> <span class='ocrx_word' id='word_1_424' title='bbox 1773 1714 1784 1731; x_wconf 92' lang='lat'>,</span> <span class='ocrx_word' id='word_1_425' title='bbox 1811 1699 1844 1724; x_wconf 89' lang='lat' dir='ltr'>at</span> <span class='ocrx_word' id='word_1_426' title='bbox 1866 1689 1964 1723; x_wconf 87' lang='lat' dir='ltr'>trium</span> <span class='ocrx_word' id='word_1_427' title='bbox 1977 1687 2073 1732; x_wconf 76' lang='lat' dir='ltr'>Capi-</span> 
     </span>
     <span class='ocr_line' id='line_1_32' title="bbox 242 1736 1703 1783; baseline -0.001 -11"><span class='ocrx_word' id='word_1_428' title='bbox 242 1736 382 1780; x_wconf 89' lang='lat' dir='ltr'>Synodo</span> <span class='ocrx_word' id='word_1_429' title='bbox 402 1739 602 1783; x_wconf 83' lang='lat' dir='ltr'>refragantes</span> <span class='ocrx_word' id='word_1_430' title='bbox 613 1739 755 1773; x_wconf 81' lang='lat' dir='ltr'>Latinos</span> <span class='ocrx_word' id='word_1_431' title='bbox 771 1739 949 1783; x_wconf 81' lang='lat' dir='ltr'>Episcopos</span> <span class='ocrx_word' id='word_1_432' title='bbox 969 1739 1005 1775; x_wconf 87' lang='lat' dir='ltr'>in</span> <span class='ocrx_word' id='word_1_433' title='bbox 1018 1739 1122 1774; x_wconf 86' lang='lat' dir='ltr'>varias</span> <span class='ocrx_word' id='word_1_434' title='bbox 1184 1738 1329 1774; x_wconf 86' lang='lat' dir='ltr'>tulorutn</span> <span class='ocrx_word' id='word_1_435' title='bbox 1341 1739 1427 1773; x_wconf 89' lang='lat' dir='ltr'>zelus</span> <span class='ocrx_word' id='word_1_436' title='bbox 1440 1739 1552 1773; x_wconf 88' lang='lat' dir='ltr'>omnia</span> <span class='ocrx_word' id='word_1_437' title='bbox 1563 1739 1681 1782; x_wconf 89' lang='lat' dir='ltr'>sprevit</span> <span class='ocrx_word' id='word_1_438' title='bbox 1695 1763 1703 1771; x_wconf 88' lang='lat'>.</span> 
     </span>
     <span class='ocr_line' id='line_1_33' title="bbox 242 1787 2070 1837; baseline 0.002 -17"><span class='ocrx_word' id='word_1_439' title='bbox 242 1787 394 1830; x_wconf 86' lang='lat' dir='ltr'>regiones</span> <span class='ocrx_word' id='word_1_440' title='bbox 404 1787 585 1831; x_wconf 75' lang='lat' dir='ltr'>proscripsit</span> <span class='ocrx_word' id='word_1_441' title='bbox 595 1788 918 1831; x_wconf 83' lang='lat' dir='ltr'>Justinianus,atque</span> <span class='ocrx_word' id='word_1_442' title='bbox 930 1787 1013 1823; x_wconf 72' lang='lat' dir='ltr'>adeo</span> <span class='ocrx_word' id='word_1_443' title='bbox 1023 1790 1124 1824; x_wconf 86' lang='lat' dir='ltr'>etiam</span> <span class='ocrx_word' id='word_1_444' title='bbox 1235 1788 1382 1823; x_wconf 88' lang='lat' dir='ltr'>Secunda</span> <span class='ocrx_word' id='word_1_445' title='bbox 1394 1789 1528 1832; x_wconf 84' lang='lat' dir='ltr'>quaestio</span> <span class='ocrx_word' id='word_1_446' title='bbox 1545 1788 1590 1823; x_wconf 87' lang='lat' dir='ltr'>est</span> <span class='ocrx_word' id='word_1_447' title='bbox 1602 1814 1614 1830; x_wconf 94' lang='lat'>‚</span> <span class='ocrx_word' id='word_1_448' title='bbox 1638 1788 1772 1837; x_wconf 86' lang='lat' dir='ltr'>Qanta</span> <span class='ocrx_word' id='word_1_449' title='bbox 1783 1788 1822 1823; x_wconf 86' lang='lat' dir='ltr'>fit</span> <span class='ocrx_word' id='word_1_450' title='bbox 1834 1787 1928 1832; x_wconf 89' lang='lat' dir='ltr'>hujus</span> <span class='ocrx_word' id='word_1_451' title='bbox 1942 1788 2070 1832; x_wconf 84' lang='lat' dir='ltr'>Synodi</span> 
     </span>
     <span class='ocr_line' id='line_1_34' title="bbox 243 1835 2069 1882; baseline 0.003 -14"><span class='ocrx_word' id='word_1_452' title='bbox 243 1835 410 1881; x_wconf 84' lang='lat' dir='ltr'>vigilium</span> <span class='ocrx_word' id='word_1_453' title='bbox 424 1860 435 1877; x_wconf 92' lang='lat'>,</span> <span class='ocrx_word' id='word_1_454' title='bbox 459 1837 517 1880; x_wconf 87' lang='lat' dir='ltr'>qui</span> <span class='ocrx_word' id='word_1_455' title='bbox 537 1837 689 1872; x_wconf 83' lang='lat' dir='ltr'>aerum-nis</span> <span class='ocrx_word' id='word_1_456' title='bbox 710 1838 826 1876; x_wconf 79' lang='lat' dir='ltr'>lassus,</span> <span class='ocrx_word' id='word_1_457' title='bbox 849 1838 883 1872; x_wconf 71' lang='grc' dir='ltr'>ὅ(</span> <span class='ocrx_word' id='word_1_458' title='bbox 906 1837 1062 1873; x_wconf 83' lang='lat' dir='ltr'>libertatis</span> <span class='ocrx_word' id='word_1_459' title='bbox 1085 1850 1122 1873; x_wconf 87' lang='lat' dir='ltr'>ac</span> <span class='ocrx_word' id='word_1_460' title='bbox 1185 1839 1378 1873; x_wconf 71' lang='lat' dir='ltr'>austeritas?</span> <span class='ocrx_word' id='word_1_461' title='bbox 1405 1838 1603 1882; x_wconf 88' lang='lat' dir='ltr'>Respondeo</span> <span class='ocrx_word' id='word_1_462' title='bbox 1626 1841 1688 1873; x_wconf 82' lang='lat' dir='ltr'>effe</span> <span class='ocrx_word' id='word_1_463' title='bbox 1711 1841 1871 1873; x_wconf 84' lang='lat' dir='ltr'>summam</span> <span class='ocrx_word' id='word_1_464' title='bbox 1895 1864 1902 1870; x_wconf 93' lang='lat'>.</span> <span class='ocrx_word' id='word_1_465' title='bbox 1933 1838 2069 1874; x_wconf 81' lang='lat' dir='ltr'>Etenim</span> 
     </span>
     <span class='ocr_line' id='line_1_35' title="bbox 243 1885 2072 1934; baseline 0.003 -15"><span class='ocrx_word' id='word_1_466' title='bbox 243 1885 326 1920; x_wconf 86' lang='lat' dir='ltr'>sedis</span> <span class='ocrx_word' id='word_1_467' title='bbox 346 1886 570 1930; x_wconf 64' lang='lat' dir='ltr'>recuperande</span> <span class='ocrx_word' id='word_1_468' title='bbox 591 1899 703 1922; x_wconf 88' lang='lat' dir='ltr'>amore</span> <span class='ocrx_word' id='word_1_469' title='bbox 724 1887 824 1922; x_wconf 66' lang='lat' dir='ltr'>vietus</span> <span class='ocrx_word' id='word_1_470' title='bbox 837 1887 968 1922; x_wconf 88' lang='lat' dir='ltr'>tandem</span> <span class='ocrx_word' id='word_1_471' title='bbox 985 1890 1124 1922; x_wconf 86' lang='lat' dir='ltr'>consen·</span> <span class='ocrx_word' id='word_1_472' title='bbox 1185 1889 1363 1934; x_wconf 86' lang='lat' dir='ltr'>Gregorius</span> <span class='ocrx_word' id='word_1_473' title='bbox 1382 1888 1528 1932; x_wconf 76' lang='lat' dir='ltr'>Magnus</span> <span class='ocrx_word' id='word_1_474' title='bbox 1553 1889 1590 1922; x_wconf 89' lang='lat' dir='ltr'>in</span> <span class='ocrx_word' id='word_1_475' title='bbox 1614 1887 1733 1923; x_wconf 89' lang='lat' dir='ltr'>litteris</span> <span class='ocrx_word' id='word_1_476' title='bbox 1752 1889 1793 1923; x_wconf 87' lang='lat' dir='ltr'>ad</span> <span class='ocrx_word' id='word_1_477' title='bbox 1817 1888 1978 1923; x_wconf 86' lang='lat' dir='ltr'>Sabinum</span> <span class='ocrx_word' id='word_1_478' title='bbox 1991 1889 2072 1925; x_wconf 89' lang='lat' dir='ltr'>Sub-</span> 
     </span>
     <span class='ocr_line' id='line_1_36' title="bbox 241 1935 2075 1982; baseline 0.003 -14"><span class='ocrx_word' id='word_1_479' title='bbox 241 1936 283 1969; x_wconf 69' lang='lat' dir='ltr'>iit</span> <span class='ocrx_word' id='word_1_480' title='bbox 305 1936 340 1970; x_wconf 86' lang='lat' dir='ltr'>in</span> <span class='ocrx_word' id='word_1_481' title='bbox 350 1935 543 1979; x_wconf 81' lang='lat' dir='ltr'>synodum,</span> <span class='ocrx_word' id='word_1_482' title='bbox 570 1947 668 1981; x_wconf 87' lang='lat' dir='ltr'>atque</span> <span class='ocrx_word' id='word_1_483' title='bbox 689 1938 734 1972; x_wconf 77' lang='lat' dir='ltr'>ita</span> <span class='ocrx_word' id='word_1_484' title='bbox 755 1938 800 1972; x_wconf 87' lang='lat' dir='ltr'>est</span> <span class='ocrx_word' id='word_1_485' title='bbox 814 1936 855 1972; x_wconf 88' lang='lat' dir='ltr'>ad</span> <span class='ocrx_word' id='word_1_486' title='bbox 876 1938 1003 1981; x_wconf 90' lang='lat' dir='ltr'>propria</span> <span class='ocrx_word' id='word_1_487' title='bbox 1014 1939 1121 1973; x_wconf 87' lang='lat' dir='ltr'>temis-</span> <span class='ocrx_word' id='word_1_488' title='bbox 1184 1937 1363 1974; x_wconf 89' lang='lat' dir='ltr'>diaconum</span> <span class='ocrx_word' id='word_1_489' title='bbox 1385 1949 1526 1982; x_wconf 85' lang='lat' dir='ltr'>quatuor</span> <span class='ocrx_word' id='word_1_490' title='bbox 1547 1937 1650 1981; x_wconf 87' lang='lat' dir='ltr'>prima</span> <span class='ocrx_word' id='word_1_491' title='bbox 1664 1938 1820 1973; x_wconf 86' lang='lat' dir='ltr'>Concilia</span> <span class='ocrx_word' id='word_1_492' title='bbox 1833 1936 1983 1973; x_wconf 86' lang='lat' dir='ltr'>laudat&amp;</span> <span class='ocrx_word' id='word_1_493' title='bbox 2002 1950 2075 1982; x_wconf 89' lang='lat' dir='ltr'>pro-</span> 
     </span>
     <span class='ocr_line' id='line_1_37' title="bbox 244 1986 2075 2034; baseline 0.002 -15"><span class='ocrx_word' id='word_1_494' title='bbox 244 1986 316 2019; x_wconf 88' lang='lat' dir='ltr'>sus.</span> <span class='ocrx_word' id='word_1_495' title='bbox 343 1986 510 2034; x_wconf 73' lang='lat' dir='ltr'>roirca</span> <span class='ocrx_word' id='word_1_496' title='bbox 528 1986 681 2021; x_wconf 83' lang='lat' dir='ltr'>existimo</span> <span class='ocrx_word' id='word_1_497' title='bbox 692 1988 816 2022; x_wconf 62' lang='lat' dir='ltr'>dictum</span> <span class='ocrx_word' id='word_1_498' title='bbox 838 1988 1033 2022; x_wconf 90' lang='lat' dir='ltr'>consensum</span> <span class='ocrx_word' id='word_1_499' title='bbox 1051 1999 1120 2024; x_wconf 90' lang='lat' dir='ltr'>non</span> <span class='ocrx_word' id='word_1_500' title='bbox 1186 1989 1293 2022; x_wconf 87' lang='lat' dir='ltr'>fitetur</span> <span class='ocrx_word' id='word_1_501' title='bbox 1313 1998 1480 2032; x_wconf 87' lang='lat' dir='ltr'>tamquam</span> <span class='ocrx_word' id='word_1_502' title='bbox 1500 1997 1639 2032; x_wconf 84' lang='lat' dir='ltr'>quatuor</span> <span class='ocrx_word' id='word_1_503' title='bbox 1663 1989 1729 2022; x_wconf 87' lang='lat' dir='ltr'>Dei</span> <span class='ocrx_word' id='word_1_504' title='bbox 1753 1988 1955 2034; x_wconf 80' lang='lat' dir='ltr'>Evangelia,</span> <span class='ocrx_word' id='word_1_505' title='bbox 1978 1989 2013 2022; x_wconf 70' lang='grc' dir='ltr'>ὅ(</span> <span class='ocrx_word' id='word_1_506' title='bbox 2039 1990 2075 2023; x_wconf 89' lang='lat' dir='ltr'>in</span> 
     </span>
     <span class='ocr_line' id='line_1_38' title="bbox 245 2033 2073 2082; baseline 0.002 -13"><span class='ocrx_word' id='word_1_507' title='bbox 245 2035 308 2069; x_wconf 73' lang='lat' dir='ltr'>nisi</span> <span class='ocrx_word' id='word_1_508' title='bbox 326 2033 456 2068; x_wconf 87' lang='lat' dir='ltr'>decimo</span> <span class='ocrx_word' id='word_1_509' title='bbox 481 2036 616 2079; x_wconf 89' lang='lat' dir='ltr'>septimo</span> <span class='ocrx_word' id='word_1_510' title='bbox 628 2038 675 2079; x_wconf 85' lang='lat' dir='ltr'>(a)</span> <span class='ocrx_word' id='word_1_511' title='bbox 695 2038 766 2080; x_wconf 85' lang='lat' dir='ltr'>post</span> <span class='ocrx_word' id='word_1_512' title='bbox 780 2037 891 2071; x_wconf 83' lang='lat' dir='ltr'>Basilii</span> <span class='ocrx_word' id='word_1_513' title='bbox 903 2037 1120 2073; x_wconf 86' lang='lat' dir='ltr'>Consulatum</span> <span class='ocrx_word' id='word_1_514' title='bbox 1186 2039 1301 2072; x_wconf 87' lang='lat' dir='ltr'>litteris</span> <span class='ocrx_word' id='word_1_515' title='bbox 1314 2037 1355 2072; x_wconf 91' lang='lat' dir='ltr'>ad</span> <span class='ocrx_word' id='word_1_516' title='bbox 1371 2038 1531 2080; x_wconf 78' lang='lat' dir='ltr'>Ioannem</span> <span class='ocrx_word' id='word_1_517' title='bbox 1544 2037 1955 2082; x_wconf 86' lang='lat' dir='ltr'>Constantinopolitanum</span> <span class='ocrx_word' id='word_1_518' title='bbox 1968 2063 1979 2079; x_wconf 92' lang='lat'>,</span> <span class='ocrx_word' id='word_1_519' title='bbox 2005 2040 2073 2073; x_wconf 87' lang='lat' dir='ltr'>Eu-</span> 
     </span>
     <span class='ocr_line' id='line_1_39' title="bbox 243 2085 2076 2132; baseline 0.003 -15"><span class='ocrx_word' id='word_1_520' title='bbox 243 2095 335 2118; x_wconf 71' lang='lat' dir='ltr'>unno</span> <span class='ocrx_word' id='word_1_521' title='bbox 356 2085 450 2118; x_wconf 81' lang='lat' dir='ltr'>fuiffe</span> <span class='ocrx_word' id='word_1_522' title='bbox 468 2095 636 2120; x_wconf 86' lang='lat' dir='ltr'>extortum</span> <span class='ocrx_word' id='word_1_523' title='bbox 649 2109 656 2117; x_wconf 91' lang='lat'>.</span> <span class='ocrx_word' id='word_1_524' title='bbox 683 2087 728 2121; x_wconf 89' lang='lat' dir='ltr'>Et</span> <span class='ocrx_word' id='word_1_525' title='bbox 748 2085 879 2129; x_wconf 85' lang='lat' dir='ltr'>quidem</span> <span class='ocrx_word' id='word_1_526' title='bbox 903 2086 1042 2132; x_wconf 81' lang='lat' dir='ltr'>Pelagio</span> <span class='ocrx_word' id='word_1_527' title='bbox 1062 2088 1122 2123; x_wconf 86' lang='lat' dir='ltr'>Vi·</span> <span class='ocrx_word' id='word_1_528' title='bbox 1185 2087 1313 2132; x_wconf 87' lang='lat' dir='ltr'>logium</span> <span class='ocrx_word' id='word_1_529' title='bbox 1333 2085 1597 2122; x_wconf 85' lang='lat' dir='ltr'>Alexandrinum</span> <span class='ocrx_word' id='word_1_530' title='bbox 1615 2110 1627 2127; x_wconf 90' lang='lat'>,</span> <span class='ocrx_word' id='word_1_531' title='bbox 1656 2087 1862 2122; x_wconf 81' lang='lat' dir='ltr'>Anastafium</span> <span class='ocrx_word' id='word_1_532' title='bbox 1887 2087 2076 2123; x_wconf 88' lang='lat' dir='ltr'>Antioche-</span> 
     </span>
     <span class='ocr_line' id='line_1_40' title="bbox 244 2132 2072 2182; baseline 0.004 -16"><span class='ocrx_word' id='word_1_533' title='bbox 244 2132 319 2178; x_wconf 88' lang='lat' dir='ltr'>gilii</span> <span class='ocrx_word' id='word_1_534' title='bbox 343 2134 619 2170; x_wconf 86' lang='lat' dir='ltr'>Archi-Diacono</span> <span class='ocrx_word' id='word_1_535' title='bbox 638 2136 835 2172; x_wconf 85' lang='lat' dir='ltr'>reclamante</span> <span class='ocrx_word' id='word_1_536' title='bbox 853 2161 863 2177; x_wconf 94' lang='lat'>,</span> <span class='ocrx_word' id='word_1_537' title='bbox 884 2135 926 2170; x_wconf 90' lang='lat' dir='ltr'>de</span> <span class='ocrx_word' id='word_1_538' title='bbox 945 2148 1012 2180; x_wconf 92' lang='lat' dir='ltr'>quo</span> <span class='ocrx_word' id='word_1_539' title='bbox 1034 2137 1121 2172; x_wconf 90' lang='lat' dir='ltr'>idem</span> <span class='ocrx_word' id='word_1_540' title='bbox 1188 2149 1267 2172; x_wconf 88' lang='lat' dir='ltr'>num</span> <span class='ocrx_word' id='word_1_541' title='bbox 1285 2162 1295 2178; x_wconf 93' lang='lat'>‚</span> <span class='ocrx_word' id='word_1_542' title='bbox 1321 2137 1355 2171; x_wconf 76' lang='grc' dir='ltr'>δε</span> <span class='ocrx_word' id='word_1_543' title='bbox 1377 2138 1538 2181; x_wconf 79' lang='lat' dir='ltr'>Ioannem</span> <span class='ocrx_word' id='word_1_544' title='bbox 1563 2135 1783 2172; x_wconf 73' lang='lat' dir='ltr'>patriarcham</span> <span class='ocrx_word' id='word_1_545' title='bbox 1798 2139 2072 2182; x_wconf 88' lang='lat' dir='ltr'>Hierosolymita-</span> 
     </span>
     <span class='ocr_line' id='line_1_41' title="bbox 246 2182 2210 2243; baseline 0.004 -25"><span class='ocrx_word' id='word_1_546' title='bbox 246 2182 364 2217; x_wconf 65' lang='lat' dir='ltr'>Vistor</span> <span class='ocrx_word' id='word_1_547' title='bbox 385 2184 425 2218; x_wconf 88' lang='lat' dir='ltr'>ad</span> <span class='ocrx_word' id='word_1_548' title='bbox 438 2196 563 2219; x_wconf 88' lang='lat' dir='ltr'>annum</span> <span class='ocrx_word' id='word_1_549' title='bbox 574 2186 780 2228; x_wconf 89' lang='lat' dir='ltr'>sequentem.</span> <span class='ocrx_word' id='word_1_550' title='bbox 809 2186 949 2230; x_wconf 76' lang='lat' dir='ltr'>Pelagius</span> <span class='ocrx_word' id='word_1_551' title='bbox 971 2190 1122 2220; x_wconf 82' lang='lat' dir='ltr'>Romanus</span> <span class='ocrx_word' id='word_1_552' title='bbox 1189 2199 1288 2225; x_wconf 84' lang='lat' dir='ltr'>num,</span> <span class='ocrx_word' id='word_1_553' title='bbox 1313 2186 1427 2222; x_wconf 88' lang='lat' dir='ltr'>eadem</span> <span class='ocrx_word' id='word_1_554' title='bbox 1450 2187 1513 2221; x_wconf 79' lang='lat' dir='ltr'>esse</span> <span class='ocrx_word' id='word_1_555' title='bbox 1535 2185 1617 2220; x_wconf 92' lang='lat' dir='ltr'>dicit</span> <span class='ocrx_word' id='word_1_556' title='bbox 1629 2197 1771 2231; x_wconf 88' lang='lat' dir='ltr'>quatuor</span> <span class='ocrx_word' id='word_1_557' title='bbox 1782 2188 1933 2223; x_wconf 78' lang='lat' dir='ltr'>Ecclefiae</span> <span class='ocrx_word' id='word_1_558' title='bbox 1947 2189 2072 2233; x_wconf 82' lang='lat' dir='ltr'>lapides</span> <span class='ocrx_word' id='word_1_559' title='bbox 2092 2216 2103 2243; x_wconf 85' lang='lat'>1</span> <span class='ocrx_word' id='word_1_560' title='bbox 2189 2214 2210 2243; x_wconf 72' lang='grc' dir='ltr'>Ε</span> 
     </span>
     <span class='ocr_line' id='line_1_42' title="bbox 246 2224 2166 2290; baseline 0.005 -25"><span class='ocrx_word' id='word_1_561' title='bbox 246 2232 500 2267; x_wconf 69' lang='lat' dir='ltr'>Archi-maeoniis</span> <span class='ocrx_word' id='word_1_562' title='bbox 512 2259 523 2276; x_wconf 85' lang='lat'>‚</span> <span class='ocrx_word' id='word_1_563' title='bbox 548 2241 643 2268; x_wconf 79' lang='lat' dir='ltr'>trium</span> <span class='ocrx_word' id='word_1_564' title='bbox 662 2234 796 2278; x_wconf 70' lang='lat' dir='ltr'>defensor</span> <span class='ocrx_word' id='word_1_565' title='bbox 808 2237 1011 2277; x_wconf 78' lang='lat' dir='ltr'>capitulorum</span> <span class='ocrx_word' id='word_1_566' title='bbox 1023 2261 1033 2276; x_wconf 96' lang='lat'>,</span> <span class='ocrx_word' id='word_1_567' title='bbox 1056 2241 1088 2282; x_wconf 87' lang='lat' dir='ltr'><strong><em>J</em></strong></span> <span class='ocrx_word' id='word_1_568' title='bbox 1090 2250 1119 2271; x_wconf 90' lang='lat' dir='ltr'>u·</span> <span class='ocrx_word' id='word_1_569' title='bbox 1187 2238 1466 2278; x_wconf 85' lang='lat' dir='ltr'>fundamentales,</span> <span class='ocrx_word' id='word_1_570' title='bbox 1491 2237 1524 2272; x_wconf 86' lang='lat'>&amp;</span> <span class='ocrx_word' id='word_1_571' title='bbox 1545 2236 1638 2271; x_wconf 82' lang='lat' dir='ltr'>addit</span> <span class='ocrx_word' id='word_1_572' title='bbox 1650 2261 1657 2268; x_wconf 89' lang='lat'>.</span> <span class='ocrx_word' id='word_1_573' title='bbox 1687 2240 1840 2281; x_wconf 72' lang='lat' dir='ltr'>,Quintum</span> <span class='ocrx_word' id='word_1_574' title='bbox 1864 2250 1978 2282; x_wconf 83' lang='lat' dir='ltr'>quoque</span> <span class='ocrx_word' id='word_1_575' title='bbox 1998 2243 2075 2273; x_wconf 82' lang='lat' dir='ltr'>Con·</span> <span class='ocrx_word' id='word_1_576' title='bbox 2092 2224 2166 2290; x_wconf 24' lang='lat'>2⁴14?</span> 
     </span>
     <span class='ocr_line' id='line_1_43' title="bbox 238 2283 2065 2331; baseline 0.005 -16"><span class='ocrx_word' id='word_1_577' title='bbox 238 2283 368 2324; x_wconf 75' lang='lat' dir='ltr'>stiniam‘</span> <span class='ocrx_word' id='word_1_578' title='bbox 392 2287 542 2326; x_wconf 77' lang='lat' dir='ltr'>Principis</span> <span class='ocrx_word' id='word_1_579' title='bbox 559 2284 759 2328; x_wconf 80' lang='lat' dir='ltr'>persuafione‚</span> <span class='ocrx_word' id='word_1_580' title='bbox 785 2286 822 2318; x_wconf 78' lang='lat' dir='ltr'>de</span> <span class='ocrx_word' id='word_1_581' title='bbox 843 2287 931 2319; x_wconf 83' lang='lat' dir='ltr'>exilio</span> <span class='ocrx_word' id='word_1_582' title='bbox 951 2288 1031 2320; x_wconf 78' lang='lat' dir='ltr'>redit</span> <span class='ocrx_word' id='word_1_583' title='bbox 1049 2311 1060 2327; x_wconf 87' lang='lat'>‚</span> <span class='ocrx_word' id='word_1_584' title='bbox 1086 2289 1120 2321; x_wconf 63' lang='grc' dir='ltr'>(ν</span> <span class='ocrx_word' id='word_1_585' title='bbox 1187 2288 1286 2321; x_wconf 80' lang='lat' dir='ltr'>cilium</span> <span class='ocrx_word' id='word_1_586' title='bbox 1302 2293 1416 2329; x_wconf 81' lang='lat' dir='ltr'>pariter</span> <span class='ocrx_word' id='word_1_587' title='bbox 1427 2298 1573 2321; x_wconf 79' lang='lat' dir='ltr'>veneror:</span> <span class='ocrx_word' id='word_1_588' title='bbox 1598 2285 1748 2330; x_wconf 72' lang='lat' dir='ltr'>,Quisquis</span> <span class='ocrx_word' id='word_1_589' title='bbox 1759 2288 1848 2322; x_wconf 77' lang='lat' dir='ltr'>aliter</span> <span class='ocrx_word' id='word_1_590' title='bbox 1853 2287 1940 2331; x_wconf 79' lang='lat' dir='ltr'>sapit</span> <span class='ocrx_word' id='word_1_591' title='bbox 1953 2314 1964 2329; x_wconf 94' lang='lat'>,</span> <span class='ocrx_word' id='word_1_592' title='bbox 1989 2302 2065 2325; x_wconf 57' lang='lat' dir='ltr'>aner«</span> 
     </span>
     <span class='ocr_line' id='line_1_44' title="bbox 243 2334 2060 2383; baseline 0.005 -18"><span class='ocrx_word' id='word_1_593' title='bbox 243 2334 443 2366; x_wconf 84' lang='lat' dir='ltr'>condemnans</span> <span class='ocrx_word' id='word_1_594' title='bbox 455 2345 512 2374; x_wconf 85' lang='lat' dir='ltr'>ea,</span> <span class='ocrx_word' id='word_1_595' title='bbox 537 2345 604 2376; x_wconf 80' lang='lat' dir='ltr'>quae</span> <span class='ocrx_word' id='word_1_596' title='bbox 614 2336 732 2368; x_wconf 79' lang='lat' dir='ltr'>dudum</span> <span class='ocrx_word' id='word_1_597' title='bbox 754 2335 968 2375; x_wconf 73' lang='lat' dir='ltr'>constantiffimi?</span> <span class='ocrx_word' id='word_1_598' title='bbox 980 2336 1117 2377; x_wconf 83' lang='lat' dir='ltr'>defende·</span> <span class='ocrx_word' id='word_1_599' title='bbox 1187 2337 1286 2371; x_wconf 79' lang='lat' dir='ltr'>thema</span> <span class='ocrx_word' id='word_1_600' title='bbox 1301 2336 1340 2378; x_wconf 81' lang='lat' dir='ltr'>fit</span> <span class='ocrx_word' id='word_1_601' title='bbox 1366 2363 1373 2370; x_wconf 91' lang='lat'>.</span> <span class='ocrx_word' id='word_1_602' title='bbox 1399 2337 1463 2371; x_wconf 74' lang='lat' dir='ltr'>Ibae</span> <span class='ocrx_word' id='word_1_603' title='bbox 1488 2336 1672 2381; x_wconf 85' lang='lat' dir='ltr'>Epistolam</span> <span class='ocrx_word' id='word_1_604' title='bbox 1709 2336 1791 2372; x_wconf 86' lang='lat' dir='ltr'>dicit</span> <span class='ocrx_word' id='word_1_605' title='bbox 1828 2339 1891 2372; x_wconf 78' lang='lat' dir='ltr'>esse</span> <span class='ocrx_word' id='word_1_606' title='bbox 1928 2340 2060 2383; x_wconf 88' lang='lat' dir='ltr'>plenam</span> 
     </span>
     <span class='ocr_line' id='line_1_45' title="bbox 246 2382 2061 2429; baseline 0.005 -14"><span class='ocrx_word' id='word_1_607' title='bbox 246 2382 320 2424; x_wconf 80' lang='lat' dir='ltr'>bat,</span> <span class='ocrx_word' id='word_1_608' title='bbox 349 2386 494 2418; x_wconf 67' lang='lat' dir='ltr'>Romana</span> <span class='ocrx_word' id='word_1_609' title='bbox 513 2382 648 2425; x_wconf 80' lang='lat' dir='ltr'>Ecclefiae</span> <span class='ocrx_word' id='word_1_610' title='bbox 668 2384 833 2427; x_wconf 77' lang='lat' dir='ltr'>Episcopus</span> <span class='ocrx_word' id='word_1_611' title='bbox 856 2387 1123 2426; x_wconf 66' lang='lat' dir='ltr'>opraevaricatori-</span> <span class='ocrx_word' id='word_1_612' title='bbox 1184 2388 1299 2421; x_wconf 85' lang='lat' dir='ltr'>erroris</span> <span class='ocrx_word' id='word_1_613' title='bbox 1335 2411 1347 2429; x_wconf 84' lang='lat'>‚</span> <span class='ocrx_word' id='word_1_614' title='bbox 1381 2387 1415 2421; x_wconf 75' lang='grc' dir='ltr'>δε</span> <span class='ocrx_word' id='word_1_615' title='bbox 1438 2385 1663 2421; x_wconf 87' lang='lat' dir='ltr'>Theodorum</span> <span class='ocrx_word' id='word_1_616' title='bbox 1697 2387 1739 2422; x_wconf 91' lang='lat' dir='ltr'>de</span> <span class='ocrx_word' id='word_1_617' title='bbox 1773 2387 1878 2423; x_wconf 86' lang='lat' dir='ltr'>divisa</span> <span class='ocrx_word' id='word_1_618' title='bbox 1916 2391 2061 2424; x_wconf 86' lang='lat' dir='ltr'>Domini</span> 
     </span>
     <span class='ocr_line' id='line_1_46' title="bbox 247 2430 2254 2484; baseline 0.003 -18"><span class='ocrx_word' id='word_1_619' title='bbox 247 2430 302 2467; x_wconf 74' lang='lat' dir='ltr'>bus</span> <span class='ocrx_word' id='word_1_620' title='bbox 320 2434 479 2467; x_wconf 79' lang='lat' dir='ltr'>ordinatur</span> <span class='ocrx_word' id='word_1_621' title='bbox 497 2459 507 2467; x_wconf 90' lang='lat'>.</span> <span class='ocrx_word' id='word_1_622' title='bbox 534 2434 683 2469; x_wconf 86' lang='lat' dir='ltr'>Romani</span> <span class='ocrx_word' id='word_1_623' title='bbox 704 2434 926 2480; x_wconf 84' lang='lat' dir='ltr'>Episcopatus</span> <span class='ocrx_word' id='word_1_624' title='bbox 951 2447 1063 2472; x_wconf 86' lang='lat' dir='ltr'>amore</span> <span class='ocrx_word' id='word_1_625' title='bbox 1083 2434 1122 2470; x_wconf 87' lang='lat' dir='ltr'>ad</span> <span class='ocrx_word' id='word_1_626' title='bbox 1184 2438 1319 2481; x_wconf 83' lang='lat' dir='ltr'>persona</span> <span class='ocrx_word' id='word_1_627' title='bbox 1343 2438 1551 2472; x_wconf 71' lang='lat' dir='ltr'>convictum.</span> <span class='ocrx_word' id='word_1_628' title='bbox 1572 2437 1617 2472; x_wconf 86' lang='lat' dir='ltr'>Et</span> <span class='ocrx_word' id='word_1_629' title='bbox 1640 2437 1678 2472; x_wconf 86' lang='lat' dir='ltr'>in</span> <span class='ocrx_word' id='word_1_630' title='bbox 1689 2436 1804 2474; x_wconf 85' lang='lat' dir='ltr'>litteris</span> <span class='ocrx_word' id='word_1_631' title='bbox 1830 2438 1870 2474; x_wconf 89' lang='lat' dir='ltr'>ad</span> <span class='ocrx_word' id='word_1_632' title='bbox 1885 2439 2067 2484; x_wconf 76' lang='lat' dir='ltr'>Episcopus</span> <span class='ocrx_word' id='word_1_633' title='bbox 2096 2443 2254 2484; x_wconf 79' lang='lat' dir='ltr'>1..2.Epist.</span> 
     </span>
    </p>
   </div>
   <div class='ocr_carea' id='block_1_3' title="bbox 1933 2490 2145 2534">
    <p class='ocr_par' dir='ltr' id='par_1_3' title="bbox 1933 2490 2145 2534">
     <span class='ocr_line' id='line_1_47' title="bbox 1933 2490 2145 2534; baseline 0 -11"><span class='ocrx_word' id='word_1_634' title='bbox 1933 2493 1978 2534; x_wconf 85' lang='lat' dir='ltr'>(a)</span> <span class='ocrx_word' id='word_1_635' title='bbox 1991 2495 2028 2524; x_wconf 80' lang='lat' dir='ltr'>In</span> <span class='ocrx_word' id='word_1_636' title='bbox 2100 2495 2114 2523; x_wconf 87' lang='lat'><em>3</em></span> <span class='ocrx_word' id='word_1_637' title='bbox 2120 2490 2145 2516; x_wconf 88' lang='lat'>6.</span> 
     </span>
    </p>
   </div>
   <div class='ocr_carea' id='block_1_4' title="bbox 69 717 206 756">
    <p class='ocr_par' dir='ltr' id='par_1_4' title="bbox 69 717 206 756">
     <span class='ocr_line' id='line_1_48' title="bbox 69 717 206 756; baseline -0.015 -5"><span class='ocrx_word' id='word_1_638' title='bbox 69 717 132 756; x_wconf 78' lang='grc' dir='ltr'><strong>Ι..ς.</strong></span> <span class='ocrx_word' id='word_1_639' title='bbox 147 727 206 750; x_wconf 70' lang='grc' dir='ltr'>ω.</span> 
     </span>
    </p>
   </div>
   <div class='ocr_carea' id='block_1_5' title="bbox 2213 2220 2243 2250">
    <p class='ocr_par' dir='ltr' id='par_1_5' title="bbox 2213 2220 2243 2250">
     <span class='ocr_line' id='line_1_49' title="bbox 2213 2220 2243 2250; baseline 0 -9"><span class='ocrx_word' id='word_1_640' title='bbox 2213 2220 2243 2250; x_wconf 73' lang='lat' dir='ltr'>pn</span> 
     </span>
    </p>
   </div>
   <div class='ocr_carea' id='block_1_6' title="bbox 250 2586 2084 2607">
    <p class='ocr_par' dir='ltr' id='par_1_6' title="bbox 250 2586 2084 2607">
     <span class='ocr_line' id='line_1_50' title="bbox 250 2586 2084 2607; baseline -0.001 -5"><span class='ocrx_word' id='word_1_641' title='bbox 250 2586 2084 2607; x_wconf 38' lang='grc' dir='ltr'>*Ἣ</span> 
     </span>
    </p>
   </div>
   <div class='ocr_carea' id='block_1_7' title="bbox 251 2657 2077 3534">
    <p class='ocr_par' dir='ltr' id='par_1_7' title="bbox 251 2657 2077 2842">
     <span class='ocr_line' id='line_1_51' title="bbox 251 2657 2075 2709; baseline 0.008 -19"><span class='ocrx_word' id='word_1_642' title='bbox 251 2658 300 2706; x_wconf 61' lang='lat' dir='ltr'>(a)</span> <span class='ocrx_word' id='word_1_643' title='bbox 319 2657 385 2691; x_wconf 88' lang='lat' dir='ltr'>Hic</span> <span class='ocrx_word' id='word_1_644' title='bbox 402 2659 508 2700; x_wconf 88' lang='lat' dir='ltr'>Lupus</span> <span class='ocrx_word' id='word_1_645' title='bbox 527 2659 670 2692; x_wconf 85' lang='lat' dir='ltr'>mendum</span> <span class='ocrx_word' id='word_1_646' title='bbox 691 2658 903 2707; x_wconf 76' lang='lat' dir='ltr'>subscriptioni</span> <span class='ocrx_word' id='word_1_647' title='bbox 923 2664 1066 2702; x_wconf 78' lang='lat' dir='ltr'>irrepsisse</span> <span class='ocrx_word' id='word_1_648' title='bbox 1085 2672 1172 2705; x_wconf 82' lang='lat' dir='ltr'>putat</span> <span class='ocrx_word' id='word_1_649' title='bbox 1190 2688 1201 2703; x_wconf 91' lang='lat'>,</span> <span class='ocrx_word' id='word_1_650' title='bbox 1230 2666 1498 2706; x_wconf 80' lang='lat' dir='ltr'>reponendumque</span> <span class='ocrx_word' id='word_1_651' title='bbox 1518 2676 1632 2700; x_wconf 86' lang='lat' dir='ltr'>annum</span> <span class='ocrx_word' id='word_1_652' title='bbox 1652 2668 1717 2709; x_wconf 85' lang='lat' dir='ltr'>post</span> <span class='ocrx_word' id='word_1_653' title='bbox 1738 2668 1844 2701; x_wconf 81' lang='lat' dir='ltr'>Basilii</span> <span class='ocrx_word' id='word_1_654' title='bbox 1866 2671 2075 2704; x_wconf 85' lang='lat' dir='ltr'>Consulatum</span> 
     </span>
     <span class='ocr_line' id='line_1_52' title="bbox 292 2699 2076 2750; baseline 0.008 -18"><span class='ocrx_word' id='word_1_655' title='bbox 292 2699 399 2733; x_wconf 88' lang='lat' dir='ltr'><strong>XVII.</strong></span> <span class='ocrx_word' id='word_1_656' title='bbox 419 2701 454 2747; x_wconf 74' lang='lat' dir='ltr'>Id</span> <span class='ocrx_word' id='word_1_657' title='bbox 474 2700 581 2740; x_wconf 81' lang='lat' dir='ltr'>probat</span> <span class='ocrx_word' id='word_1_658' title='bbox 599 2712 635 2733; x_wconf 84' lang='lat' dir='ltr'>ex</span> <span class='ocrx_word' id='word_1_659' title='bbox 656 2701 788 2735; x_wconf 60' lang='lat' dir='ltr'>Vfficore</span> <span class='ocrx_word' id='word_1_660' title='bbox 808 2703 1014 2744; x_wconf 58' lang='lat' dir='ltr'>Timonem,</span> <span class='ocrx_word' id='word_1_661' title='bbox 1035 2707 1089 2747; x_wconf 90' lang='lat' dir='ltr'>qui</span> <span class='ocrx_word' id='word_1_662' title='bbox 1110 2707 1156 2738; x_wconf 82' lang='lat' dir='ltr'>ait</span> <span class='ocrx_word' id='word_1_663' title='bbox 1174 2717 1214 2739; x_wconf 90' lang='lat' dir='ltr'>eo</span> <span class='ocrx_word' id='word_1_664' title='bbox 1234 2718 1316 2739; x_wconf 85' lang='lat' dir='ltr'>anno</span> <span class='ocrx_word' id='word_1_665' title='bbox 1335 2706 1354 2739; x_wconf 69' lang='lat' dir='ltr'>a</span> <span class='ocrx_word' id='word_1_666' title='bbox 1377 2707 1501 2745; x_wconf 87' lang='lat' dir='ltr'>Vigilio</span> <span class='ocrx_word' id='word_1_667' title='bbox 1520 2708 1643 2741; x_wconf 78' lang='lat' dir='ltr'>tandem</span> <span class='ocrx_word' id='word_1_668' title='bbox 1674 2709 1712 2741; x_wconf 89' lang='lat' dir='ltr'>ab</span> <span class='ocrx_word' id='word_1_669' title='bbox 1732 2711 1918 2750; x_wconf 73' lang='lat' dir='ltr'>Imperatore</span> <span class='ocrx_word' id='word_1_670' title='bbox 1938 2711 2076 2746; x_wconf 71' lang='lat' dir='ltr'>Romam</span> 
     </span>
     <span class='ocr_line' id='line_1_53' title="bbox 293 2740 2076 2790; baseline 0.007 -16"><span class='ocrx_word' id='word_1_671' title='bbox 293 2740 436 2774; x_wconf 81' lang='lat' dir='ltr'>redeundi</span> <span class='ocrx_word' id='word_1_672' title='bbox 457 2741 636 2774; x_wconf 84' lang='lat' dir='ltr'>facultatem</span> <span class='ocrx_word' id='word_1_673' title='bbox 655 2743 846 2783; x_wconf 70' lang='lat' dir='ltr'>concessam,</span> <span class='ocrx_word' id='word_1_674' title='bbox 866 2756 997 2786; x_wconf 84' lang='lat' dir='ltr'>eumque</span> <span class='ocrx_word' id='word_1_675' title='bbox 1018 2748 1049 2778; x_wconf 87' lang='lat' dir='ltr'>in</span> <span class='ocrx_word' id='word_1_676' title='bbox 1070 2748 1180 2780; x_wconf 84' lang='lat' dir='ltr'>itinere</span> <span class='ocrx_word' id='word_1_677' title='bbox 1202 2757 1360 2780; x_wconf 86' lang='lat' dir='ltr'>mortuum</span> <span class='ocrx_word' id='word_1_678' title='bbox 1381 2772 1388 2779; x_wconf 93' lang='lat'>.</span> <span class='ocrx_word' id='word_1_679' title='bbox 1419 2749 1454 2781; x_wconf 90' lang='lat' dir='ltr'>In</span> <span class='ocrx_word' id='word_1_680' title='bbox 1474 2748 1580 2781; x_wconf 86' lang='lat' dir='ltr'>eadem</span> <span class='ocrx_word' id='word_1_681' title='bbox 1599 2752 1743 2790; x_wconf 83' lang='lat' dir='ltr'>opinione</span> <span class='ocrx_word' id='word_1_682' title='bbox 1763 2750 1822 2783; x_wconf 85' lang='lat' dir='ltr'>fuit</span> <span class='ocrx_word' id='word_1_683' title='bbox 1842 2753 2022 2786; x_wconf 83' lang='lat' dir='ltr'>Sirmondus</span> <span class='ocrx_word' id='word_1_684' title='bbox 2044 2756 2076 2786; x_wconf 90' lang='lat' dir='ltr'>in</span> 
     </span>
     <span class='ocr_line' id='line_1_54' title="bbox 292 2781 2077 2842; baseline 0.008 -28"><span class='ocrx_word' id='word_1_685' title='bbox 292 2782 313 2814; x_wconf 90' lang='lat' dir='ltr'>S</span> <span class='ocrx_word' id='word_1_686' title='bbox 336 2781 422 2824; x_wconf 83' lang='lat' dir='ltr'>nopsi</span> <span class='ocrx_word' id='word_1_687' title='bbox 444 2783 610 2830; x_wconf 78' lang='lat' dir='ltr'>Cbronolo</span> <span class='ocrx_word' id='word_1_688' title='bbox 632 2806 640 2814; x_wconf 91' lang='lat'>.</span> <span class='ocrx_word' id='word_1_689' title='bbox 658 2785 813 2832; x_wconf 73' lang='lat' dir='ltr'>adlibros</span> <span class='ocrx_word' id='word_1_690' title='bbox 833 2786 987 2825; x_wconf 84' lang='lat' dir='ltr'>Facundi,</span> <span class='ocrx_word' id='word_1_691' title='bbox 1007 2790 1041 2821; x_wconf 69' lang='lat'>8&lt;</span> <span class='ocrx_word' id='word_1_692' title='bbox 1062 2788 1195 2821; x_wconf 78' lang='lat' dir='ltr'>Hauoix</span> <span class='ocrx_word' id='word_1_693' title='bbox 1216 2799 1281 2830; x_wconf 85' lang='lat' dir='ltr'>pag.</span> <span class='ocrx_word' id='word_1_694' title='bbox 1295 2799 1362 2832; x_wconf 82' lang='lat'>349.</span> <span class='ocrx_word' id='word_1_695' title='bbox 1381 2790 1410 2829; x_wconf 88' lang='lat'>§.</span> <span class='ocrx_word' id='word_1_696' title='bbox 1422 2799 1452 2830; x_wconf 88' lang='lat'>7.</span> <span class='ocrx_word' id='word_1_697' title='bbox 1471 2789 1542 2829; x_wconf 65' lang='lat' dir='ltr'>idest</span> <span class='ocrx_word' id='word_1_698' title='bbox 1559 2813 1569 2828; x_wconf 93' lang='lat'>,</span> <span class='ocrx_word' id='word_1_699' title='bbox 1592 2792 1737 2832; x_wconf 87' lang='lat' dir='ltr'>inquiunt</span> <span class='ocrx_word' id='word_1_700' title='bbox 1756 2815 1767 2830; x_wconf 90' lang='lat'><em>‚</em></span> <span class='ocrx_word' id='word_1_701' title='bbox 1787 2803 1863 2824; x_wconf 80' lang='lat' dir='ltr'>anno</span> <span class='ocrx_word' id='word_1_702' title='bbox 1884 2794 1985 2835; x_wconf 81' lang='lat' dir='ltr'>Christi</span> <span class='ocrx_word' id='word_1_703' title='bbox 2007 2795 2077 2842; x_wconf 71' lang='lat'>558.</span> 
     </span>
    </p>

    <p class='ocr_par' dir='ltr' id='par_1_8' title="bbox 286 2823 2077 3492">
     <span class='ocr_line' id='line_1_55' title="bbox 334 2823 2076 2875; baseline 0.008 -20"><span class='ocrx_word' id='word_1_704' title='bbox 334 2835 406 2857; x_wconf 82' lang='lat' dir='ltr'>nare</span> <span class='ocrx_word' id='word_1_705' title='bbox 426 2823 472 2856; x_wconf 74' lang='lat' dir='ltr'>his</span> <span class='ocrx_word' id='word_1_706' title='bbox 492 2823 610 2857; x_wconf 64' lang='grc' dir='ltr'>αυὲὶοῐι</span> <span class='ocrx_word' id='word_1_707' title='bbox 634 2836 667 2872; x_wconf 83' lang='lat' dir='ltr'>us</span> <span class='ocrx_word' id='word_1_708' title='bbox 688 2825 801 2868; x_wconf 86' lang='lat' dir='ltr'>Vigilii</span> <span class='ocrx_word' id='word_1_709' title='bbox 823 2828 951 2861; x_wconf 77' lang='lat' dir='ltr'>exilium</span> <span class='ocrx_word' id='word_1_710' title='bbox 972 2829 1062 2869; x_wconf 80' lang='lat' dir='ltr'>pleno</span> <span class='ocrx_word' id='word_1_711' title='bbox 1083 2830 1295 2870; x_wconf 87' lang='lat' dir='ltr'>quinquennio</span> <span class='ocrx_word' id='word_1_712' title='bbox 1315 2831 1437 2863; x_wconf 85' lang='lat' dir='ltr'>duravit</span> <span class='ocrx_word' id='word_1_713' title='bbox 1455 2854 1463 2862; x_wconf 91' lang='lat'>.</span> <span class='ocrx_word' id='word_1_714' title='bbox 1493 2831 1570 2863; x_wconf 78' lang='lat' dir='ltr'>Haec</span> <span class='ocrx_word' id='word_1_715' title='bbox 1591 2841 1692 2866; x_wconf 80' lang='lat' dir='ltr'>tamen</span> <span class='ocrx_word' id='word_1_716' title='bbox 1721 2835 1826 2875; x_wconf 89' lang='lat' dir='ltr'>opinio</span> <span class='ocrx_word' id='word_1_717' title='bbox 1846 2835 1967 2875; x_wconf 88' lang='lat' dir='ltr'>prorsus</span> <span class='ocrx_word' id='word_1_718' title='bbox 1998 2836 2076 2870; x_wconf 62' lang='lat' dir='ltr'>talia</span> 
     </span>
     <span class='ocr_line' id='line_1_56' title="bbox 291 2864 2076 2920; baseline 0.008 -24"><span class='ocrx_word' id='word_1_719' title='bbox 291 2868 354 2898; x_wconf 86' lang='lat' dir='ltr'>est.</span> <span class='ocrx_word' id='word_1_720' title='bbox 377 2864 534 2914; x_wconf 74' lang='lat' dir='ltr'>Habemus</span> <span class='ocrx_word' id='word_1_721' title='bbox 556 2864 746 2915; x_wconf 52' lang='lat' dir='ltr'>sanstionem</span> <span class='ocrx_word' id='word_1_722' title='bbox 759 2904 768 2911; x_wconf 28' lang='grc' dir='ltr'><strong>β</strong></span> <span class='ocrx_word' id='word_1_723' title='bbox 786 2869 928 2901; x_wconf 80' lang='lat' dir='ltr'>ustiniani</span> <span class='ocrx_word' id='word_1_724' title='bbox 948 2870 1146 2910; x_wconf 86' lang='lat' dir='ltr'>Imperatoris</span> <span class='ocrx_word' id='word_1_725' title='bbox 1166 2871 1231 2911; x_wconf 85' lang='lat' dir='ltr'>post</span> <span class='ocrx_word' id='word_1_726' title='bbox 1250 2870 1383 2911; x_wconf 73' lang='lat' dir='ltr'>eiusdem</span> <span class='ocrx_word' id='word_1_727' title='bbox 1403 2871 1554 2905; x_wconf 84' lang='lat' dir='ltr'>Novellas</span> <span class='ocrx_word' id='word_1_728' title='bbox 1575 2875 1734 2907; x_wconf 84' lang='lat' dir='ltr'>recitatam</span> <span class='ocrx_word' id='word_1_729' title='bbox 1754 2897 1764 2912; x_wconf 90' lang='lat'>‚</span> <span class='ocrx_word' id='word_1_730' title='bbox 1785 2886 1854 2915; x_wconf 83' lang='lat' dir='ltr'>quae</span> <span class='ocrx_word' id='word_1_731' title='bbox 1875 2878 1918 2909; x_wconf 84' lang='lat' dir='ltr'>ita</span> <span class='ocrx_word' id='word_1_732' title='bbox 1940 2878 2049 2920; x_wconf 88' lang='lat' dir='ltr'>incipit</span> <span class='ocrx_word' id='word_1_733' title='bbox 2067 2891 2076 2911; x_wconf 90' lang='lat'><strong>:</strong></span> 
     </span>
     <span class='ocr_line' id='line_1_57' title="bbox 291 2909 2077 2956; baseline 0.006 -17"><span class='ocrx_word' id='word_1_734' title='bbox 291 2911 354 2939; x_wconf 82' lang='lat' dir='ltr'>’Pro</span> <span class='ocrx_word' id='word_1_735' title='bbox 373 2909 626 2955; x_wconf 20' lang='lat' dir='ltr'>petitionehlfigiln</span> <span class='ocrx_word' id='word_1_736' title='bbox 646 2919 759 2940; x_wconf 75' lang='lat' dir='ltr'>venata</span> <span class='ocrx_word' id='word_1_737' title='bbox 777 2912 825 2942; x_wconf 85' lang='lat' dir='ltr'>ilis</span> <span class='ocrx_word' id='word_1_738' title='bbox 844 2915 1017 2951; x_wconf 77' lang='lat' dir='ltr'>antiquioris</span> <span class='ocrx_word' id='word_1_739' title='bbox 1038 2915 1133 2951; x_wconf 70' lang='lat' dir='ltr'>Roma</span> <span class='ocrx_word' id='word_1_740' title='bbox 1152 2913 1282 2953; x_wconf 80' lang='lat' dir='ltr'>Episcopi</span> <span class='ocrx_word' id='word_1_741' title='bbox 1309 2914 1438 2954; x_wconf 72' lang='lat' dir='ltr'>quadam</span> <span class='ocrx_word' id='word_1_742' title='bbox 1465 2914 1639 2954; x_wconf 71' lang='lat' dir='ltr'>disponenda</span> <span class='ocrx_word' id='word_1_743' title='bbox 1666 2917 1826 2956; x_wconf 85' lang='lat' dir='ltr'>censuimus</span> <span class='ocrx_word' id='word_1_744' title='bbox 1853 2919 1892 2948; x_wconf 84' lang='lat' dir='ltr'>ad</span> <span class='ocrx_word' id='word_1_745' title='bbox 1913 2921 2077 2951; x_wconf 75' lang='lat' dir='ltr'>utilitatem</span> 
     </span>
     <span class='ocr_line' id='line_1_58' title="bbox 295 2953 2077 2997; baseline 0.007 -17"><span class='ocrx_word' id='word_1_746' title='bbox 295 2958 429 2996; x_wconf 76' lang='lat' dir='ltr'>omniurn</span> <span class='ocrx_word' id='word_1_747' title='bbox 445 2954 646 2987; x_wconf 75' lang='lat' dir='ltr'>pertinentia,</span> <span class='ocrx_word' id='word_1_748' title='bbox 662 2953 714 2990; x_wconf 86' lang='lat' dir='ltr'>qui</span> <span class='ocrx_word' id='word_1_749' title='bbox 732 2960 782 2990; x_wconf 83' lang='lat' dir='ltr'>per</span> <span class='ocrx_word' id='word_1_750' title='bbox 803 2953 998 2984; x_wconf 67' lang='lat' dir='ltr'>accidentales</span> <span class='ocrx_word' id='word_1_751' title='bbox 1020 2961 1116 2993; x_wconf 77' lang='lat' dir='ltr'>partes</span> <span class='ocrx_word' id='word_1_752' title='bbox 1135 2953 1263 2992; x_wconf 75' lang='lat' dir='ltr'>habitare</span> <span class='ocrx_word' id='word_1_753' title='bbox 1283 2956 1444 2994; x_wconf 87' lang='lat' dir='ltr'>noscuntur</span> <span class='ocrx_word' id='word_1_754' title='bbox 1465 2957 1524 2987; x_wconf 60' lang='grc' dir='ltr'>δίε.</span> <span class='ocrx_word' id='word_1_755' title='bbox 1548 2954 1712 2997; x_wconf 78' lang='lat' dir='ltr'>subscripta</span> <span class='ocrx_word' id='word_1_756' title='bbox 1740 2957 1784 2989; x_wconf 90' lang='lat' dir='ltr'>est</span> <span class='ocrx_word' id='word_1_757' title='bbox 1803 2958 1951 2992; x_wconf 70' lang='lat' dir='ltr'>Sanfflo:</span> <span class='ocrx_word' id='word_1_758' title='bbox 1981 2962 2077 2993; x_wconf 79' lang='lat' dir='ltr'>Idibus</span> 
     </span>
     <span class='ocr_line' id='line_1_59' title="bbox 293 2989 2075 3043; baseline 0.008 -22"><span class='ocrx_word' id='word_1_759' title='bbox 293 2989 427 3035; x_wconf 71' lang='lat' dir='ltr'>.Augu[h</span> <span class='ocrx_word' id='word_1_760' title='bbox 446 2999 525 3020; x_wconf 76' lang='lat' dir='ltr'>anno</span> <span class='ocrx_word' id='word_1_761' title='bbox 545 2989 853 3035; x_wconf 61' lang='lat' dir='ltr'>justinianiXXVIlI.</span> <span class='ocrx_word' id='word_1_762' title='bbox 873 2994 944 3034; x_wconf 72' lang='lat' dir='ltr'>‘past</span> <span class='ocrx_word' id='word_1_763' title='bbox 962 2995 1078 3034; x_wconf 87' lang='lat' dir='ltr'>Consul.</span> <span class='ocrx_word' id='word_1_764' title='bbox 1098 2996 1198 3035; x_wconf 79' lang='lat' dir='ltr'>Bafilii</span> <span class='ocrx_word' id='word_1_765' title='bbox 1217 2999 1250 3028; x_wconf 91' lang='lat' dir='ltr'>V.</span> <span class='ocrx_word' id='word_1_766' title='bbox 1271 2999 1306 3028; x_wconf 84' lang='lat' dir='ltr'>C.</span> <span class='ocrx_word' id='word_1_767' title='bbox 1320 3007 1400 3027; x_wconf 71' lang='lat' dir='ltr'>anno</span> <span class='ocrx_word' id='word_1_768' title='bbox 1419 2999 1498 3028; x_wconf 89' lang='lat' dir='ltr'><em>XIII.</em></span> <span class='ocrx_word' id='word_1_769' title='bbox 1518 2995 1603 3037; x_wconf 86' lang='lat' dir='ltr'>Ergo</span> <span class='ocrx_word' id='word_1_770' title='bbox 1622 3008 1702 3030; x_wconf 85' lang='lat' dir='ltr'>anno</span> <span class='ocrx_word' id='word_1_771' title='bbox 1723 3006 1790 3040; x_wconf 85' lang='lat'>554.</span> <span class='ocrx_word' id='word_1_772' title='bbox 1810 3000 1910 3032; x_wconf 80' lang='lat' dir='ltr'>mense</span> <span class='ocrx_word' id='word_1_773' title='bbox 1932 3001 2075 3043; x_wconf 84' lang='lat' dir='ltr'>Augusto</span> 
     </span>
     <span class='ocr_line' id='line_1_60' title="bbox 286 3031 2074 3080; baseline 0.007 -18"><span class='ocrx_word' id='word_1_774' title='bbox 286 3031 484 3076; x_wconf 76' lang='lat' dir='ltr'>justinianus</span> <span class='ocrx_word' id='word_1_775' title='bbox 504 3040 605 3075; x_wconf 83' lang='lat' dir='ltr'>amico</span> <span class='ocrx_word' id='word_1_776' title='bbox 624 3040 688 3064; x_wconf 88' lang='lat' dir='ltr'>erat</span> <span class='ocrx_word' id='word_1_777' title='bbox 707 3043 779 3074; x_wconf 88' lang='lat' dir='ltr'>erga</span> <span class='ocrx_word' id='word_1_778' title='bbox 799 3033 954 3069; x_wconf 44' lang='lat' dir='ltr'>Vistilium</span> <span class='ocrx_word' id='word_1_779' title='bbox 973 3035 1101 3075; x_wconf 90' lang='lat' dir='ltr'>animo,</span> <span class='ocrx_word' id='word_1_780' title='bbox 1122 3037 1153 3069; x_wconf 87' lang='lat' dir='ltr'>in</span> <span class='ocrx_word' id='word_1_781' title='bbox 1171 3038 1261 3077; x_wconf 24' lang='lat' dir='ltr'>cuius,</span> <span class='ocrx_word' id='word_1_782' title='bbox 1275 3039 1407 3078; x_wconf 82' lang='lat' dir='ltr'>gratiam</span> <span class='ocrx_word' id='word_1_783' title='bbox 1425 3038 1555 3078; x_wconf 87' lang='lat' dir='ltr'>plurima</span> <span class='ocrx_word' id='word_1_784' title='bbox 1576 3038 1727 3072; x_wconf 85' lang='lat' dir='ltr'>Romanis</span> <span class='ocrx_word' id='word_1_785' title='bbox 1748 3040 1814 3080; x_wconf 84' lang='lat' dir='ltr'>post</span> <span class='ocrx_word' id='word_1_786' title='bbox 1831 3040 1959 3074; x_wconf 86' lang='lat' dir='ltr'>Gothos</span> <span class='ocrx_word' id='word_1_787' title='bbox 1979 3043 2074 3075; x_wconf 80' lang='lat' dir='ltr'>Italia</span> 
     </span>
     <span class='ocr_line' id='line_1_61' title="bbox 295 3058 2075 3123; baseline 0.006 -19"><span class='ocrx_word' id='word_1_788' title='bbox 295 3070 422 3119; x_wconf 61' lang='lat' dir='ltr'>cxacstos</span> <span class='ocrx_word' id='word_1_789' title='bbox 444 3070 635 3119; x_wconf 67' lang='lat' dir='ltr'>libentissime</span> <span class='ocrx_word' id='word_1_790' title='bbox 655 3075 815 3123; x_wconf 70' lang='lat' dir='ltr'>concessit.</span> <span class='ocrx_word' id='word_1_791' title='bbox 837 3058 986 3110; x_wconf 70' lang='lat' dir='ltr'>13r0fctto</span> <span class='ocrx_word' id='word_1_792' title='bbox 1006 3078 1038 3108; x_wconf 86' lang='lat' dir='ltr'>in</span> <span class='ocrx_word' id='word_1_793' title='bbox 1058 3088 1095 3109; x_wconf 82' lang='lat' dir='ltr'>ca</span> <span class='ocrx_word' id='word_1_794' title='bbox 1115 3077 1277 3111; x_wconf 66' lang='lat' dir='ltr'>Sanetione</span> <span class='ocrx_word' id='word_1_795' title='bbox 1298 3089 1361 3118; x_wconf 81' lang='lat' dir='ltr'>cap.</span> <span class='ocrx_word' id='word_1_796' title='bbox 1374 3088 1420 3117; x_wconf 89' lang='lat'>19.</span> <span class='ocrx_word' id='word_1_797' title='bbox 1442 3079 1485 3110; x_wconf 82' lang='lat' dir='ltr'>ait</span> <span class='ocrx_word' id='word_1_798' title='bbox 1510 3091 1518 3111; x_wconf 82' lang='lat' dir='ltr'>z</span> <span class='ocrx_word' id='word_1_799' title='bbox 1539 3079 1675 3118; x_wconf 72' lang='lat' dir='ltr'>Jubemus</span> <span class='ocrx_word' id='word_1_800' title='bbox 1696 3084 1728 3111; x_wconf 88' lang='lat' dir='ltr'>in</span> <span class='ocrx_word' id='word_1_801' title='bbox 1749 3083 1810 3113; x_wconf 88' lang='lat' dir='ltr'>illis</span> <span class='ocrx_word' id='word_1_802' title='bbox 1829 3084 1973 3123; x_wconf 72' lang='lat' dir='ltr'>mensuris</span> <span class='ocrx_word' id='word_1_803' title='bbox 1993 3107 2002 3122; x_wconf 91' lang='lat'><em>‚</em></span> <span class='ocrx_word' id='word_1_804' title='bbox 2024 3086 2075 3115; x_wconf 76' lang='lat' dir='ltr'>vel</span> 
     </span>
     <span class='ocr_line' id='line_1_62' title="bbox 294 3112 2075 3163; baseline 0.007 -20"><span class='ocrx_word' id='word_1_805' title='bbox 294 3113 463 3161; x_wconf 56' lang='lat' dir='ltr'>ponderibus</span> <span class='ocrx_word' id='word_1_806' title='bbox 476 3112 600 3161; x_wconf 73' lang='lat' dir='ltr'>species,</span> <span class='ocrx_word' id='word_1_807' title='bbox 619 3116 671 3144; x_wconf 84' lang='lat' dir='ltr'>vel</span> <span class='ocrx_word' id='word_1_808' title='bbox 681 3123 818 3154; x_wconf 82' lang='lat' dir='ltr'>pecunias</span> <span class='ocrx_word' id='word_1_809' title='bbox 835 3118 919 3155; x_wconf 78' lang='lat' dir='ltr'>dari,</span> <span class='ocrx_word' id='word_1_810' title='bbox 938 3120 990 3150; x_wconf 84' lang='lat' dir='ltr'>vel</span> <span class='ocrx_word' id='word_1_811' title='bbox 1001 3119 1110 3158; x_wconf 74' lang='lat' dir='ltr'>sufiipi</span> <span class='ocrx_word' id='word_1_812' title='bbox 1128 3141 1139 3157; x_wconf 92' lang='lat'>,</span> <span class='ocrx_word' id='word_1_813' title='bbox 1160 3130 1221 3159; x_wconf 80' lang='lat' dir='ltr'>quae</span> <span class='ocrx_word' id='word_1_814' title='bbox 1241 3120 1396 3159; x_wconf 80' lang='lat' dir='ltr'>beatiffimo</span> <span class='ocrx_word' id='word_1_815' title='bbox 1417 3122 1507 3158; x_wconf 74' lang='lat' dir='ltr'>‘Papae</span> <span class='ocrx_word' id='word_1_816' title='bbox 1525 3141 1535 3157; x_wconf 87' lang='lat'>,</span> <span class='ocrx_word' id='word_1_817' title='bbox 1555 3122 1605 3152; x_wconf 86' lang='lat' dir='ltr'>vel</span> <span class='ocrx_word' id='word_1_818' title='bbox 1626 3123 1814 3163; x_wconf 68' lang='lat' dir='ltr'>⁸Ampeliffimo</span> <span class='ocrx_word' id='word_1_819' title='bbox 1834 3125 1959 3156; x_wconf 77' lang='lat' dir='ltr'>Senatui</span> <span class='ocrx_word' id='word_1_820' title='bbox 1978 3125 2075 3162; x_wconf 64' lang='lat' dir='ltr'>nolim</span> 
     </span>
     <span class='ocr_line' id='line_1_63' title="bbox 294 3154 2075 3206; baseline 0.008 -21"><span class='ocrx_word' id='word_1_821' title='bbox 294 3162 390 3195; x_wconf 75' lang='lat' dir='ltr'>pietas</span> <span class='ocrx_word' id='word_1_822' title='bbox 410 3164 441 3184; x_wconf 80' lang='lat' dir='ltr'>in</span> <span class='ocrx_word' id='word_1_823' title='bbox 460 3154 592 3200; x_wconf 70' lang='lat' dir='ltr'>praefinti</span> <span class='ocrx_word' id='word_1_824' title='bbox 613 3156 751 3189; x_wconf 77' lang='lat' dir='ltr'>tradidit.</span> <span class='ocrx_word' id='word_1_825' title='bbox 773 3157 880 3199; x_wconf 86' lang='lat' dir='ltr'>Itaque</span> <span class='ocrx_word' id='word_1_826' title='bbox 900 3167 965 3191; x_wconf 87' lang='lat' dir='ltr'>tum</span> <span class='ocrx_word' id='word_1_827' title='bbox 984 3161 1130 3200; x_wconf 88' lang='lat' dir='ltr'>temporis</span> <span class='ocrx_word' id='word_1_828' title='bbox 1151 3160 1289 3201; x_wconf 84' lang='lat' dir='ltr'>Vigilius</span> <span class='ocrx_word' id='word_1_829' title='bbox 1310 3158 1438 3199; x_wconf 83' lang='lat' dir='ltr'>prael&#39;ens</span> <span class='ocrx_word' id='word_1_830' title='bbox 1457 3160 1562 3193; x_wconf 85' lang='lat' dir='ltr'>aderat</span> <span class='ocrx_word' id='word_1_831' title='bbox 1591 3161 1797 3197; x_wconf 82' lang='lat' dir='ltr'>Constantino</span> <span class='ocrx_word' id='word_1_832' title='bbox 1844 3166 1864 3197; x_wconf 83' lang='lat' dir='ltr'>li</span> <span class='ocrx_word' id='word_1_833' title='bbox 1898 3162 2075 3206; x_wconf 85' lang='lat' dir='ltr'>propediem</span> 
     </span>
     <span class='ocr_line' id='line_1_64' title="bbox 297 3175 2075 3246; baseline 0.007 -20"><span class='ocrx_word' id='word_1_834' title='bbox 297 3203 444 3240; x_wconf 79' lang='lat' dir='ltr'>venturus</span> <span class='ocrx_word' id='word_1_835' title='bbox 467 3195 662 3239; x_wconf 52' lang='lat' dir='ltr'>instabam,</span> <span class='ocrx_word' id='word_1_836' title='bbox 682 3196 816 3230; x_wconf 79' lang='lat' dir='ltr'>deferens</span> <span class='ocrx_word' id='word_1_837' title='bbox 838 3198 935 3232; x_wconf 81' lang='lat' dir='ltr'>lecum</span> <span class='ocrx_word' id='word_1_838' title='bbox 956 3200 1107 3233; x_wconf 85' lang='lat' dir='ltr'>mensuras</span> <span class='ocrx_word' id='word_1_839' title='bbox 1121 3224 1131 3238; x_wconf 91' lang='lat'>,</span> <span class='ocrx_word' id='word_1_840' title='bbox 1152 3201 1190 3234; x_wconf 86' lang='lat' dir='ltr'>ad</span> <span class='ocrx_word' id='word_1_841' title='bbox 1211 3212 1341 3242; x_wconf 80' lang='lat' dir='ltr'>quarum</span> <span class='ocrx_word' id='word_1_842' title='bbox 1360 3211 1499 3233; x_wconf 89' lang='lat' dir='ltr'>normam</span> <span class='ocrx_word' id='word_1_843' title='bbox 1519 3201 1591 3235; x_wconf 84' lang='lat' dir='ltr'>Itali</span> <span class='ocrx_word' id='word_1_844' title='bbox 1612 3175 1854 3239; x_wconf 54' lang='lat' dir='ltr'>Gothorumpfo</span> <span class='ocrx_word' id='word_1_845' title='bbox 1878 3206 1974 3246; x_wconf 86' lang='lat' dir='ltr'>usque</span> <span class='ocrx_word' id='word_1_846' title='bbox 2015 3217 2075 3238; x_wconf 90' lang='lat' dir='ltr'>on-</span> 
     </span>
     <span class='ocr_line' id='line_1_65' title="bbox 297 3217 2075 3288; baseline 0.006 -20"><span class='ocrx_word' id='word_1_847' title='bbox 297 3234 418 3282; x_wconf 66' lang='lat' dir='ltr'>deribus</span> <span class='ocrx_word' id='word_1_848' title='bbox 439 3233 481 3266; x_wconf 80' lang='lat' dir='ltr'>usi</span> <span class='ocrx_word' id='word_1_849' title='bbox 497 3235 526 3267; x_wconf 83' lang='lat' dir='ltr'>se</span> <span class='ocrx_word' id='word_1_850' title='bbox 546 3235 792 3284; x_wconf 65' lang='lat' dir='ltr'>conformarent.</span> <span class='ocrx_word' id='word_1_851' title='bbox 811 3239 898 3285; x_wconf 84' lang='lat' dir='ltr'>Qiis</span> <span class='ocrx_word' id='word_1_852' title='bbox 917 3242 999 3287; x_wconf 77' lang='lat' dir='ltr'>enim</span> <span class='ocrx_word' id='word_1_853' title='bbox 1019 3242 1128 3274; x_wconf 87' lang='lat' dir='ltr'>dixerit</span> <span class='ocrx_word' id='word_1_854' title='bbox 1147 3242 1303 3275; x_wconf 82' lang='lat' dir='ltr'>mensuras</span> <span class='ocrx_word' id='word_1_855' title='bbox 1323 3242 1392 3287; x_wconf 80' lang='lat' dir='ltr'>illas</span> <span class='ocrx_word' id='word_1_856' title='bbox 1412 3240 1498 3274; x_wconf 80' lang='lat' dir='ltr'>fuiffe</span> <span class='ocrx_word' id='word_1_857' title='bbox 1519 3251 1592 3275; x_wconf 88' lang='lat' dir='ltr'>tunc</span> <span class='ocrx_word' id='word_1_858' title='bbox 1612 3242 1630 3277; x_wconf 73' lang='grc' dir='ltr'>ὲ</span> <span class='ocrx_word' id='word_1_859' title='bbox 1644 3244 1821 3288; x_wconf 86' lang='lat' dir='ltr'>Justiniano</span> <span class='ocrx_word' id='word_1_860' title='bbox 1842 3246 1940 3279; x_wconf 72' lang='lat' dir='ltr'>miiffis</span> <span class='ocrx_word' id='word_1_861' title='bbox 1960 3217 2014 3279; x_wconf 76' lang='lat' dir='ltr'>adp</span> <span class='ocrx_word' id='word_1_862' title='bbox 2011 3247 2075 3280; x_wconf 95' lang='lat' dir='ltr'>Vi-</span> 
     </span>
     <span class='ocr_line' id='line_1_66' title="bbox 297 3276 2074 3328; baseline 0.006 -16"><span class='ocrx_word' id='word_1_863' title='bbox 297 3277 408 3318; x_wconf 65' lang='lat' dir='ltr'>gillum</span> <span class='ocrx_word' id='word_1_864' title='bbox 429 3276 535 3316; x_wconf 77' lang='lat' dir='ltr'>procul</span> <span class='ocrx_word' id='word_1_865' title='bbox 554 3278 730 3310; x_wconf 77' lang='lat' dir='ltr'>exulantem</span> <span class='ocrx_word' id='word_1_866' title='bbox 750 3290 783 3325; x_wconf 70' lang='lat' dir='ltr'>ln</span> <span class='ocrx_word' id='word_1_867' title='bbox 802 3279 995 3320; x_wconf 77' lang='lat' dir='ltr'>Proconeio,</span> <span class='ocrx_word' id='word_1_868' title='bbox 1015 3294 1146 3323; x_wconf 90' lang='lat' dir='ltr'>eumque</span> <span class='ocrx_word' id='word_1_869' title='bbox 1166 3284 1197 3315; x_wconf 89' lang='lat' dir='ltr'>in</span> <span class='ocrx_word' id='word_1_870' title='bbox 1217 3284 1303 3315; x_wconf 84' lang='lat' dir='ltr'>exilii</span> <span class='ocrx_word' id='word_1_871' title='bbox 1325 3283 1452 3315; x_wconf 81' lang='lat' dir='ltr'>miseriis</span> <span class='ocrx_word' id='word_1_872' title='bbox 1472 3282 1673 3318; x_wconf 79' lang='lat' dir='ltr'>beatiffimum</span> <span class='ocrx_word' id='word_1_873' title='bbox 1692 3296 1897 3328; x_wconf 83' lang='lat' dir='ltr'>nuncupatum</span> <span class='ocrx_word' id='word_1_874' title='bbox 1915 3289 1929 3320; x_wconf 91' lang='lat'>?</span> <span class='ocrx_word' id='word_1_875' title='bbox 1959 3289 2074 3323; x_wconf 84' lang='lat' dir='ltr'>Praete-</span> 
     </span>
     <span class='ocr_line' id='line_1_67' title="bbox 300 3316 2075 3371; baseline 0.007 -21"><span class='ocrx_word' id='word_1_876' title='bbox 300 3328 351 3350; x_wconf 81' lang='lat' dir='ltr'>rea</span> <span class='ocrx_word' id='word_1_877' title='bbox 372 3316 518 3355; x_wconf 74' lang='lat' dir='ltr'>habemus</span> <span class='ocrx_word' id='word_1_878' title='bbox 537 3327 600 3352; x_wconf 88' lang='lat' dir='ltr'>non</span> <span class='ocrx_word' id='word_1_879' title='bbox 620 3329 732 3358; x_wconf 81' lang='lat' dir='ltr'>unam,</span> <span class='ocrx_word' id='word_1_880' title='bbox 753 3320 802 3353; x_wconf 86' lang='lat' dir='ltr'>{ed</span> <span class='ocrx_word' id='word_1_881' title='bbox 821 3322 921 3361; x_wconf 86' lang='lat' dir='ltr'>plures</span> <span class='ocrx_word' id='word_1_882' title='bbox 941 3323 1093 3362; x_wconf 78' lang='lat' dir='ltr'>Epistolas</span> <span class='ocrx_word' id='word_1_883' title='bbox 1114 3323 1231 3365; x_wconf 84' lang='lat' dir='ltr'>Pelagii</span> <span class='ocrx_word' id='word_1_884' title='bbox 1243 3324 1354 3365; x_wconf 84' lang='lat' dir='ltr'>Vigilii</span> <span class='ocrx_word' id='word_1_885' title='bbox 1366 3323 1532 3357; x_wconf 77' lang='lat' dir='ltr'>successoris</span> <span class='ocrx_word' id='word_1_886' title='bbox 1552 3326 1590 3358; x_wconf 88' lang='lat' dir='ltr'>ad</span> <span class='ocrx_word' id='word_1_887' title='bbox 1610 3327 1846 3360; x_wconf 82' lang='lat' dir='ltr'>childebertum</span> <span class='ocrx_word' id='word_1_888' title='bbox 1867 3339 1966 3371; x_wconf 87' lang='lat' dir='ltr'>regem</span> <span class='ocrx_word' id='word_1_889' title='bbox 1976 3329 2075 3362; x_wconf 83' lang='lat' dir='ltr'>Fran-</span> 
     </span>
     <span class='ocr_line' id='line_1_68' title="bbox 299 3359 2074 3412; baseline 0.007 -22"><span class='ocrx_word' id='word_1_890' title='bbox 299 3368 426 3397; x_wconf 82' lang='lat' dir='ltr'>corum,</span> <span class='ocrx_word' id='word_1_891' title='bbox 446 3369 483 3391; x_wconf 86' lang='lat' dir='ltr'>ac</span> <span class='ocrx_word' id='word_1_892' title='bbox 503 3359 672 3406; x_wconf 79' lang='lat' dir='ltr'>Sepauduin</span> <span class='ocrx_word' id='word_1_893' title='bbox 683 3361 918 3409; x_wconf 68' lang='lat' dir='ltr'>Arelatenscm,</span> <span class='ocrx_word' id='word_1_894' title='bbox 939 3363 977 3396; x_wconf 91' lang='lat' dir='ltr'>ad</span> <span class='ocrx_word' id='word_1_895' title='bbox 997 3363 1162 3404; x_wconf 83' lang='lat' dir='ltr'>Episcopos</span> <span class='ocrx_word' id='word_1_896' title='bbox 1172 3364 1314 3403; x_wconf 73' lang='lat' dir='ltr'>Tusciae,</span> <span class='ocrx_word' id='word_1_897' title='bbox 1335 3376 1406 3406; x_wconf 89' lang='lat' dir='ltr'>quae</span> <span class='ocrx_word' id='word_1_898' title='bbox 1426 3365 1504 3399; x_wconf 84' lang='lat' dir='ltr'>datae</span> <span class='ocrx_word' id='word_1_899' title='bbox 1524 3365 1593 3399; x_wconf 90' lang='lat' dir='ltr'>sunt</span> <span class='ocrx_word' id='word_1_900' title='bbox 1612 3367 1682 3404; x_wconf 70' lang='lat' dir='ltr'>‘Poll</span> <span class='ocrx_word' id='word_1_901' title='bbox 1693 3370 1883 3408; x_wconf 75' lang='lat' dir='ltr'>Consulatum</span> <span class='ocrx_word' id='word_1_902' title='bbox 1894 3371 1996 3412; x_wconf 77' lang='lat' dir='ltr'>Basilii</span> <span class='ocrx_word' id='word_1_903' title='bbox 2015 3373 2074 3403; x_wconf 84' lang='lat' dir='ltr'>XV.</span> 
     </span>
     <span class='ocr_line' id='line_1_69' title="bbox 304 3400 2075 3474; baseline 0.006 -42"><span class='ocrx_word' id='word_1_904' title='bbox 304 3408 386 3432; x_wconf 80' lang='lat' dir='ltr'>anno</span> <span class='ocrx_word' id='word_1_905' title='bbox 406 3401 475 3474; x_wconf 43' lang='grc' dir='ltr'>ῗςό.</span> <span class='ocrx_word' id='word_1_906' title='bbox 495 3400 640 3447; x_wconf 78' lang='lat' dir='ltr'>Longum</span> <span class='ocrx_word' id='word_1_907' title='bbox 661 3411 753 3443; x_wconf 82' lang='lat' dir='ltr'>igitur</span> <span class='ocrx_word' id='word_1_908' title='bbox 774 3403 850 3436; x_wconf 84' lang='lat' dir='ltr'>illud</span> <span class='ocrx_word' id='word_1_909' title='bbox 870 3403 982 3445; x_wconf 84' lang='lat' dir='ltr'>Vigilii</span> <span class='ocrx_word' id='word_1_910' title='bbox 1001 3406 1129 3439; x_wconf 86' lang='lat' dir='ltr'>exilium</span> <span class='ocrx_word' id='word_1_911' title='bbox 1150 3406 1255 3439; x_wconf 73' lang='lat' dir='ltr'>fictum</span> <span class='ocrx_word' id='word_1_912' title='bbox 1275 3407 1340 3445; x_wconf 87' lang='lat' dir='ltr'>est,</span> <span class='ocrx_word' id='word_1_913' title='bbox 1360 3417 1431 3439; x_wconf 88' lang='lat' dir='ltr'>nam</span> <span class='ocrx_word' id='word_1_914' title='bbox 1452 3416 1522 3440; x_wconf 85' lang='lat' dir='ltr'>ante</span> <span class='ocrx_word' id='word_1_915' title='bbox 1542 3419 1588 3440; x_wconf 84' lang='lat' dir='ltr'>an.</span> <span class='ocrx_word' id='word_1_916' title='bbox 1601 3410 1669 3450; x_wconf 83' lang='lat'>556.</span> <span class='ocrx_word' id='word_1_917' title='bbox 1691 3409 1761 3442; x_wconf 78' lang='lat' dir='ltr'>fatis</span> <span class='ocrx_word' id='word_1_918' title='bbox 1780 3411 1980 3445; x_wconf 78' lang='lat' dir='ltr'>concesserat.</span> <span class='ocrx_word' id='word_1_919' title='bbox 2002 3413 2075 3445; x_wconf 86' lang='lat' dir='ltr'>Tu-</span> 
     </span>
     <span class='ocr_line' id='line_1_70' title="bbox 303 3441 2077 3492; baseline 0.008 -21"><span class='ocrx_word' id='word_1_920' title='bbox 303 3448 442 3486; x_wconf 72' lang='lat' dir='ltr'>nonenis</span> <span class='ocrx_word' id='word_1_921' title='bbox 462 3441 641 3487; x_wconf 82' lang='lat' dir='ltr'>Chronicon</span> <span class='ocrx_word' id='word_1_922' title='bbox 661 3465 671 3481; x_wconf 90' lang='lat'>,</span> <span class='ocrx_word' id='word_1_923' title='bbox 691 3443 777 3490; x_wconf 82' lang='lat' dir='ltr'>quod</span> <span class='ocrx_word' id='word_1_924' title='bbox 796 3444 1004 3492; x_wconf 38' lang='lat' dir='ltr'>adoriri-orum</span> <span class='ocrx_word' id='word_1_925' title='bbox 1024 3445 1263 3487; x_wconf 82' lang='lat' dir='ltr'>designationem</span> <span class='ocrx_word' id='word_1_926' title='bbox 1282 3448 1408 3488; x_wconf 85' lang='lat' dir='ltr'>pertinet</span> <span class='ocrx_word' id='word_1_927' title='bbox 1426 3471 1435 3486; x_wconf 85' lang='lat'><strong>‚</strong></span> <span class='ocrx_word' id='word_1_928' title='bbox 1464 3450 1586 3489; x_wconf 83' lang='lat' dir='ltr'>plenum</span> <span class='ocrx_word' id='word_1_929' title='bbox 1606 3450 1721 3482; x_wconf 86' lang='lat' dir='ltr'>mendis</span> <span class='ocrx_word' id='word_1_930' title='bbox 1741 3451 1785 3484; x_wconf 89' lang='lat' dir='ltr'>est</span> <span class='ocrx_word' id='word_1_931' title='bbox 1802 3474 1812 3490; x_wconf 92' lang='lat'>‚</span> <span class='ocrx_word' id='word_1_932' title='bbox 1832 3463 1893 3485; x_wconf 91' lang='lat' dir='ltr'>non</span> <span class='ocrx_word' id='word_1_933' title='bbox 1915 3453 2077 3491; x_wconf 67' lang='lat' dir='ltr'>Victoris,</span> 
     </span>
    </p>

    <p class='ocr_par' dir='ltr' id='par_1_9' title="bbox 304 3480 1894 3534">
     <span class='ocr_line' id='line_1_71' title="bbox 304 3480 1894 3534; baseline 0.008 -20"><span class='ocrx_word' id='word_1_934' title='bbox 304 3486 340 3514; x_wconf 84' lang='lat' dir='ltr'>ut</span> <span class='ocrx_word' id='word_1_935' title='bbox 360 3480 509 3521; x_wconf 82' lang='lat' dir='ltr'>arbitror,</span> <span class='ocrx_word' id='word_1_936' title='bbox 529 3482 579 3515; x_wconf 88' lang='lat' dir='ltr'>sed</span> <span class='ocrx_word' id='word_1_937' title='bbox 597 3493 784 3527; x_wconf 84' lang='lat' dir='ltr'>corruptoris</span> <span class='ocrx_word' id='word_1_938' title='bbox 803 3488 969 3528; x_wconf 70' lang='lat' dir='ltr'>cujuspiam</span> <span class='ocrx_word' id='word_1_939' title='bbox 988 3489 1176 3530; x_wconf 81' lang='lat' dir='ltr'>ignorantia.</span> <span class='ocrx_word' id='word_1_940' title='bbox 1197 3490 1289 3531; x_wconf 74' lang='lat' dir='ltr'>Naris</span> <span class='ocrx_word' id='word_1_941' title='bbox 1310 3493 1342 3521; x_wconf 83' lang='lat' dir='ltr'>in</span> <span class='ocrx_word' id='word_1_942' title='bbox 1362 3490 1478 3532; x_wconf 73' lang='lat' dir='ltr'>Differt.</span> <span class='ocrx_word' id='word_1_943' title='bbox 1498 3490 1531 3522; x_wconf 83' lang='lat' dir='ltr'>de</span> <span class='ocrx_word' id='word_1_944' title='bbox 1551 3492 1583 3524; x_wconf 86' lang='lat' dir='ltr'>V.</span> <span class='ocrx_word' id='word_1_945' title='bbox 1603 3492 1714 3533; x_wconf 78' lang='lat' dir='ltr'>Synodo</span> <span class='ocrx_word' id='word_1_946' title='bbox 1734 3495 1802 3534; x_wconf 76' lang='lat' dir='ltr'>Cap.</span> <span class='ocrx_word' id='word_1_947' title='bbox 1821 3496 1894 3526; x_wconf 80' lang='lat' dir='ltr'>Vm.</span> 
     </span>
    </p>
   </div>
   <div class='ocr_carea' id='block_1_8' title="bbox 1840 3208 1847 3215">
    <p class='ocr_par' dir='ltr' id='par_1_10' title="bbox 1840 3208 1847 3215">
     <span class='ocr_line' id='line_1_72' title="bbox 1840 3208 1847 3215; baseline 0 0"><span class='ocrx_word' id='word_1_948' title='bbox 1840 3208 1847 3215; x_wconf 59' lang='lat' dir='ltr'>x</span> 
     </span>
    </p>
   </div>
  </div>
 </body>
</html>
